date,time,tick_price,volume,open_interest
20231128,09:34:17,48.9,50,450
20231128,09:34:24,48.9,50,450
20231128,09:34:38,48.7,50,450
20231128,09:34:46,48.7,50,450
20231128,09:35:00,48.7,50,450
20231128,09:35:58,48.7,200,450
20231128,11:13:06,46.35,200,450
20231128,11:15:16,46.3,150,550
20231128,11:21:33,46.1,150,700
20231229,09:17:00,1.55,1,850
20231229,09:17:00,1.55,100,850
20231229,09:18:22,2.4,100,850
20231229,09:19:00,2.4,50,850
20231229,09:20:47,2.15,550,900
20231229,09:20:59,1.6,50,900
20231229,09:21:01,1.6,550,900
20231229,09:21:02,1.75,2350,900
20231229,09:22:07,1.75,50,900
20231229,09:23:16,1.75,250,3050
20231229,09:23:22,1.75,50,3050
20231229,09:23:25,1.6,50,3050
20231229,09:23:46,1.75,150,3050
20231229,09:32:53,1.6,50,3050
20231229,09:36:05,1.65,50,3000
20231229,09:36:07,1.65,50,3000
20231229,09:36:08,1.65,50,3000
20231229,09:36:09,1.65,50,3000
20231229,09:36:18,1.65,350,3000
20231229,09:37:33,1.65,50,3000
20231229,09:39:33,1.6,50,2750
20231229,09:39:57,1.6,150,2750
20231229,09:40:00,1.6,50,2750
20231229,09:40:03,1.6,50,2750
20231229,09:40:07,1.6,250,2750
20231229,09:43:06,1.55,500,2550
20231229,09:43:11,1.55,700,2550
20231229,09:43:31,1.55,100,2550
20231229,09:43:31,1.55,250,2550
20231229,09:43:41,1.45,150,2550
20231229,09:43:52,1.45,750,2550
20231229,09:44:41,1.4,650,3900
20231229,09:45:19,1.4,150,3900
20231229,09:45:20,1.4,350,3900
20231229,09:46:13,1.35,50,3900
20231229,09:46:21,1.35,650,3900
20231229,09:46:31,1.35,300,3900
20231229,09:46:33,1.35,50,3900
20231229,09:46:34,1.35,400,3900
20231229,09:46:45,1.3,250,3900
20231229,09:47:02,1.3,250,3900
20231229,09:47:06,1.3,350,3900
20231229,09:47:47,1.3,250,3900
20231229,09:49:07,1.3,250,4000
20231229,09:50:04,1.4,50,4000
20231229,09:50:09,1.4,50,4000
20231229,09:51:00,1.35,100,4000
20231229,09:51:54,1.25,50,4100
20231229,09:53:01,1.25,50,4100
20231229,09:53:10,1.25,100,4100
20231229,09:53:30,1.3,250,4000
20231229,09:53:32,1.3,50,4000
20231229,09:53:50,1.3,50,4000
20231229,09:55:45,1.25,950,4000
20231229,09:56:01,1.2,250,4000
20231229,09:56:04,1.2,950,4000
20231229,09:56:24,1.2,50,4000
20231229,09:56:48,1.15,200,5200
20231229,09:57:53,1.15,900,5200
20231229,09:59:01,1.1,100,5200
20231229,09:59:55,1.1,250,5200
20231229,09:59:56,1.1,150,5400
20231229,10:00:27,1.25,350,5400
20231229,10:00:41,1.2,300,5400
20231229,10:01:01,1.25,50,5400
20231229,10:01:13,1.25,50,5400
20231229,10:01:15,1.25,50,5400
20231229,10:13:33,1.25,100,5400
20231229,10:17:11,1.3,50,5200
20231229,10:18:08,1.3,100,5200
20231229,10:20:11,1.35,50,5200
20231229,10:22:20,1.15,300,5200
20231229,10:22:30,1.1,4500,5200
20231229,10:22:32,1.1,50,5200
20231229,10:22:33,1.1,50,5200
20231229,10:22:42,1.1,500,5200
20231229,10:22:55,1.1,300,5200
20231229,10:23:46,1.1,100,6650
20231229,10:23:47,1.1,50,6650
20231229,10:23:48,1.1,50,6650
20231229,10:23:57,1.1,100,6650
20231229,10:24:18,1.15,50,6650
20231229,10:24:31,1.15,50,6650
20231229,10:24:51,1.15,50,6650
20231229,10:25:51,1.2,50,6650
20231229,10:26:05,1.2,200,6650
20231229,10:26:18,1.35,1200,6800
20231229,10:26:23,1.25,250,6800
20231229,10:26:37,1.25,250,6800
20231229,10:26:47,1.3,100,6800
20231229,10:26:58,1.25,50,6800
20231229,10:27:09,1.3,350,6800
20231229,10:27:09,1.45,1950,6800
20231229,10:29:08,1.3,100,6800
20231229,10:32:12,1.3,550,7750
20231229,10:32:16,1.25,50,8300
20231229,10:32:17,1.3,50,8300
20231229,10:32:29,1.3,100,8300
20231229,10:32:30,1.3,300,8300
20231229,10:34:08,1.35,100,8300
20231229,10:35:13,1.35,1400,8300
20231229,10:37:36,1.45,2050,8300
20231229,10:38:26,1.6,500,10450
20231229,10:39:07,1.4,50,10450
20231229,10:39:14,1.6,250,10450
20231229,10:40:00,1.6,50,10450
20231229,10:40:02,1.5,50,10450
20231229,10:41:10,1.45,50,10450
20231229,10:41:40,1.45,50,10450
20231229,10:43:11,1.6,1050,10400
20231229,10:43:15,1.5,150,10400
20231229,10:43:36,1.5,100,10400
20231229,10:44:08,1.5,50,10400
20231229,10:46:51,1.5,50,10400
20231229,10:49:37,1.6,250,11050
20231229,10:49:38,1.4,50,11050
20231229,10:49:58,1.4,50,11050
20231229,10:51:41,1.4,50,11050
20231229,10:54:19,1.4,50,10900
20231229,10:56:33,1.4,50,10850
20231229,11:02:05,1.5,50,10800
20231229,11:02:11,1.45,200,10800
20231229,11:02:48,1.4,200,11000
20231229,11:11:51,1.3,50,11000
20231229,11:12:23,1.4,50,11200
20231229,11:19:22,1.3,100,11200
20231229,11:21:05,1.25,50,11200
20231229,11:22:02,1.3,200,11200
20231229,11:23:17,1.25,50,11200
20231229,11:28:54,1.3,250,11200
20231229,11:29:08,1.3,100,11050
20231229,11:42:07,1.35,250,11050
20231229,11:42:16,1.35,150,11000
20231229,11:45:25,1.45,100,11000
20231229,11:56:51,1.25,50,11400
20231229,12:21:46,1.4,50,11450
20231229,12:21:53,1.45,600,11450
20231229,12:22:28,1.5,200,11450
20231229,12:24:16,1.4,100,11450
20231229,12:24:16,1.4,50,11400
20231229,12:27:14,1.55,50,11400
20231229,12:27:19,1.5,50,11450
20231229,12:27:26,1.5,50,11450
20231229,12:28:55,1.4,250,11450
20231229,12:30:28,1.35,200,11450
20231229,12:30:29,1.35,50,11700
20231229,12:30:35,1.4,50,11700
20231229,12:30:37,1.4,50,11700
20231229,12:43:00,1.35,450,11700
20231229,12:43:09,1.3,50,11850
20231229,12:43:10,1.3,100,11850
20231229,12:43:11,1.3,100,11850
20231229,12:43:12,1.3,50,11850
20231229,12:43:20,1.4,50,11850
20231229,12:43:22,1.4,50,11850
20231229,12:43:26,1.3,50,11850
20231229,12:43:27,1.3,50,11850
20231229,12:47:21,1.35,50,12050
20231229,12:47:37,1.35,50,12100
20231229,12:48:04,1.35,100,12100
20231229,12:52:07,1.45,50,12100
20231229,13:03:12,1.35,200,12150
20231229,13:04:00,1.35,100,12150
20231229,13:05:42,1.45,50,12050
20231229,13:39:10,1.4,100,12050
20231229,13:40:07,1.35,100,12100
20231229,13:52:01,1.45,200,12100
20231229,13:52:03,1.45,100,12000
20231229,13:52:07,1.4,50,12000
20231229,13:52:15,1.5,950,12000
20231229,13:52:29,1.45,50,12000
20231229,13:52:32,1.55,800,12000
20231229,13:53:29,1.5,600,12000
20231229,13:53:32,1.5,50,12000
20231229,13:53:33,1.55,450,12000
20231229,13:53:34,1.55,2050,12000
20231229,13:53:51,1.65,200,12000
20231229,13:54:06,1.65,400,15300
20231229,14:00:02,1.55,800,15550
20231229,14:02:53,1.55,50,15550
20231229,14:03:36,1.55,50,15550
20231229,14:03:47,1.5,100,15550
20231229,14:27:02,1.45,50,15650
20231229,14:27:02,1.4,150,15650
20231229,14:28:37,1.35,200,15650
20231229,14:41:19,1.45,50,15900
20231229,14:53:22,1.35,200,15900
20231229,14:54:37,1.4,50,15900
20231229,15:01:13,1.4,250,16000
20231229,15:01:14,1.45,100,16000
20231229,15:02:09,1.35,250,16000
20231229,15:02:25,1.35,250,16000
20231229,15:04:40,1.45,250,15950
20231229,15:04:43,1.45,250,15950
20231229,15:04:45,1.55,100,15950
20231229,15:04:47,1.45,450,15950
20231229,15:05:14,1.5,550,15950
20231229,15:12:34,1.6,200,15950
20231229,15:12:36,1.4,500,15550
20231229,15:17:55,1.4,300,15550
20231229,15:18:19,1.45,500,16000
20231229,15:18:20,1.45,450,16000
20231229,15:25:05,1.35,100,16450
20231229,15:25:24,1.35,100,16450
20231229,15:25:25,1.35,100,16450
20231229,15:25:26,1.35,250,16450
20231229,15:25:43,1.45,100,16450
20231229,15:25:59,1.45,50,16450
20231229,15:26:14,1.55,50,16450
20231229,15:28:25,1.4,100,16450
20231229,15:29:17,1.55,150,16150
20231229,15:29:40,1.05,100,16150
20240101,09:15:00,1.05,1,15350
20240101,09:15:00,1.05,50,15350
20240101,09:15:06,1.45,50,15350
20240101,09:16:38,1.45,100,15350
20240101,09:16:39,1.35,50,15350
20240101,09:17:21,1.3,50,15350
20240101,09:17:24,1.3,50,15350
20240101,09:17:27,1.3,50,15350
20240101,09:17:29,1.3,50,15350
20240101,09:17:31,1.3,50,15350
20240101,09:19:22,1.4,50,15350
20240101,09:20:19,1.1,50,15150
20240101,09:21:01,1.35,50,15150
20240101,09:21:06,1.4,50,15150
20240101,09:21:08,1.2,50,15150
20240101,09:21:18,1.35,50,15150
20240101,09:21:43,1.15,150,15150
20240101,09:21:46,1.2,150,15150
20240101,09:21:50,1.25,200,15150
20240101,09:22:34,1.3,150,15150
20240101,09:22:47,1.3,200,15150
20240101,09:23:32,1.2,50,15150
20240101,09:31:21,1.35,50,15350
20240101,09:31:38,1.4,500,15300
20240101,09:32:40,1.2,50,15300
20240101,09:36:48,1.2,100,15750
20240101,09:46:23,1.3,50,15700
20240101,09:52:18,1.3,250,15750
20240101,09:52:51,1.3,100,15750
20240101,09:53:47,1.35,50,15750
20240101,09:55:02,1.4,350,15750
20240101,09:55:05,1.45,100,15750
20240101,09:55:07,1.25,50,15750
20240101,09:55:10,1.4,50,15750
20240101,09:55:13,1.45,100,15750
20240101,09:55:14,1.5,450,15750
20240101,09:55:15,1.5,50,15750
20240101,09:55:21,1.45,50,15750
20240101,09:57:03,1.25,50,15250
20240101,09:57:06,1.25,50,15250
20240101,09:57:10,1.45,50,15250
20240101,09:57:14,1.3,50,15250
20240101,09:57:25,1.5,50,15250
20240101,09:58:21,1.3,50,15250
20240101,09:59:25,1.5,200,15200
20240101,10:04:57,1.5,50,15200
20240101,10:05:36,1.5,100,15250
20240101,10:06:54,1.5,300,15250
20240101,10:09:11,1.45,50,15650
20240101,10:12:34,1.35,50,15700
20240101,10:15:13,1.3,50,15700
20240101,10:21:31,1.3,300,15700
20240101,10:21:32,1.25,1450,15650
20240101,10:21:33,1.3,100,15650
20240101,10:21:38,1.3,50,15650
20240101,10:22:44,1.3,50,15650
20240101,10:25:00,1.2,50,14250
20240101,10:28:30,1.2,100,14250
20240101,10:28:42,1.2,100,14250
20240101,10:30:56,1.25,250,14450
20240101,10:33:38,1.2,150,14450
20240101,10:33:55,1.2,300,14400
20240101,10:33:57,1.2,50,14400
20240101,10:36:28,1.25,50,14500
20240101,10:38:46,1.25,50,14500
20240101,10:41:36,1.25,200,14500
20240101,10:41:48,1.25,100,14550
20240101,10:42:18,1.25,300,14550
20240101,10:46:49,1.25,250,14550
20240101,10:52:57,1.35,250,14550
20240101,11:10:43,1.3,50,14500
20240101,11:21:20,1.3,650,14500
20240101,11:21:38,1.25,150,14500
20240101,11:22:33,1.2,250,14500
20240101,11:26:43,1.2,50,14600
20240101,11:33:29,1.15,250,14600
20240101,11:45:55,1.2,50,14600
20240101,11:53:12,1.2,50,14700
20240101,11:53:13,1.15,1000,14700
20240101,11:53:56,1.25,50,14700
20240101,11:54:04,1.1,100,14700
20240101,11:54:30,1.25,50,14700
20240101,11:54:42,1.25,50,14700
20240101,12:03:11,1.25,50,14700
20240101,12:10:28,1.1,50,14750
20240101,12:10:30,1.25,550,14750
20240101,12:10:32,1.15,50,14750
20240101,12:11:02,1.5,1700,14750
20240101,12:11:03,1.25,1150,14750
20240101,12:11:04,1.05,1700,14750
20240101,12:11:11,1.25,100,14750
20240101,12:11:12,1.3,450,14750
20240101,12:11:13,1.3,100,14750
20240101,12:11:14,1.4,1050,14750
20240101,12:11:16,1.2,1800,14750
20240101,12:11:17,1.2,3850,14750
20240101,12:11:18,1.3,1800,14750
20240101,12:11:21,1.2,900,14750
20240101,12:11:26,1.2,550,14750
20240101,12:11:26,1.25,300,14750
20240101,12:11:27,1.0,8800,14750
20240101,12:11:28,1.3,3800,14750
20240101,12:11:29,1.3,450,14750
20240101,12:11:31,1.3,1250,14750
20240101,12:11:32,1.3,1250,14750
20240101,12:11:46,1.25,250,14750
20240101,12:12:09,1.35,300,16400
20240101,12:12:10,1.35,2750,16400
20240101,12:12:11,1.45,500,16400
20240101,12:12:12,1.55,3250,16400
20240101,12:12:13,1.55,10100,16400
20240101,12:12:14,1.75,450,16400
20240101,12:12:15,2.0,6350,16400
20240101,12:12:16,1.3,450,16400
20240101,12:12:18,1.3,200,16400
20240101,12:12:19,1.3,1100,16400
20240101,12:12:20,1.35,100,16400
20240101,12:12:21,1.35,250,16400
20240101,12:12:23,1.4,3050,16400
20240101,12:12:45,1.55,850,16400
20240101,12:12:46,1.35,300,16400
20240101,12:12:59,1.45,50,16400
20240101,12:13:11,1.55,1150,16400
20240101,12:13:14,1.45,1000,16400
20240101,12:13:44,1.4,50,16400
20240101,12:14:19,1.4,50,16400
20240101,12:14:31,1.45,400,16400
20240101,12:14:38,1.5,1450,16400
20240101,12:14:56,1.4,100,16400
20240101,12:15:04,1.4,1000,22900
20240101,12:15:52,1.4,100,22900
20240101,12:16:07,1.45,550,22900
20240101,12:16:09,1.45,1350,22900
20240101,12:16:10,1.55,750,22900
20240101,12:16:11,1.35,300,22900
20240101,12:16:53,1.35,250,22900
20240101,12:17:42,1.4,1000,22900
20240101,12:18:26,1.3,250,23200
20240101,12:21:06,1.25,50,23450
20240101,12:21:08,1.25,50,23450
20240101,12:21:09,1.25,50,23450
20240101,12:21:10,1.25,50,23450
20240101,12:21:11,1.25,300,23450
20240101,12:22:07,1.25,50,23450
20240101,12:22:29,1.25,1250,23450
20240101,12:22:30,1.3,850,23450
20240101,12:24:46,1.25,50,22550
20240101,12:32:37,1.2,400,22550
20240101,12:32:37,1.2,200,22550
20240101,12:36:51,1.2,50,22150
20240101,12:36:52,1.2,50,22150
20240101,12:37:03,1.2,50,22150
20240101,12:46:19,1.2,200,22150
20240101,12:47:00,1.2,100,22150
20240101,12:51:42,1.2,400,22100
20240101,12:51:43,1.25,550,22100
20240101,13:02:12,1.25,300,22150
20240101,13:02:21,1.25,100,22150
20240101,13:02:22,1.25,250,22150
20240101,13:02:37,1.25,50,22150
20240101,13:02:54,1.3,200,22050
20240101,13:09:06,1.2,250,22050
20240101,13:44:22,1.3,50,22050
20240101,13:44:24,1.25,50,22050
20240101,13:44:27,1.25,300,22050
20240101,13:47:28,1.35,50,22050
20240101,13:47:40,1.2,50,21750
20240101,13:50:02,1.2,250,21700
20240101,13:58:28,1.3,200,21650
20240101,13:58:41,1.35,300,21650
20240101,13:58:42,1.4,2200,21650
20240101,13:59:01,1.4,1200,21650
20240101,13:59:02,1.4,600,21650
20240101,13:59:06,1.45,50,21650
20240101,13:59:11,1.45,1600,21650
20240101,13:59:12,1.5,50,21650
20240101,13:59:50,1.45,200,21650
20240101,13:59:51,1.5,1400,21650
20240101,13:59:58,1.5,100,27550
20240101,14:01:11,1.4,400,27550
20240101,14:01:37,1.45,150,27550
20240101,14:01:43,1.45,2000,27550
20240101,14:02:43,1.5,450,27550
20240101,14:02:49,1.5,100,27550
20240101,14:02:50,1.5,150,27550
20240101,14:02:59,1.5,200,29200
20240101,14:03:15,1.5,400,29200
20240101,14:03:26,1.5,250,29200
20240101,14:03:28,1.5,800,29200
20240101,14:03:29,1.5,250,29200
20240101,14:03:37,1.5,250,29200
20240101,14:03:40,1.5,500,29200
20240101,14:03:43,1.55,400,29200
20240101,14:03:49,1.55,50,29200
20240101,14:04:10,1.45,250,29200
20240101,14:04:18,1.55,550,29200
20240101,14:04:41,1.6,300,29200
20240101,14:05:06,1.65,600,29200
20240101,14:05:17,1.75,1050,29200
20240101,14:05:29,1.75,200,29200
20240101,14:05:56,1.75,450,29200
20240101,14:06:04,1.55,250,31550
20240101,14:06:10,1.6,50,31550
20240101,14:06:13,1.55,250,31550
20240101,14:06:59,1.55,250,31550
20240101,14:08:06,1.7,400,31550
20240101,14:08:23,1.55,250,31550
20240101,14:10:58,1.7,1850,31800
20240101,14:11:26,1.65,250,31800
20240101,14:11:31,1.65,500,31800
20240101,14:11:32,1.65,1050,31800
20240101,14:14:20,1.75,250,34600
20240101,14:14:38,1.65,50,34600
20240101,14:14:59,1.75,250,34600
20240101,14:15:28,1.75,250,34550
20240101,14:15:53,1.6,50,34550
20240101,14:16:09,1.75,250,34550
20240101,14:17:52,1.8,1000,34550
20240101,14:17:54,1.85,1200,34550
20240101,14:18:02,1.85,50,34950
20240101,14:18:12,1.9,50,34950
20240101,14:18:18,1.75,350,34950
20240101,14:18:33,1.9,100,34950
20240101,14:18:40,1.95,300,34950
20240101,14:18:56,2.0,100,34950
20240101,14:18:58,1.85,50,34950
20240101,14:19:45,1.95,100,34950
20240101,14:21:57,1.85,50,34800
20240101,14:22:36,1.85,100,34800
20240101,14:23:19,1.85,400,34800
20240101,14:23:21,1.85,100,34800
20240101,14:23:31,1.85,400,34800
20240101,14:25:06,1.85,50,34800
20240101,14:25:35,1.7,450,34800
20240101,14:27:47,1.75,300,34950
20240101,14:30:56,1.8,100,34950
20240101,14:33:30,1.8,100,34900
20240101,14:37:49,1.8,50,35000
20240101,14:41:13,1.65,100,35050
20240101,14:43:43,1.8,200,35100
20240101,14:43:56,1.8,250,35100
20240101,14:43:56,1.8,150,35100
20240101,14:44:09,1.85,400,35100
20240101,14:44:12,1.85,200,35100
20240101,14:44:17,1.85,100,35100
20240101,14:44:26,1.85,900,35100
20240101,14:44:40,1.85,200,35100
20240101,14:44:41,1.9,150,35100
20240101,14:44:45,1.9,50,35100
20240101,14:45:34,1.9,50,35200
20240101,14:45:35,1.95,100,35200
20240101,14:46:56,1.8,50,35200
20240101,14:47:10,1.85,50,35200
20240101,14:47:12,1.8,150,35200
20240101,14:47:13,1.75,50,35200
20240101,14:47:50,1.75,250,35200
20240101,14:47:50,1.85,100,35200
20240101,14:48:27,1.8,100,35200
20240101,14:50:28,1.95,250,35200
20240101,14:50:54,1.85,50,35200
20240101,14:52:28,1.9,400,35200
20240101,14:52:29,1.9,1000,35200
20240101,14:52:38,1.9,300,35200
20240101,14:52:45,1.9,100,35200
20240101,14:54:13,1.9,50,35200
20240101,14:58:34,1.9,100,35250
20240101,15:11:24,1.65,150,35250
20240101,15:12:00,1.6,100,35250
20240101,15:12:35,1.6,200,35250
20240101,15:21:36,1.4,50,35350
20240101,15:26:16,1.5,50,35550
20240101,15:26:17,1.45,900,35500
20240101,15:26:56,1.45,50,35500
20240101,15:27:20,1.45,500,35500
20240101,15:27:34,1.45,350,35550
20240101,15:28:07,1.4,1800,35550
20240101,15:28:16,1.35,150,35550
20240101,15:28:31,1.35,200,35550
20240101,15:29:34,1.5,50,35550
20240102,09:16:12,1.95,1,35550
20240102,09:16:12,1.95,2000,35550
20240102,09:16:45,1.3,100,34900
20240102,09:16:48,1.3,100,34900
20240102,09:16:53,1.25,50,34900
20240102,09:17:10,1.2,50,34900
20240102,09:17:14,1.2,50,34900
20240102,09:17:22,1.2,50,37050
20240102,09:17:25,1.15,2300,37050
20240102,09:17:25,1.15,300,37050
20240102,09:17:26,1.2,100,37050
20240102,09:18:21,1.25,50,37050
20240102,09:18:34,1.2,50,37050
20240102,09:19:05,1.2,900,37050
20240102,09:22:00,1.25,150,35000
20240102,09:22:07,1.25,1200,35000
20240102,09:23:00,1.25,1450,35000
20240102,09:23:50,1.25,250,35000
20240102,09:24:09,1.25,300,35100
20240102,09:24:17,1.2,50,35100
20240102,09:24:25,1.2,1800,35100
20240102,09:24:33,1.2,50,35100
20240102,09:25:10,1.15,150,35100
20240102,09:28:26,1.3,50,34350
20240102,09:29:17,1.15,50,34350
20240102,09:35:56,1.1,50,34400
20240102,09:43:53,1.1,100,34400
20240102,09:56:31,1.1,50,34300
20240102,09:57:13,1.1,1050,34300
20240102,09:57:28,1.1,150,34300
20240102,09:57:41,1.05,50,34300
20240102,09:58:28,1.05,50,34300
20240102,09:59:07,1.0,50,34300
20240102,09:59:17,1.0,50,34300
20240102,10:00:02,1.0,1500,34300
20240102,10:00:07,1.0,150,33450
20240102,10:00:08,1.0,50,33450
20240102,10:00:35,0.95,300,33450
20240102,10:01:42,0.9,100,33450
20240102,10:02:06,0.9,600,33450
20240102,10:03:08,0.9,250,35400
20240102,10:11:47,0.9,1500,35400
20240102,10:13:33,0.95,100,35400
20240102,10:13:49,1.05,150,35400
20240102,10:16:00,1.05,100,35400
20240102,10:16:53,1.05,50,35250
20240102,10:24:35,1.05,100,35250
20240102,10:28:21,1.05,1500,35150
20240102,10:28:23,1.0,100,35150
20240102,10:28:28,0.95,50,35150
20240102,10:28:32,0.9,50,35150
20240102,10:28:47,1.0,100,35150
20240102,10:28:51,1.0,1300,35150
20240102,10:28:52,0.95,1800,35150
20240102,10:28:53,0.9,1800,35150
20240102,10:29:05,0.85,4900,35150
20240102,10:29:06,0.95,3650,35150
20240102,10:29:06,0.95,4550,35150
20240102,10:31:50,0.85,200,38650
20240102,10:31:51,0.8,350,38650
20240102,10:32:00,0.8,550,38650
20240102,10:34:20,1.0,600,38650
20240102,10:34:23,0.95,1000,38600
20240102,10:34:24,0.95,700,38600
20240102,10:34:28,0.85,1750,38600
20240102,10:35:14,0.85,250,38600
20240102,10:36:27,0.85,1800,36800
20240102,10:36:48,0.9,400,36800
20240102,10:37:16,0.9,250,36800
20240102,10:38:12,0.9,1900,36800
20240102,10:39:41,0.95,50,35100
20240102,10:42:07,0.95,450,35050
20240102,10:42:49,0.95,50,35050
20240102,10:42:50,0.85,850,35050
20240102,10:57:46,0.9,400,35050
20240102,11:08:05,0.9,300,34300
20240102,11:10:49,0.95,50,33950
20240102,11:11:27,0.95,50,33950
20240102,11:11:37,0.95,50,33950
20240102,11:12:38,0.9,50,33950
20240102,11:13:17,1.0,100,33950
20240102,11:13:20,1.0,500,33950
20240102,11:13:21,1.0,500,33950
20240102,11:13:22,1.0,400,33950
20240102,11:16:55,0.95,100,33950
20240102,11:18:08,1.0,350,32750
20240102,11:18:45,0.95,400,32750
20240102,11:18:55,1.1,450,32750
20240102,11:22:30,0.95,500,33250
20240102,11:22:54,0.95,500,33250
20240102,11:25:23,0.95,600,33250
20240102,11:26:13,0.95,400,32500
20240102,11:27:22,0.95,50,32500
20240102,11:27:23,0.95,50,31800
20240102,11:30:35,0.9,100,31800
20240102,11:38:38,0.9,150,31750
20240102,11:49:12,0.9,50,31750
20240102,11:50:27,0.9,250,31750
20240102,11:50:28,0.9,150,31750
20240102,11:52:15,0.9,2150,31750
20240102,11:54:29,0.85,50,30250
20240102,12:08:59,0.95,50,30300
20240102,12:09:45,0.85,850,30300
20240102,12:09:46,0.85,50,30300
20240102,12:09:47,0.85,50,30300
20240102,12:09:49,0.85,100,30300
20240102,12:15:03,0.8,50,30300
20240102,12:38:31,0.9,100,29650
20240102,13:02:33,0.9,500,29650
20240102,13:02:34,0.85,50,29700
20240102,13:02:37,0.85,50,29700
20240102,13:04:28,0.95,100,29350
20240102,13:08:51,0.85,250,29350
20240102,13:11:12,0.85,150,29350
20240102,13:11:42,0.9,150,29450
20240102,13:47:46,0.85,300,29450
20240102,14:15:58,0.95,250,29450
20240102,14:17:37,1.0,2000,29350
20240102,14:17:39,1.1,250,29350
20240102,14:18:03,1.05,2000,30150
20240102,14:18:06,1.05,50,30150
20240102,14:18:09,1.05,1550,30150
20240102,14:18:29,1.05,5200,30150
20240102,14:18:42,1.15,50,30150
20240102,14:18:52,1.15,1500,30150
20240102,14:18:53,1.05,1000,30150
20240102,14:19:19,1.15,1800,30150
20240102,14:19:23,1.2,950,30150
20240102,14:19:42,1.2,850,30150
20240102,14:20:11,1.2,1950,30150
20240102,14:20:13,1.1,1300,30150
20240102,14:20:30,1.15,1100,30150
20240102,14:20:31,1.1,800,30150
20240102,14:22:04,1.2,800,30150
20240102,14:22:05,1.25,550,32150
20240102,14:22:06,1.1,4150,32150
20240102,14:22:08,1.15,950,32150
20240102,14:22:47,1.15,350,32150
20240102,14:23:03,1.15,900,32150
20240102,14:23:17,1.15,250,32150
20240102,14:23:18,1.15,1700,32150
20240102,14:24:36,1.1,200,32650
20240102,14:27:43,1.1,250,32750
20240102,14:28:06,1.1,250,32750
20240102,14:29:19,1.05,200,32750
20240102,14:33:14,1.1,1700,32750
20240102,14:33:15,1.1,300,32750
20240102,14:33:16,1.05,600,32750
20240102,14:33:17,1.1,200,32750
20240102,14:33:23,1.15,450,32750
20240102,14:33:34,1.25,1250,32750
20240102,14:34:46,1.25,400,32750
20240102,14:37:46,1.3,200,32750
20240102,14:38:07,1.3,250,35450
20240102,14:38:07,1.35,1250,35450
20240102,14:38:13,1.4,300,35450
20240102,14:39:59,1.4,100,37050
20240102,14:40:31,1.45,200,37050
20240102,14:40:33,1.45,50,37050
20240102,14:40:38,1.45,200,37050
20240102,14:40:39,1.5,100,37050
20240102,14:40:40,1.5,450,37050
20240102,14:40:41,1.5,200,37050
20240102,14:41:49,1.45,350,37050
20240102,14:42:13,1.45,1050,37050
20240102,14:44:51,1.35,200,37050
20240102,14:44:56,1.35,100,37050
20240102,14:45:23,1.4,100,37050
20240102,14:47:42,1.35,200,38050
20240102,14:48:40,1.3,200,38050
20240102,14:51:56,1.3,50,38050
20240102,14:57:22,1.2,200,38050
20240102,15:05:42,1.3,150,38100
20240102,15:12:53,1.3,150,38050
20240102,15:12:54,1.3,100,38050
20240102,15:12:56,1.15,1200,38050
20240102,15:12:57,1.15,500,38050
20240102,15:12:58,1.2,350,38050
20240102,15:12:59,1.15,950,38050
20240102,15:15:29,1.1,50,36750
20240102,15:20:11,1.9,1800,36750
20240102,15:20:12,3.75,1800,36750
20240102,15:20:21,3.75,1600,36750
20240102,15:20:28,1.15,4150,36750
20240102,15:20:29,1.25,300,36750
20240102,15:20:48,1.2,600,36750
20240102,15:21:02,1.15,1000,36750
20240102,15:21:14,1.15,2600,41450
20240102,15:21:18,1.35,50,41450
20240102,15:24:18,1.25,750,40200
20240102,15:25:44,1.1,200,40200
20240102,15:25:45,1.3,250,40200
20240102,15:25:46,1.3,150,40200
20240102,15:25:47,1.3,50,40200
20240102,15:25:48,1.3,950,40200
20240102,15:25:49,1.3,300,40200
20240102,15:25:50,1.3,100,40200
20240102,15:25:51,1.15,350,40200
20240102,15:25:55,1.15,1800,40200
20240102,15:25:58,1.2,150,40200
20240102,15:25:59,1.2,600,40200
20240102,15:26:46,1.1,500,40200
20240102,15:26:47,1.1,2200,40200
20240102,15:26:48,1.15,50,40200
20240102,15:26:52,1.15,500,40200
20240102,15:26:55,1.15,50,40200
20240102,15:27:02,1.15,50,40200
20240102,15:27:30,1.1,550,38100
20240102,15:27:32,1.15,600,38100
20240102,15:27:39,1.15,800,38100
20240102,15:27:40,1.1,800,38100
20240102,15:28:13,1.1,200,38100
20240102,15:28:15,1.1,300,38100
20240102,15:29:31,1.3,100,38100
20240103,09:15:42,1.45,1,37950
20240103,09:15:42,1.45,250,37950
20240103,09:15:44,0.95,100,37950
20240103,09:16:00,0.9,150,37950
20240103,09:16:22,0.9,50,37950
20240103,09:16:25,1.0,100,37950
20240103,09:18:18,1.0,150,37950
20240103,09:18:23,1.0,100,38300
20240103,09:18:58,0.95,250,38300
20240103,09:19:07,0.95,2600,38300
20240103,09:19:27,1.0,50,38300
20240103,09:19:27,1.0,300,38300
20240103,09:19:31,1.1,3450,38300
20240103,09:19:44,1.0,2600,38300
20240103,09:20:10,1.05,1200,38300
20240103,09:20:34,1.0,350,38300
20240103,09:20:38,0.95,700,40700
20240103,09:20:48,0.95,4750,40700
20240103,09:22:07,1.0,500,40700
20240103,09:22:27,1.0,1000,40700
20240103,09:22:34,1.0,150,40700
20240103,09:24:01,1.0,250,41150
20240103,09:25:42,1.0,150,41150
20240103,09:31:28,1.0,1450,41200
20240103,09:31:29,1.0,3800,41200
20240103,09:33:49,0.95,200,46050
20240103,09:33:53,0.95,200,46050
20240103,09:34:05,0.9,150,46050
20240103,09:34:21,0.9,600,46050
20240103,09:34:29,0.9,500,46050
20240103,09:34:33,0.9,200,46050
20240103,09:34:40,0.9,100,46050
20240103,09:34:45,0.9,300,46050
20240103,09:35:15,0.85,250,46050
20240103,09:37:21,0.85,2500,46050
20240103,09:37:26,0.85,450,47500
20240103,09:37:29,0.85,100,47500
20240103,09:37:30,0.85,2050,47500
20240103,09:37:39,0.9,250,47500
20240103,09:37:52,0.85,50,47500
20240103,09:39:51,0.85,2600,47500
20240103,09:40:01,0.8,100,51250
20240103,09:40:03,0.8,950,51250
20240103,09:40:09,0.8,50,51250
20240103,09:41:14,0.75,2150,51250
20240103,09:41:24,0.75,300,51250
20240103,09:41:27,0.8,850,51250
20240103,09:41:32,0.8,100,47200
20240103,09:41:33,0.8,50,47200
20240103,09:41:38,0.75,2450,47200
20240103,09:41:51,0.75,200,47200
20240103,09:41:59,0.75,2100,47200
20240103,09:42:02,0.75,200,47200
20240103,09:42:03,0.7,1800,47200
20240103,09:42:06,0.7,1850,47200
20240103,09:42:11,0.75,50,47200
20240103,09:42:18,0.75,1550,47200
20240103,09:42:20,0.75,700,47200
20240103,09:42:27,0.7,200,47200
20240103,09:42:30,0.75,400,47200
20240103,09:42:35,0.7,300,47200
20240103,09:42:36,0.7,1000,47200
20240103,09:42:42,0.75,1700,47200
20240103,09:42:45,0.7,150,47200
20240103,09:42:46,0.75,100,47200
20240103,09:42:46,0.7,1900,47200
20240103,09:42:57,0.75,200,47200
20240103,09:43:00,0.7,800,47200
20240103,09:43:07,0.7,650,47200
20240103,09:43:10,0.7,50,47200
20240103,09:43:38,0.7,100,47200
20240103,09:44:00,0.65,300,47200
20240103,09:44:20,0.65,300,47200
20240103,09:44:58,0.6,1600,47200
20240103,09:45:13,0.55,1800,45950
20240103,09:45:14,0.45,4550,45950
20240103,09:45:15,0.55,250,45950
20240103,09:45:16,0.5,50,45950
20240103,09:45:17,0.55,800,45950
20240103,09:45:23,0.5,350,45950
20240103,09:45:25,0.5,300,45950
20240103,09:45:45,0.55,5600,45950
20240103,09:45:46,0.55,5600,45950
20240103,09:45:47,0.6,400,45950
20240103,09:45:52,0.6,100,45950
20240103,09:46:04,0.55,1400,45950
20240103,09:46:18,0.55,400,45950
20240103,09:48:14,0.5,250,45950
20240103,09:49:43,0.55,50,33900
20240103,09:50:49,0.6,950,34100
20240103,09:50:54,0.6,50,34100
20240103,09:51:51,0.55,50,34100
20240103,09:52:10,0.55,100,34100
20240103,09:54:35,0.6,200,34100
20240103,09:54:54,0.6,1700,34250
20240103,09:55:08,0.6,50,34250
20240103,09:55:47,0.65,500,34250
20240103,09:57:23,0.6,250,33100
20240103,09:58:02,0.65,1950,33100
20240103,09:58:02,0.65,50,33100
20240103,09:58:08,0.65,50,33100
20240103,09:59:18,0.65,750,33100
20240103,09:59:27,0.65,250,33100
20240103,10:00:22,0.6,250,35100
20240103,10:01:10,0.6,250,35100
20240103,10:14:02,0.6,350,35100
20240103,10:20:11,0.65,450,35150
20240103,10:24:20,0.55,200,35350
20240103,10:24:20,0.55,50,35250
20240103,10:27:57,0.6,50,35250
20240103,10:32:24,0.55,250,35200
20240103,10:32:50,0.55,50,35200
20240103,10:32:52,0.6,350,35250
20240103,10:33:15,0.6,50,35250
20240103,10:35:12,0.7,500,35250
20240103,10:35:16,0.7,550,35250
20240103,10:35:17,0.75,3400,35250
20240103,10:35:27,0.75,650,35250
20240103,10:35:34,0.75,50,35250
20240103,10:35:37,0.8,300,35250
20240103,10:35:40,0.95,3500,38450
20240103,10:35:41,0.9,550,38450
20240103,10:35:42,0.9,2050,38450
20240103,10:35:44,0.9,50,38450
20240103,10:35:52,0.95,750,38450
20240103,10:35:59,0.95,100,38450
20240103,10:36:42,0.9,100,38450
20240103,10:36:48,0.9,300,38450
20240103,10:37:38,0.85,400,38450
20240103,10:37:43,0.85,100,38450
20240103,10:38:11,0.85,250,38450
20240103,10:38:48,0.85,500,38450
20240103,10:39:11,0.8,200,43150
20240103,10:39:16,0.75,500,43150
20240103,10:39:21,0.8,50,43150
20240103,10:39:31,0.8,100,43150
20240103,10:42:48,0.75,300,43300
20240103,10:42:49,0.75,50,43300
20240103,10:42:51,0.75,300,43300
20240103,10:43:00,0.75,50,43300
20240103,10:43:08,0.8,300,43300
20240103,10:43:10,0.75,150,43300
20240103,10:43:13,0.75,150,43300
20240103,10:44:24,0.7,100,43300
20240103,10:44:27,0.7,50,43300
20240103,10:44:32,0.7,100,43300
20240103,10:45:35,0.75,100,43350
20240103,10:46:19,0.7,150,43350
20240103,10:46:51,0.7,200,43350
20240103,10:46:52,0.7,150,43350
20240103,10:47:07,0.65,1550,43350
20240103,10:47:10,0.7,550,43350
20240103,10:47:14,0.65,150,43350
20240103,10:47:33,0.6,1900,43350
20240103,10:47:33,0.65,400,43350
20240103,10:47:38,0.6,2200,43350
20240103,10:47:42,0.6,50,40800
20240103,10:47:44,0.6,50,40800
20240103,10:47:46,0.55,1800,40800
20240103,10:47:47,0.6,550,40800
20240103,10:48:01,0.6,100,40800
20240103,10:48:06,0.6,100,40800
20240103,10:51:42,0.55,2150,40800
20240103,10:51:44,0.55,350,36700
20240103,10:51:54,0.55,800,36700
20240103,10:51:57,0.55,1400,36700
20240103,10:51:58,0.55,150,36700
20240103,10:52:01,0.55,650,36700
20240103,10:52:06,0.55,250,36700
20240103,10:52:16,0.5,1800,36700
20240103,10:56:55,0.6,100,36700
20240103,10:56:55,0.6,50,33250
20240103,10:57:47,0.6,650,33250
20240103,10:57:49,0.6,150,33250
20240103,11:04:25,0.6,250,33850
20240103,11:10:48,0.6,700,33850
20240103,11:10:50,0.6,400,33900
20240103,11:18:51,0.6,150,33050
20240103,11:19:04,0.6,100,33050
20240103,11:19:05,0.6,550,33050
20240103,11:20:08,0.65,1800,33050
20240103,11:21:08,0.7,2100,33050
20240103,11:21:13,0.7,50,35350
20240103,11:21:13,0.7,2150,35350
20240103,11:21:14,0.75,450,35350
20240103,11:21:45,0.75,750,35350
20240103,11:21:47,0.75,100,35350
20240103,11:23:07,0.7,250,35350
20240103,11:23:23,0.7,50,35350
20240103,11:25:06,0.7,50,39150
20240103,11:25:12,0.8,1500,39150
20240103,11:25:13,0.85,2600,39150
20240103,11:25:31,0.85,150,39150
20240103,11:25:32,0.8,3250,39150
20240103,11:26:58,0.8,100,41550
20240103,11:28:58,0.7,250,41550
20240103,11:29:13,0.75,250,41550
20240103,11:30:48,0.75,250,41650
20240103,11:35:20,0.7,250,41650
20240103,11:49:24,0.75,250,41650
20240103,11:49:31,0.75,150,41650
20240103,11:51:23,0.85,1350,41650
20240103,11:51:26,0.9,850,41650
20240103,11:51:26,0.9,100,41650
20240103,11:51:29,0.85,150,41650
20240103,11:51:33,0.9,200,41650
20240103,11:51:37,0.9,300,41650
20240103,11:51:42,0.9,300,41650
20240103,11:53:45,0.8,250,41650
20240103,11:55:34,0.8,50,44350
20240103,11:56:00,0.8,250,44350
20240103,11:57:42,0.8,150,44350
20240103,11:57:44,0.8,50,44500
20240103,12:00:57,0.75,100,44500
20240103,12:00:59,0.75,200,44550
20240103,12:04:29,0.8,100,44600
20240103,12:12:17,0.75,300,44600
20240103,12:14:18,0.7,200,44650
20240103,12:14:27,0.7,50,44650
20240103,12:14:28,0.7,50,44650
20240103,12:14:29,0.7,50,44650
20240103,12:14:37,0.7,100,44650
20240103,12:14:49,0.7,50,44650
20240103,12:18:38,0.7,500,44650
20240103,12:18:40,0.7,150,44800
20240103,12:18:41,0.65,50,44800
20240103,12:18:42,0.65,50,44800
20240103,12:18:43,0.65,50,44800
20240103,12:18:45,0.65,50,44800
20240103,12:18:52,0.65,50,44800
20240103,12:18:53,0.65,50,44800
20240103,12:18:55,0.65,50,44800
20240103,12:18:56,0.65,50,44800
20240103,12:18:57,0.65,50,44800
20240103,12:24:09,0.7,250,45150
20240103,12:24:26,0.7,250,45150
20240103,12:24:45,0.7,300,45150
20240103,12:25:20,0.65,100,45150
20240103,12:25:21,0.65,500,45150
20240103,12:25:32,0.65,100,45150
20240103,12:26:41,0.6,1750,45150
20240103,12:26:53,0.6,850,45150
20240103,12:27:06,0.6,250,43650
20240103,12:27:56,0.6,350,43650
20240103,12:29:25,0.55,2000,43650
20240103,12:29:56,0.55,1400,43650
20240103,12:29:58,0.55,150,41600
20240103,12:30:04,0.55,250,41600
20240103,12:31:11,0.55,100,41600
20240103,12:49:16,0.55,550,41600
20240103,12:49:16,0.65,2150,40350
20240103,12:49:18,0.65,50,40350
20240103,12:49:34,0.7,1900,40350
20240103,12:49:37,0.7,450,40350
20240103,12:49:39,0.75,2900,40350
20240103,12:49:40,0.75,300,40350
20240103,12:50:00,0.75,550,40350
20240103,12:50:06,0.85,2450,40350
20240103,12:50:07,0.85,50,40350
20240103,12:50:23,0.8,100,40350
20240103,12:51:32,0.75,250,49350
20240103,12:52:44,0.7,400,49350
20240103,12:52:45,0.7,100,49350
20240103,12:54:29,0.75,2050,49350
20240103,12:54:30,0.75,50,49400
20240103,12:54:32,0.8,1750,49400
20240103,12:54:37,0.8,100,49400
20240103,12:54:40,0.8,50,49400
20240103,12:54:43,0.8,50,49400
20240103,12:56:11,0.8,150,49400
20240103,12:56:22,0.8,150,49400
20240103,12:56:47,0.8,50,49400
20240103,12:57:02,0.8,200,49400
20240103,12:57:57,0.8,600,52650
20240103,12:57:57,0.9,3200,52650
20240103,12:57:58,0.9,200,52650
20240103,12:58:28,0.85,250,52650
20240103,12:58:39,0.85,50,52650
20240103,12:58:45,0.85,250,52650
20240103,12:58:55,0.85,850,52650
20240103,12:58:56,0.8,50,52650
20240103,12:58:57,0.8,50,52650
20240103,12:58:58,0.8,100,52650
20240103,12:58:59,0.8,50,52650
20240103,12:59:00,0.75,50,52650
20240103,12:59:01,0.75,50,52650
20240103,12:59:02,0.75,50,52650
20240103,12:59:03,0.75,100,52650
20240103,12:59:04,0.75,50,52650
20240103,12:59:06,0.75,50,52650
20240103,12:59:23,0.8,200,52650
20240103,12:59:29,0.75,500,52650
20240103,12:59:30,0.8,1150,52650
20240103,12:59:33,0.75,100,52650
20240103,12:59:36,0.75,50,52650
20240103,12:59:55,0.75,500,52650
20240103,13:00:01,0.75,100,56100
20240103,13:00:02,0.75,100,56100
20240103,13:00:03,0.75,100,56100
20240103,13:00:04,0.75,100,56100
20240103,13:00:05,0.75,100,56100
20240103,13:00:06,0.75,100,56100
20240103,13:00:09,0.75,50,56100
20240103,13:00:19,0.75,600,56100
20240103,13:00:21,0.75,150,56100
20240103,13:00:23,0.75,200,56100
20240103,13:00:25,0.75,100,56100
20240103,13:00:26,0.75,100,56100
20240103,13:00:27,0.75,100,56100
20240103,13:00:28,0.75,100,56100
20240103,13:00:31,0.75,100,56100
20240103,13:00:50,0.75,150,56100
20240103,13:00:51,0.8,200,56100
20240103,13:02:46,0.8,50,56100
20240103,13:04:03,0.8,150,56900
20240103,13:04:29,0.85,600,56900
20240103,13:04:31,0.9,3800,56900
20240103,13:04:32,0.9,100,56900
20240103,13:04:48,0.9,150,56900
20240103,13:06:05,0.9,150,56900
20240103,13:06:43,0.85,250,58600
20240103,13:06:50,0.85,900,58600
20240103,13:06:54,0.85,50,58600
20240103,13:07:41,0.85,200,58600
20240103,13:07:55,0.85,600,58600
20240103,13:08:26,0.85,1000,58600
20240103,13:09:04,0.8,500,58600
20240103,13:09:28,0.8,750,58950
20240103,13:09:46,0.8,500,58950
20240103,13:10:14,0.8,550,58950
20240103,13:10:15,0.8,100,58950
20240103,13:11:25,0.75,1150,58950
20240103,13:11:28,0.75,650,58950
20240103,13:11:32,0.75,50,58950
20240103,13:12:24,0.75,50,59300
20240103,13:12:31,0.75,50,59300
20240103,13:15:09,0.75,300,59300
20240103,13:15:21,0.75,100,59300
20240103,13:17:19,0.8,300,59300
20240103,13:17:34,0.85,1400,59300
20240103,13:17:57,0.75,300,59300
20240103,13:18:24,0.8,450,59300
20240103,13:18:25,0.8,300,59200
20240103,13:18:27,0.75,600,59200
20240103,13:20:28,0.75,150,59200
20240103,13:20:29,0.75,150,59200
20240103,13:25:27,0.8,300,59500
20240103,13:25:42,0.75,2000,59500
20240103,13:26:04,0.75,100,59500
20240103,13:27:28,0.75,50,60100
20240103,13:27:34,0.75,50,60100
20240103,13:27:48,0.75,450,60100
20240103,13:30:04,0.75,50,60100
20240103,13:30:34,0.75,750,60000
20240103,13:30:34,0.75,100,60000
20240103,13:31:00,0.7,1150,60000
20240103,13:31:03,0.7,50,60000
20240103,13:31:07,0.7,200,60000
20240103,13:32:35,0.75,300,60000
20240103,13:32:41,0.75,300,60000
20240103,13:36:09,0.7,600,60000
20240103,13:36:14,0.7,50,60000
20240103,13:36:26,0.7,50,60000
20240103,13:36:53,0.7,250,60000
20240103,13:37:59,0.7,50,60000
20240103,13:40:23,0.7,250,59750
20240103,13:42:43,0.65,700,59750
20240103,13:43:20,0.65,1400,59500
20240103,13:43:57,0.7,150,59500
20240103,13:44:00,0.7,450,59500
20240103,13:44:02,0.7,600,59500
20240103,13:45:53,0.7,3500,59650
20240103,13:45:54,0.7,500,59650
20240103,13:49:23,0.65,100,60500
20240103,13:55:36,0.65,700,60600
20240103,13:55:44,0.6,850,60600
20240103,13:56:03,0.6,50,60600
20240103,13:56:07,0.6,50,60600
20240103,13:56:08,0.6,100,60600
20240103,13:56:10,0.6,100,60600
20240103,13:56:19,0.6,600,60600
20240103,13:57:02,0.5,2350,60600
20240103,13:57:03,0.6,50,60600
20240103,13:57:15,0.65,750,60600
20240103,13:58:37,0.6,100,58150
20240103,13:58:59,0.45,2800,58150
20240103,14:00:02,0.55,200,58150
20240103,14:03:21,0.55,450,58150
20240103,14:05:30,0.55,50,55650
20240103,14:06:57,0.55,350,55600
20240103,14:06:58,0.5,1800,55600
20240103,14:07:40,0.5,1800,55600
20240103,14:08:14,0.5,1850,55600
20240103,14:08:17,0.5,300,55600
20240103,14:10:33,0.55,2200,55600
20240103,14:10:34,0.55,450,52700
20240103,14:10:43,0.55,150,52700
20240103,14:12:26,0.55,200,52700
20240103,14:16:41,0.45,1800,50050
20240103,14:16:41,0.4,2250,49850
20240103,14:16:54,0.4,750,49850
20240103,14:16:57,0.35,1200,49850
20240103,14:19:30,0.45,3400,49850
20240103,14:19:33,0.4,3450,46400
20240103,14:19:34,0.35,1800,46400
20240103,14:19:41,0.45,50,46400
20240103,14:19:44,0.45,100,46400
20240103,14:19:45,0.35,1800,46400
20240103,14:19:53,0.4,900,46400
20240103,14:20:29,0.4,250,46400
20240103,14:20:50,0.4,250,46400
20240103,14:21:06,0.4,100,46400
20240103,14:22:24,0.4,650,40700
20240103,14:22:25,0.4,250,40700
20240103,14:22:37,0.4,50,40700
20240103,14:22:47,0.4,50,40700
20240103,14:24:37,0.4,1500,40400
20240103,14:27:44,0.4,150,40400
20240103,14:27:58,0.4,300,39050
20240103,14:35:24,0.4,2250,38750
20240103,14:35:25,0.45,50,38750
20240103,14:35:30,0.45,50,38750
20240103,14:35:35,0.45,800,38750
20240103,14:35:42,0.5,4000,38750
20240103,14:36:09,0.5,250,38750
20240103,14:36:37,0.5,200,37850
20240103,14:36:40,0.5,50,37850
20240103,14:37:47,0.5,5550,37850
20240103,14:37:57,0.5,1700,37850
20240103,14:38:11,0.45,250,37850
20240103,14:38:16,0.5,50,37850
20240103,14:38:20,0.45,500,37850
20240103,14:38:26,0.4,50,37850
20240103,14:49:47,0.35,200,37850
20240103,14:55:25,0.45,750,38250
20240103,14:55:26,0.5,1800,38250
20240103,14:55:41,0.5,1950,38250
20240103,14:55:52,0.5,1100,38250
20240103,14:55:55,0.5,350,38250
20240103,14:56:00,0.5,1950,38250
20240103,14:56:01,0.5,350,38250
20240103,14:56:02,0.45,150,38250
20240103,14:56:09,0.5,350,38250
20240103,14:57:25,0.55,700,38250
20240103,14:57:33,0.5,700,45300
20240103,15:03:24,0.45,500,45300
20240103,15:03:31,0.45,450,46400
20240103,15:04:50,0.45,350,46400
20240103,15:05:36,0.4,250,46400
20240103,15:07:07,0.4,2150,46400
20240103,15:12:10,0.35,450,46400
20240103,15:14:54,0.35,2000,46700
20240103,15:15:03,0.35,400,47050
20240103,15:15:09,0.35,400,47050
20240103,15:15:46,0.35,50,47050
20240103,15:15:48,0.35,50,46400
20240103,15:16:28,0.35,250,46400
20240103,15:17:38,0.35,200,46400
20240103,15:20:09,0.3,900,46400
20240103,15:23:07,0.3,300,46400
20240103,15:24:32,0.4,200,45550
20240103,15:25:03,0.3,50,45800
20240103,15:26:05,0.4,500,45800
20240103,15:26:12,0.3,1150,45800
20240103,15:26:32,0.4,250,45800
20240103,15:29:34,0.4,100,45500
20240103,15:29:35,0.45,500,45500
20240103,15:29:36,0.5,50,45500
20240104,09:15:06,0.35,1,45300
20240104,09:15:06,0.35,300,45300
20240104,09:15:10,0.35,200,45300
20240104,09:16:25,0.3,1300,45300
20240104,09:16:27,0.3,250,45300
20240104,09:16:44,0.25,800,45300
20240104,09:16:47,0.25,300,45300
20240104,09:16:53,0.25,1450,45300
20240104,09:16:55,0.25,50,45300
20240104,09:17:04,0.25,50,45300
20240104,09:17:13,0.25,250,45300
20240104,09:17:21,0.25,50,46900
20240104,09:17:56,0.25,600,46900
20240104,09:21:46,0.25,350,47500
20240104,09:23:44,0.25,750,47800
20240104,09:23:50,0.25,800,47800
20240104,09:27:17,0.25,250,47150
20240104,09:28:01,0.25,250,47150
20240104,09:28:22,0.25,50,47150
20240104,09:29:14,0.25,50,47150
20240104,09:29:20,0.2,6250,47150
20240104,09:29:21,0.2,50,47150
20240104,09:29:22,0.2,100,47200
20240104,09:29:24,0.2,50,47200
20240104,09:29:26,0.2,100,47200
20240104,09:29:29,0.2,100,47200
20240104,09:29:30,0.2,300,47200
20240104,09:29:32,0.2,50,47200
20240104,09:29:36,0.2,50,47200
20240104,09:29:41,0.15,1800,47200
20240104,09:29:43,0.15,1800,47200
20240104,09:29:46,0.15,3600,47200
20240104,09:29:47,0.1,1800,47200
20240104,09:29:48,0.1,1800,47200
20240104,09:29:49,0.1,400,47200
20240104,09:29:50,0.1,1800,47200
20240104,09:29:51,0.15,350,47200
20240104,09:29:52,0.15,550,47200
20240104,09:29:56,0.15,450,47200
20240104,09:29:59,0.15,100,47200
20240104,09:30:00,0.15,1800,47200
20240104,09:30:03,0.15,100,47200
20240104,09:30:08,0.15,200,47200
20240104,09:30:09,0.2,200,47200
20240104,09:30:15,0.2,50,47200
20240104,09:30:18,0.15,50,47200
20240104,09:30:38,0.15,2250,47200
20240104,09:30:55,0.15,500,47200
20240104,09:31:08,0.1,2300,47200
20240104,09:31:09,0.15,100,47200
20240104,09:31:14,0.15,100,47200
20240104,09:31:28,0.1,1800,47200
20240104,09:33:01,0.15,200,47200
20240104,09:33:06,0.15,200,34050
20240104,09:36:36,0.15,250,34050
20240104,09:36:42,0.15,900,33650
20240104,09:40:16,0.15,150,33650
20240104,09:47:35,0.15,500,33500
20240104,09:48:50,0.1,900,33500
20240104,09:54:02,0.1,800,33000
20240104,10:04:34,0.1,1800,33000
20240104,10:08:42,0.1,2900,33000
20240104,10:08:54,0.1,1800,33000
20240104,10:13:13,0.1,3600,32150
20240104,10:13:24,0.1,3600,32150
20240104,10:13:31,0.1,3600,32150
20240104,10:15:25,0.15,800,32150
20240104,10:25:13,0.1,6300,32150
20240104,10:36:50,0.15,250,38450
20240104,10:36:51,0.15,300,38450
20240104,10:38:44,0.15,250,38450
20240104,10:38:52,0.15,250,38450
20240104,10:42:51,0.15,250,38150
20240104,11:10:03,0.15,250,38150
20240104,11:16:04,0.15,250,37650
20240104,11:16:35,0.15,250,37650
20240104,11:19:06,0.15,250,37150
20240104,11:20:00,0.15,600,37150
20240104,11:27:55,0.1,1000,37150
20240104,11:28:56,0.1,50,36300
20240104,11:29:08,0.1,50,36300
20240104,11:29:13,0.1,1800,36300
20240104,11:29:14,0.1,1800,36300
20240104,11:32:47,0.1,300,32650
20240104,11:35:43,0.05,50,32650
20240104,11:43:43,0.05,50,32650
20240104,11:44:41,0.05,100,32650
20240104,11:45:55,0.1,250,32650
20240104,11:47:35,0.1,350,32650
20240104,11:48:35,0.05,50,32650
20240104,11:49:59,0.1,50,32650
20240104,11:50:07,0.1,50,32650
20240104,11:50:18,0.1,250,32650
20240104,11:51:35,0.1,250,32650
20240104,11:54:56,0.1,200,32600
20240104,11:57:13,0.1,500,32400
20240104,12:17:33,0.1,850,31900
20240104,12:19:22,0.1,50,31900
20240104,12:20:00,0.05,300,31050
20240104,12:22:59,0.05,50,31050
20240104,12:23:06,0.05,300,31050
20240104,12:24:23,0.05,450,31050
20240104,12:24:24,0.05,250,31050
20240104,12:41:44,0.05,250,31050
20240104,12:42:11,0.05,50,31050
20240104,12:44:00,0.1,50,31050
20240104,12:44:03,0.1,50,31050
20240104,12:44:52,0.05,650,30950
20240104,12:45:05,0.05,50,30950
20240104,12:45:07,0.05,50,30950
20240104,12:45:08,0.05,50,30950
20240104,12:45:21,0.05,1000,30950
20240104,12:45:29,0.05,650,30950
20240104,12:46:20,0.05,1950,30950
20240104,12:46:26,0.05,2800,30950
20240104,12:46:43,0.05,50,30950
20240104,12:47:16,0.05,50,30950
20240104,12:47:26,0.05,50,30950
20240104,12:48:51,0.05,2800,30950
20240104,12:52:04,0.05,50,25000
20240104,12:52:52,0.05,1600,25000
20240104,12:52:53,0.05,1050,25000
20240104,12:52:54,0.05,50,25000
20240104,12:52:56,0.05,50,25000
20240104,12:52:58,0.05,600,25000
20240104,12:58:23,0.05,1400,21600
20240104,14:19:55,0.05,250,20200
20240104,14:19:57,0.05,250,20200
20240104,14:19:59,0.05,250,20200
20240104,14:20:11,0.05,250,20200
20240104,14:22:05,0.05,250,20200
20240104,14:54:56,0.05,700,20400
20240104,15:07:37,0.05,1800,20650
20240104,15:07:38,0.05,1800,20650
20240104,15:09:38,0.05,300,20650
20240104,15:25:00,0.05,200,16850
20240104,15:29:33,0.05,800,16850
20240104,15:29:34,0.05,450,16850
