date,time,tick_price,volume,open_interest
20240115,09:29:44,407.25,50,50
20240116,09:18:02,326.6,1,50
20240116,09:18:02,326.6,50,50
20240116,09:29:12,343.55,50,50
20240202,09:15:06,393.5,1,50
20240202,09:15:06,393.45,1,50
20240202,09:15:06,393.5,600,50
20240202,09:17:24,364.2,650,650
20240202,09:18:05,360.7,650,650
20240202,09:20:07,342.0,700,650
20240202,09:20:49,338.4,50,2650
20240202,09:20:55,336.6,200,2650
20240202,09:21:00,336.6,50,2650
20240202,09:21:03,336.25,650,2650
20240202,09:21:23,336.0,100,2650
20240202,09:21:25,336.0,100,2650
20240202,09:21:26,338.6,1300,2650
20240202,09:21:35,339.5,250,2650
20240202,09:21:36,337.75,800,2650
20240202,09:22:04,328.3,350,2650
20240202,09:22:09,328.3,300,2650
20240202,09:23:01,328.5,750,2650
20240202,09:23:02,325.7,350,2650
20240202,09:23:57,321.4,50,4350
20240202,09:24:17,321.1,350,4350
20240202,09:27:11,317.75,100,4350
20240202,09:29:25,314.0,50,4400
20240202,09:33:11,312.85,100,4450
20240202,09:35:45,307.55,100,4350
20240202,09:36:59,307.55,700,4350
20240202,09:37:03,316.15,350,4350
20240202,09:37:08,315.8,350,4350
20240202,09:37:43,314.8,350,4350
20240202,09:38:04,313.3,350,4350
20240202,09:38:06,313.5,50,4350
20240202,09:38:09,315.2,50,4350
20240202,09:38:11,315.6,350,4350
20240202,09:38:20,315.1,350,4350
20240202,09:39:57,313.6,50,5200
20240202,09:39:58,313.1,350,5200
20240202,09:40:00,313.0,50,5200
20240202,09:41:24,308.5,50,6000
20240202,09:42:00,311.5,350,6000
20240202,09:42:51,309.25,50,6000
20240202,09:43:32,308.1,50,6000
20240202,09:44:40,307.8,150,6450
20240202,09:45:17,306.3,600,6450
20240202,09:45:26,305.4,200,6450
20240202,09:45:29,305.4,150,6450
20240202,09:45:56,312.4,50,6450
20240202,09:46:02,312.15,50,6450
20240202,09:46:22,311.25,50,6450
20240202,09:47:22,310.15,50,7150
20240202,09:52:54,301.6,250,7150
20240202,09:53:24,299.8,600,7150
20240202,09:54:05,299.8,50,7150
20240202,09:55:35,299.55,150,7150
20240202,09:59:16,299.55,250,7150
20240202,09:59:29,304.55,100,8050
20240202,09:59:58,302.95,50,8050
20240202,10:00:01,302.05,150,8050
20240202,10:00:06,301.35,350,8050
20240202,10:01:42,293.25,100,8050
20240202,10:01:44,293.25,350,8050
20240202,10:05:05,295.05,150,8650
20240202,10:05:23,292.6,150,8800
20240202,10:05:24,292.6,50,8800
20240202,10:06:00,289.9,950,8800
20240202,10:08:15,289.9,100,8800
20240202,10:08:20,292.8,50,8800
20240202,10:10:09,288.6,150,8900
20240202,10:10:11,288.5,50,8900
20240202,10:10:14,287.45,50,8900
20240202,10:10:16,287.45,100,8900
20240202,10:10:18,288.9,750,8900
20240202,10:11:17,292.0,50,8900
20240202,10:11:50,290.65,150,9200
20240202,10:12:00,290.25,500,9200
20240202,10:12:51,289.2,50,9200
20240202,10:13:04,289.95,50,9200
20240202,10:14:02,292.15,950,9200
20240202,10:22:26,302.25,600,9450
20240202,10:24:16,293.85,100,10000
20240202,10:24:20,294.45,100,10000
20240202,10:24:24,294.45,350,10000
20240202,10:24:27,294.35,100,10000
20240202,10:25:05,293.9,100,10000
20240202,10:29:00,288.35,100,10550
20240202,10:29:03,288.45,100,10550
20240202,10:37:55,295.2,100,10450
20240202,10:38:34,299.45,100,10450
20240202,10:39:01,298.5,150,10450
20240202,10:53:08,302.6,300,10450
20240202,10:59:51,287.7,100,10450
20240202,11:04:08,279.75,100,10450
20240202,11:04:09,279.75,350,10450
20240202,11:13:37,277.95,100,10700
20240202,11:13:41,274.95,50,10700
20240202,11:13:44,274.95,100,10700
20240202,11:13:47,275.7,200,10700
20240202,11:13:52,271.6,400,10700
20240202,11:13:54,271.6,350,10700
20240202,11:13:57,270.25,100,10700
20240202,11:14:05,270.25,100,10700
20240202,11:14:07,272.55,100,10700
20240202,11:14:10,270.8,100,10700
20240202,11:14:19,270.9,100,10700
20240202,11:14:39,267.4,100,11800
20240202,11:14:40,267.4,350,11800
20240202,11:15:00,268.75,350,11800
20240202,11:16:00,263.3,300,11800
20240202,11:16:17,260.4,100,11800
20240202,11:16:35,261.75,50,11800
20240202,11:16:39,260.1,350,11800
20240202,11:16:42,259.95,50,11800
20240202,11:16:44,259.95,650,11800
20240202,11:16:47,259.25,450,11800
20240202,11:16:50,258.45,50,11800
20240202,11:16:54,258.45,350,11800
20240202,11:17:04,257.45,700,11800
20240202,11:17:05,256.3,850,11800
20240202,11:17:07,257.1,650,11800
20240202,11:17:09,257.95,300,11800
20240202,11:17:10,258.05,650,11800
20240202,11:17:17,258.2,50,11800
20240202,11:17:20,257.4,250,11800
20240202,11:17:29,255.0,450,11800
20240202,11:17:30,255.0,200,13200
20240202,11:17:42,255.1,200,13200
20240202,11:17:57,255.4,150,13200
20240202,11:18:14,252.7,50,13200
20240202,11:18:30,252.7,350,13200
20240202,11:19:32,254.65,50,13200
20240202,11:19:50,254.55,50,13200
20240202,11:22:20,249.95,200,13050
20240202,11:23:46,249.95,50,13050
20240202,11:25:25,249.95,200,13050
20240202,11:25:27,250.2,200,13050
20240202,11:25:58,251.95,50,13050
20240202,11:26:11,253.8,50,13050
20240202,11:26:14,254.1,50,13050
20240202,11:26:32,254.0,50,13350
20240202,11:26:47,253.6,50,13350
20240202,11:27:21,255.35,250,13350
20240202,11:28:12,251.8,50,13350
20240202,11:28:16,253.0,500,13350
20240202,11:28:46,254.5,100,13350
20240202,11:30:01,251.45,100,13850
20240202,11:31:09,248.55,200,13850
20240202,11:31:14,248.55,200,13850
20240202,11:31:35,249.3,50,13850
20240202,11:32:02,248.0,50,13850
20240202,11:32:03,248.0,200,13850
20240202,11:32:13,247.3,1200,13850
20240202,11:32:18,247.55,250,13850
20240202,11:32:30,249.7,300,13850
20240202,11:33:03,248.65,100,14500
20240202,11:33:08,249.45,800,14500
20240202,11:33:34,251.5,200,14500
20240202,11:33:58,252.7,1800,14500
20240202,11:34:07,251.3,100,14500
20240202,11:34:08,250.6,150,14500
20240202,11:34:30,250.35,500,14500
20240202,11:34:38,250.0,100,14500
20240202,11:34:45,250.05,100,14500
20240202,11:34:50,248.05,200,14500
20240202,11:35:25,246.55,50,14500
20240202,11:35:28,246.45,150,14500
20240202,11:35:30,246.15,50,14500
20240202,11:35:41,246.15,50,17000
20240202,11:35:45,248.05,50,17000
20240202,11:36:03,248.1,150,17000
20240202,11:36:16,247.05,500,17000
20240202,11:36:18,246.4,1000,17000
20240202,11:36:58,245.8,500,17000
20240202,11:37:08,245.8,200,17000
20240202,11:37:11,245.75,200,17000
20240202,11:37:15,245.75,50,17000
20240202,11:37:16,245.3,500,17000
20240202,11:37:23,245.3,100,17000
20240202,11:37:31,245.4,300,17000
20240202,11:37:33,245.0,100,17000
20240202,11:37:38,245.0,200,17000
20240202,11:37:39,246.15,300,17000
20240202,11:37:41,245.05,250,17000
20240202,11:37:46,244.55,300,17000
20240202,11:38:03,244.1,350,17000
20240202,11:38:05,243.6,100,17000
20240202,11:38:21,241.55,250,17000
20240202,11:38:23,241.35,100,17000
20240202,11:38:26,241.35,100,17000
20240202,11:38:28,244.2,200,17000
20240202,11:38:29,244.75,50,17000
20240202,11:38:36,243.2,150,18950
20240202,11:38:41,243.7,50,18950
20240202,11:38:46,243.35,50,18950
20240202,11:39:09,240.3,550,18950
20240202,11:39:17,240.3,150,18950
20240202,11:39:19,240.6,50,18950
20240202,11:39:21,242.2,200,18950
20240202,11:39:27,241.8,50,18950
20240202,11:39:40,243.6,200,18950
20240202,11:39:47,242.85,50,18950
20240202,11:39:48,243.1,150,18950
20240202,11:39:52,243.65,350,18950
20240202,11:40:16,241.1,200,18950
20240202,11:40:20,241.5,200,18950
20240202,11:40:21,240.85,200,18950
20240202,11:40:28,242.0,600,18950
20240202,11:40:31,243.4,50,18950
20240202,11:40:33,242.75,50,18950
20240202,11:40:35,242.5,450,18950
20240202,11:40:36,242.55,200,18950
20240202,11:40:38,243.55,200,18950
20240202,11:40:40,243.4,200,18950
20240202,11:40:43,243.45,300,18950
20240202,11:40:45,242.7,400,18950
20240202,11:40:51,241.4,300,18950
20240202,11:40:55,241.95,300,18950
20240202,11:40:58,241.25,200,18950
20240202,11:41:05,241.15,150,18950
20240202,11:41:06,243.2,150,18950
20240202,11:41:13,242.6,100,18950
20240202,11:41:16,242.6,150,18950
20240202,11:41:18,241.8,100,18950
20240202,11:41:20,241.6,100,18950
20240202,11:41:30,242.45,50,18950
20240202,11:41:45,240.85,200,21700
20240202,11:41:46,240.15,150,21700
20240202,11:41:50,240.15,50,21700
20240202,11:41:56,240.75,50,21700
20240202,11:42:03,240.85,50,21700
20240202,11:42:19,238.3,50,21700
20240202,11:42:21,238.3,150,21700
20240202,11:42:31,240.6,50,21700
20240202,11:42:39,240.5,50,21700
20240202,11:42:51,241.85,50,21700
20240202,11:42:54,242.6,50,21700
20240202,11:42:58,243.6,100,21700
20240202,11:43:01,241.85,150,21700
20240202,11:43:11,243.0,550,21700
20240202,11:43:13,242.85,100,21700
20240202,11:43:16,244.05,350,21700
20240202,11:43:26,243.95,50,21700
20240202,11:43:35,244.35,900,21700
20240202,11:43:36,243.4,500,21700
20240202,11:43:38,243.4,100,21700
20240202,11:43:41,244.15,50,21700
20240202,11:43:55,245.65,100,21700
20240202,11:43:58,244.15,50,21700
20240202,11:44:15,244.7,100,21700
20240202,11:44:36,246.8,50,23000
20240202,11:44:43,247.45,50,23000
20240202,11:44:46,246.7,250,23000
20240202,11:44:53,246.75,250,23000
20240202,11:44:55,247.05,100,23000
20240202,11:45:18,248.3,400,23000
20240202,11:45:28,248.7,100,23000
20240202,11:45:35,247.85,100,23000
20240202,11:45:56,249.4,50,23000
20240202,11:46:10,250.05,200,23000
20240202,11:46:25,249.35,50,23000
20240202,11:47:30,247.3,100,23000
20240202,11:47:57,244.85,50,23350
20240202,11:48:05,246.0,150,23350
20240202,11:48:20,246.2,250,23350
20240202,11:48:27,247.1,250,23350
20240202,11:48:35,246.0,50,23350
20240202,11:48:38,245.85,100,23350
20240202,11:48:40,246.5,50,23350
20240202,11:49:31,248.85,100,23350
20240202,11:49:38,252.0,1800,23350
20240202,11:49:40,250.45,50,23350
20240202,11:49:41,250.35,100,23350
20240202,11:49:46,249.6,200,23350
20240202,11:49:48,249.55,1300,23350
20240202,11:49:53,251.05,400,23350
20240202,11:49:58,251.15,200,23350
20240202,11:50:00,250.65,100,23350
20240202,11:50:16,250.55,400,23350
20240202,11:50:23,249.25,100,23350
20240202,11:50:42,249.25,100,25850
20240202,11:51:21,251.35,50,25850
20240202,11:51:30,250.2,150,25850
20240202,11:52:11,251.45,500,25850
20240202,11:52:23,251.8,50,25850
20240202,11:52:28,249.75,250,25850
20240202,11:52:31,249.1,50,25850
20240202,11:53:18,250.0,50,25850
20240202,11:53:30,250.55,50,25850
20240202,11:54:03,251.15,150,26200
20240202,11:54:20,248.95,50,26200
20240202,11:54:28,250.0,100,26200
20240202,11:54:50,248.95,200,26200
20240202,11:55:40,248.4,100,26200
20240202,11:56:14,245.65,100,26200
20240202,11:56:18,245.75,100,26200
20240202,11:56:48,245.2,100,26550
20240202,11:57:50,239.2,400,26550
20240202,11:57:51,239.65,100,26550
20240202,11:58:02,242.2,100,26550
20240202,11:58:22,240.2,400,26550
20240202,11:58:37,240.55,400,26550
20240202,11:59:21,241.5,200,26550
20240202,11:59:27,239.6,50,26550
20240202,11:59:29,239.1,250,26550
20240202,11:59:32,239.85,150,26550
20240202,11:59:34,240.0,50,26550
20240202,11:59:44,240.9,450,27250
20240202,11:59:51,238.05,150,27250
20240202,11:59:59,238.05,50,27250
20240202,12:00:04,236.05,50,27250
20240202,12:00:25,236.05,100,27250
20240202,12:01:04,236.0,50,27250
20240202,12:01:16,234.55,250,27250
20240202,12:01:20,233.95,100,27250
20240202,12:01:21,233.75,100,27250
20240202,12:01:42,233.75,200,27250
20240202,12:01:57,236.5,100,27250
20240202,12:03:48,235.65,250,27700
20240202,12:04:00,235.8,50,27700
20240202,12:04:01,236.6,400,27700
20240202,12:04:34,236.6,50,27700
20240202,12:04:41,235.6,300,27700
20240202,12:05:01,237.55,150,27700
20240202,12:05:39,239.2,500,27600
20240202,12:05:41,239.45,350,27600
20240202,12:05:58,240.05,350,27600
20240202,12:06:23,241.75,50,27600
20240202,12:06:45,244.0,100,27600
20240202,12:07:02,244.65,50,27600
20240202,12:07:11,244.0,50,27600
20240202,12:07:24,243.55,200,27600
20240202,12:07:39,245.95,500,27600
20240202,12:07:44,245.8,250,27600
20240202,12:07:52,246.8,150,27600
20240202,12:07:54,246.85,50,27600
20240202,12:07:56,247.15,50,27600
20240202,12:07:57,247.55,50,27600
20240202,12:08:01,246.45,2350,27600
20240202,12:08:05,246.35,350,27600
20240202,12:08:10,244.65,50,27600
20240202,12:09:50,247.3,50,28650
20240202,12:10:26,247.2,200,28650
20240202,12:10:29,246.05,150,28650
20240202,12:12:26,248.3,150,28350
20240202,12:12:27,248.2,200,28350
20240202,12:13:07,249.9,50,28350
20240202,12:14:09,252.7,100,28350
20240202,12:14:11,252.3,50,28350
20240202,12:14:14,251.65,50,28350
20240202,12:14:51,248.5,400,28000
20240202,12:14:58,250.1,150,28000
20240202,12:15:12,251.6,200,28000
20240202,12:15:28,252.45,200,28000
20240202,12:16:15,248.0,100,28000
20240202,12:18:05,251.35,50,28500
20240202,12:18:43,250.0,100,28500
20240202,12:18:45,248.5,50,28500
20240202,12:20:52,249.75,100,28450
20240202,12:24:11,254.8,1300,28450
20240202,12:24:19,253.75,250,28450
20240202,12:24:34,257.0,50,28450
20240202,12:25:06,261.95,100,28450
20240202,12:25:11,259.7,250,28450
20240202,12:25:14,258.2,50,28450
20240202,12:25:17,260.1,200,28450
20240202,12:25:24,261.95,100,28450
20240202,12:25:34,262.35,50,28450
20240202,12:25:42,261.1,150,28450
20240202,12:26:12,261.4,200,28450
20240202,12:26:43,262.15,50,28900
20240202,12:27:00,261.8,50,28900
20240202,12:27:27,270.0,200,28900
20240202,12:27:33,271.95,200,28900
20240202,12:27:35,269.4,200,28900
20240202,12:27:55,265.35,250,28900
20240202,12:27:57,266.0,100,28900
20240202,12:28:00,268.0,200,28900
20240202,12:28:02,269.0,750,28900
20240202,12:28:12,270.9,100,28900
20240202,12:28:25,274.5,250,28900
20240202,12:28:43,279.0,50,28900
20240202,12:28:48,279.05,50,28900
20240202,12:29:01,279.95,50,28900
20240202,12:29:22,292.8,300,28900
20240202,12:29:35,290.95,50,28900
20240202,12:29:37,287.95,50,28900
20240202,12:29:42,290.4,300,27900
20240202,12:29:53,288.2,250,27900
20240202,12:29:57,289.8,250,27900
20240202,12:30:00,289.8,200,27900
20240202,12:30:02,290.5,100,27900
20240202,12:30:03,292.0,100,27900
20240202,12:30:04,294.0,300,27900
20240202,12:30:06,295.25,250,27900
20240202,12:30:08,295.85,50,27900
20240202,12:30:10,296.65,50,27900
20240202,12:30:13,296.85,50,27900
20240202,12:30:15,299.65,200,27900
20240202,12:30:16,300.0,400,27900
20240202,12:30:20,302.2,50,27900
20240202,12:30:21,303.1,400,27900
20240202,12:30:23,304.25,50,27900
20240202,12:30:26,305.95,800,27900
20240202,12:30:31,307.6,1050,27900
20240202,12:30:33,309.9,200,27900
20240202,12:30:38,313.95,50,27900
20240202,12:30:40,314.75,100,27900
20240202,12:30:46,307.55,400,27900
20240202,12:30:48,306.5,200,27900
20240202,12:30:50,307.85,100,27900
20240202,12:30:51,306.8,900,27900
20240202,12:30:53,308.45,50,27900
20240202,12:30:55,307.1,100,27900
20240202,12:30:56,306.65,100,27900
20240202,12:31:01,306.3,650,27900
20240202,12:31:02,306.85,100,27900
20240202,12:31:05,309.35,250,27900
20240202,12:31:07,311.55,1000,27900
20240202,12:31:09,312.55,300,27900
20240202,12:31:10,313.65,300,27900
20240202,12:31:12,314.4,50,27900
20240202,12:31:25,316.7,300,27900
20240202,12:31:30,317.7,100,27900
20240202,12:31:32,318.6,100,27900
20240202,12:31:40,327.85,50,27900
20240202,12:31:42,328.75,1900,27900
20240202,12:31:44,328.65,450,27900
20240202,12:31:47,327.55,100,27900
20240202,12:31:49,328.35,50,27900
20240202,12:31:52,328.75,50,27900
20240202,12:31:54,330.05,450,27900
20240202,12:31:55,329.0,50,27900
20240202,12:31:57,329.35,50,27900
20240202,12:32:02,329.9,1300,27900
20240202,12:32:06,330.65,150,27900
20240202,12:32:07,327.15,550,27900
20240202,12:32:09,322.65,450,27900
20240202,12:32:11,316.55,1950,27900
20240202,12:32:12,317.8,50,27900
20240202,12:32:14,318.8,3100,27900
20240202,12:32:16,318.2,50,27900
20240202,12:32:22,317.65,100,27900
20240202,12:32:26,317.05,650,27900
20240202,12:32:27,316.55,200,27900
20240202,12:32:34,314.7,450,27900
20240202,12:32:36,315.9,200,27900
20240202,12:32:41,321.25,250,24750
20240202,12:32:42,323.05,150,24750
20240202,12:32:44,323.15,50,24750
20240202,12:32:47,324.1,100,24750
20240202,12:32:49,325.05,50,24750
20240202,12:32:57,325.2,50,24750
20240202,12:33:01,324.15,100,24750
20240202,12:33:02,325.3,350,24750
20240202,12:33:04,327.3,1350,24750
20240202,12:33:07,327.75,50,24750
20240202,12:33:12,329.15,150,24750
20240202,12:33:14,331.95,150,24750
20240202,12:33:16,328.0,400,24750
20240202,12:33:17,325.55,250,24750
20240202,12:33:24,328.5,50,24750
20240202,12:33:32,325.1,50,24750
20240202,12:33:37,324.2,50,24750
20240202,12:33:39,324.85,100,24750
20240202,12:33:42,325.9,50,24750
20240202,12:33:52,317.25,50,24750
20240202,12:33:54,318.7,100,24750
20240202,12:33:59,317.05,100,24750
20240202,12:34:01,313.4,350,24750
20240202,12:34:09,315.95,150,24750
20240202,12:34:16,306.65,1650,24750
20240202,12:34:23,309.1,100,24750
20240202,12:34:31,304.0,50,24750
20240202,12:34:33,305.0,200,24750
20240202,12:34:39,306.5,3500,24750
20240202,12:34:43,302.65,50,24750
20240202,12:34:48,300.05,50,24750
20240202,12:35:01,306.75,50,24750
20240202,12:35:02,308.8,50,24750
20240202,12:35:11,314.9,50,24750
20240202,12:35:21,325.15,150,24750
20240202,12:35:26,330.65,150,24750
20240202,12:35:29,330.1,50,24750
20240202,12:35:31,330.95,150,24750
20240202,12:35:37,329.95,100,24750
20240202,12:35:41,333.4,100,24750
20240202,12:35:44,335.45,200,21250
20240202,12:35:51,340.4,150,21250
20240202,12:35:52,340.15,50,21250
20240202,12:35:54,341.5,750,21250
20240202,12:36:02,347.4,100,21250
20240202,12:36:04,351.55,100,21250
20240202,12:36:06,346.5,1850,21250
20240202,12:36:07,350.25,300,21250
20240202,12:36:09,351.3,150,21250
20240202,12:36:11,353.95,300,21250
20240202,12:36:14,353.15,50,21250
20240202,12:36:16,355.2,200,21250
20240202,12:36:17,353.95,250,21250
20240202,12:36:23,358.35,150,21250
20240202,12:36:26,358.05,500,21250
20240202,12:36:31,354.65,100,21250
20240202,12:36:38,354.4,100,21250
20240202,12:36:39,354.65,50,21250
20240202,12:36:43,349.9,50,21250
20240202,12:36:44,348.85,650,21250
20240202,12:36:46,348.65,100,21250
20240202,12:36:48,346.9,150,21250
20240202,12:36:49,347.15,150,21250
20240202,12:36:54,344.7,100,21250
20240202,12:36:59,341.75,200,21250
20240202,12:37:02,341.35,100,21250
20240202,12:37:07,341.55,50,21250
20240202,12:37:14,344.15,100,21250
20240202,12:37:19,344.2,50,21250
20240202,12:37:24,344.1,50,21250
20240202,12:37:27,343.8,150,21250
20240202,12:37:32,339.2,100,21250
20240202,12:37:34,337.4,1800,21250
20240202,12:37:35,340.4,100,21250
20240202,12:37:39,339.35,650,21250
20240202,12:37:42,336.85,100,21250
20240202,12:37:44,337.8,100,21250
20240202,12:37:54,339.15,200,21250
20240202,12:37:59,336.1,50,21250
20240202,12:38:04,332.8,850,21250
20240202,12:38:05,334.45,150,21250
20240202,12:38:07,336.15,50,21250
20240202,12:38:09,335.8,350,21250
20240202,12:38:12,329.2,350,21250
20240202,12:38:15,329.0,350,21250
20240202,12:38:19,328.0,600,21250
20240202,12:38:22,328.4,700,21250
20240202,12:38:25,330.95,50,21250
20240202,12:38:27,333.55,50,21250
20240202,12:38:42,329.65,150,17400
20240202,12:38:46,332.7,50,17400
20240202,12:39:01,330.85,50,17400
20240202,12:39:02,330.2,200,17400
20240202,12:39:12,326.8,300,17400
20240202,12:39:26,338.6,100,17400
20240202,12:39:27,337.45,200,17400
20240202,12:39:31,334.6,300,17400
20240202,12:39:37,333.55,50,17400
20240202,12:39:54,326.05,400,17400
20240202,12:40:02,319.2,50,17400
20240202,12:40:04,320.0,50,17400
20240202,12:40:06,321.05,50,17400
20240202,12:40:09,319.4,50,17400
20240202,12:40:11,316.8,50,17400
20240202,12:40:19,312.15,750,17400
20240202,12:40:22,314.5,100,17400
20240202,12:40:29,312.65,100,17400
20240202,12:40:31,312.85,300,17400
20240202,12:40:37,312.7,50,17400
20240202,12:40:41,310.75,50,17400
20240202,12:40:49,305.65,150,17400
20240202,12:40:51,308.7,150,17400
20240202,12:40:52,311.5,550,17400
20240202,12:41:02,312.95,200,17400
20240202,12:41:29,317.8,50,17400
20240202,12:41:42,319.75,50,15950
20240202,12:41:49,319.1,50,15950
20240202,12:42:02,316.8,300,15950
20240202,12:42:21,329.15,650,15950
20240202,12:42:31,322.3,50,15950
20240202,12:42:32,319.3,50,15950
20240202,12:42:34,319.0,350,15950
20240202,12:42:39,319.65,250,15950
20240202,12:42:51,320.35,50,15950
20240202,12:42:52,320.0,50,15950
20240202,12:43:09,317.1,100,15950
20240202,12:43:19,318.8,650,15950
20240202,12:43:29,317.45,50,15950
20240202,12:44:31,318.25,50,15950
20240202,12:45:25,319.0,200,15550
20240202,12:45:30,315.2,50,15550
20240202,12:45:35,315.95,50,15550
20240202,12:46:08,315.15,50,15550
20240202,12:46:15,314.55,600,15550
20240202,12:46:50,323.85,150,15550
20240202,12:46:55,323.8,50,15550
20240202,12:46:58,326.0,50,15550
20240202,12:47:03,326.1,50,15550
20240202,12:47:11,330.3,50,15550
20240202,12:47:36,323.15,50,15550
20240202,12:47:48,330.0,100,15950
20240202,12:47:50,330.3,450,15950
20240202,12:47:53,329.8,150,15950
20240202,12:47:55,331.05,500,15950
20240202,12:48:08,330.5,50,15950
20240202,12:48:09,332.7,50,15950
20240202,12:48:11,330.05,50,15950
20240202,12:48:13,332.0,400,15950
20240202,12:48:29,338.0,50,15950
20240202,12:48:53,335.55,100,15950
20240202,12:48:58,333.5,100,15950
20240202,12:49:21,343.0,50,15950
20240202,12:49:23,342.3,100,15950
20240202,12:49:28,340.45,100,15950
20240202,12:49:35,338.05,50,15950
20240202,12:49:46,341.3,50,15950
20240202,12:50:05,338.05,50,15950
20240202,12:50:26,349.0,50,15950
20240202,12:50:35,352.75,50,15950
20240202,12:50:41,347.35,100,15950
20240202,12:50:43,348.7,50,15950
20240202,12:50:50,348.65,50,15900
20240202,12:50:58,343.25,300,15900
20240202,12:51:13,340.7,100,15900
20240202,12:51:15,339.1,400,15900
20240202,12:51:45,333.85,250,15900
20240202,12:51:50,329.1,50,15900
20240202,12:51:53,328.9,50,15900
20240202,12:52:05,328.55,800,15900
20240202,12:52:55,331.5,50,15900
20240202,12:53:55,329.4,50,16250
20240202,12:54:05,325.55,150,16250
20240202,12:59:32,328.25,100,16200
20240202,13:00:33,336.75,250,16150
20240202,13:01:20,325.0,250,16150
20240202,13:01:37,328.0,100,16150
20240202,13:06:02,328.9,50,16350
20240202,13:06:24,328.2,150,16350
20240202,13:08:53,326.85,50,16250
20240202,13:10:06,331.6,50,16250
20240202,13:10:28,330.1,50,16250
20240202,13:10:49,328.9,50,16250
20240202,13:10:58,327.45,50,16250
20240202,13:11:04,330.25,50,16250
20240202,13:11:06,331.6,50,16250
20240202,13:11:52,341.55,150,16250
20240202,13:11:57,338.45,150,16250
20240202,13:12:11,338.9,250,16250
20240202,13:13:04,339.75,50,16250
20240202,13:13:21,343.55,50,16250
20240202,13:13:22,344.7,450,16250
20240202,13:13:29,340.65,50,16250
20240202,13:13:53,350.0,100,16250
20240202,13:14:00,351.85,50,16250
20240202,13:14:02,347.6,800,16250
20240202,13:14:06,349.95,100,16250
20240202,13:14:08,349.1,100,16250
20240202,13:14:18,353.2,50,16250
20240202,13:14:21,353.3,150,16250
20240202,13:14:26,353.0,50,16250
20240202,13:14:43,358.2,250,16250
20240202,13:14:56,357.3,200,15550
20240202,13:14:58,356.4,200,15550
20240202,13:15:01,359.65,100,15550
20240202,13:15:22,367.5,400,15550
20240202,13:15:42,375.0,100,15550
20240202,13:15:50,377.6,50,15550
20240202,13:16:13,366.25,50,15550
20240202,13:17:20,356.05,50,15550
20240202,13:18:53,350.25,200,15550
20240202,13:19:01,353.55,50,15550
20240202,13:19:20,353.15,100,15550
20240202,13:19:21,352.75,200,15550
20240202,13:20:00,354.45,50,15550
20240202,13:20:16,358.2,150,15550
20240202,13:21:09,362.9,150,15450
20240202,13:21:11,361.95,150,15450
20240202,13:21:48,365.75,150,15450
20240202,13:21:56,363.9,50,15450
20240202,13:22:09,364.8,150,15450
20240202,13:22:11,363.85,150,15450
20240202,13:23:17,363.7,50,15450
20240202,13:25:59,391.85,500,15400
20240202,13:26:01,392.0,250,15400
20240202,13:26:03,391.5,200,15400
20240202,13:26:06,386.95,100,15400
20240202,13:26:16,381.65,200,15400
20240202,13:26:44,371.7,350,15400
20240202,13:27:28,379.95,50,16150
20240202,13:27:48,382.0,100,16150
20240202,13:27:53,380.0,150,16150
20240202,13:27:58,377.35,250,16150
20240202,13:28:28,374.3,150,16150
20240202,13:28:58,369.0,50,16150
20240202,13:29:23,360.45,50,16150
20240202,13:30:37,362.9,150,16150
20240202,13:31:00,365.55,150,16100
20240202,13:31:51,378.05,50,16100
20240202,13:31:56,378.2,50,16100
20240202,13:32:13,377.15,150,16100
20240202,13:33:10,377.15,150,16300
20240202,13:34:16,368.6,50,16300
20240202,13:34:44,369.0,50,16300
20240202,13:35:36,365.75,100,16300
20240202,13:35:38,365.0,100,16300
20240202,13:35:46,363.35,50,16300
20240202,13:36:26,363.8,50,16250
20240202,13:36:51,362.2,400,16250
20240202,13:38:17,355.5,150,16250
20240202,13:38:47,350.0,50,16250
20240202,13:40:18,348.3,100,16400
20240202,13:40:21,350.0,50,16400
20240202,13:40:48,355.0,50,16400
20240202,13:41:34,362.85,50,16400
20240202,13:50:16,360.05,150,16250
20240202,13:50:28,357.55,150,16250
20240202,13:51:03,364.2,50,16400
20240202,13:52:17,356.2,50,16400
20240202,13:55:01,345.6,150,16450
20240202,14:06:30,333.2,50,16450
20240202,14:12:33,334.95,50,16400
20240202,14:22:11,329.75,150,16400
20240202,14:24:20,333.05,600,16600
20240202,14:28:42,337.45,150,16600
20240202,14:35:05,333.8,600,16600
20240202,14:36:47,329.8,150,16600
20240202,14:44:31,315.5,50,16600
20240202,14:44:49,317.6,150,16600
20240202,14:51:14,330.4,450,16550
20240202,14:52:03,332.55,50,16550
20240202,14:53:00,339.3,150,16550
20240202,14:53:15,336.55,50,16550
20240202,14:55:00,346.05,50,16550
20240202,14:55:02,345.65,50,16800
20240202,14:55:47,352.75,50,16800
20240202,14:55:49,353.15,100,16800
20240202,14:55:57,353.15,50,16800
20240202,14:56:22,360.0,50,16800
20240202,14:56:36,362.45,50,16800
20240202,14:57:19,365.6,550,16850
20240202,14:57:58,375.25,150,16850
20240202,14:58:02,380.0,300,16850
20240202,14:58:06,379.0,100,16850
20240202,14:59:07,375.25,150,16850
20240202,15:00:22,349.5,50,15900
20240202,15:00:37,350.9,300,15900
20240202,15:00:41,350.75,150,15900
20240202,15:00:56,360.5,100,15900
20240202,15:01:37,358.35,100,15900
20240202,15:02:19,362.9,150,15900
20240202,15:03:37,374.35,50,15450
20240202,15:04:01,373.5,50,15450
20240202,15:05:27,370.5,50,15450
20240202,15:06:49,358.15,50,15450
20240202,15:07:20,354.6,150,15350
20240202,15:08:10,351.95,100,15350
20240202,15:08:27,353.75,50,15350
20240202,15:08:30,355.5,150,15350
20240202,15:09:31,351.0,50,15150
20240202,15:10:27,357.7,50,15150
20240202,15:12:33,356.35,200,15150
20240202,15:12:55,357.3,150,15150
20240202,15:13:02,360.95,150,15150
20240202,15:13:07,361.4,150,15150
20240202,15:13:08,361.9,50,15150
20240202,15:13:13,359.1,150,15150
20240202,15:14:51,366.35,100,15150
20240202,15:14:58,362.3,50,15150
20240202,15:17:11,365.35,50,14900
20240202,15:17:19,364.95,150,14900
20240202,15:18:15,363.95,150,14750
20240202,15:18:17,364.25,150,14750
20240202,15:18:22,365.35,150,14750
20240202,15:18:30,369.0,100,14750
20240202,15:18:35,368.15,50,14750
20240202,15:19:10,366.9,50,14750
20240202,15:20:06,368.6,150,14750
20240202,15:20:07,369.55,150,14750
20240202,15:22:48,369.0,50,14750
20240202,15:23:45,365.85,100,14450
20240202,15:23:52,365.75,150,14450
20240202,15:25:11,370.3,50,14400
20240202,15:25:48,367.75,50,14400
20240202,15:26:39,365.75,50,14400
20240202,15:27:03,365.1,50,14400
20240202,15:27:32,358.8,150,14350
20240202,15:27:34,358.65,350,14350
20240202,15:27:35,358.65,550,14350
20240202,15:27:48,359.9,100,14350
20240202,15:28:56,361.2,50,14350
20240205,09:20:01,389.0,1,13200
20240205,09:20:01,389.0,50,13200
20240205,09:20:48,385.0,50,13200
20240205,09:20:56,385.0,50,13200
20240205,09:21:32,388.15,50,13200
20240205,09:21:35,390.0,50,13200
20240205,09:22:21,393.6,100,13200
20240205,09:23:06,393.6,100,13200
20240205,09:23:33,385.0,50,13200
20240205,09:23:49,381.0,100,13200
20240205,09:24:01,381.0,50,13200
20240205,09:24:04,381.0,50,13200
20240205,09:24:08,378.75,50,13200
20240205,09:27:04,352.7,350,13200
20240205,09:27:06,352.7,350,13200
20240205,09:27:09,353.0,350,13200
20240205,09:27:12,354.3,350,13200
20240205,09:27:14,352.8,350,13200
20240205,09:27:17,352.9,350,13200
20240205,09:27:26,352.4,350,13200
20240205,09:27:38,352.4,150,13200
20240205,09:27:41,353.8,700,13200
20240205,09:28:07,358.2,50,13200
20240205,09:28:09,356.95,200,13200
20240205,09:28:17,357.15,50,10650
20240205,09:28:22,356.4,50,10650
20240205,09:29:51,353.7,50,10650
20240205,09:30:01,355.8,50,10650
20240205,09:30:03,355.6,50,10650
20240205,09:31:59,365.55,50,10650
20240205,09:33:02,381.5,50,10650
20240205,09:39:54,360.0,50,10700
20240205,09:39:56,360.0,50,10700
20240205,09:43:06,358.55,150,10800
20240205,09:48:03,356.9,50,10950
20240205,09:48:14,353.0,50,10950
20240205,09:48:21,351.85,100,10950
20240205,09:48:29,350.0,250,10950
20240205,09:48:36,344.5,50,10950
20240205,09:48:41,344.5,50,10950
20240205,09:48:49,349.45,500,10950
20240205,09:48:59,346.2,100,10950
20240205,09:49:07,346.25,600,10950
20240205,09:49:14,345.5,50,10950
20240205,09:50:03,340.0,50,11750
20240205,09:50:16,340.0,50,11750
20240205,09:50:28,337.3,150,11750
20240205,09:50:30,337.05,50,11750
20240205,09:50:35,337.05,100,11750
20240205,09:51:15,336.5,100,11750
20240205,09:51:20,335.8,250,11750
20240205,09:51:25,335.75,100,11750
20240205,09:51:26,334.9,50,11750
20240205,09:51:33,334.05,50,11750
20240205,09:51:43,334.05,450,11750
20240205,09:52:10,335.65,50,11750
20240205,09:52:28,330.55,150,11900
20240205,09:52:35,329.85,50,11900
20240205,09:53:01,325.75,150,11900
20240205,09:53:03,325.75,50,11900
20240205,09:53:05,327.9,350,11900
20240205,09:53:11,326.4,1200,11900
20240205,09:53:15,325.55,50,11900
20240205,09:53:25,325.55,50,11900
20240205,09:53:30,324.1,450,11900
20240205,09:53:39,327.35,200,11900
20240205,09:53:48,331.25,600,11900
20240205,09:54:00,331.25,250,11900
20240205,09:54:08,326.3,200,11900
20240205,09:54:56,328.6,350,11900
20240205,09:55:01,327.45,100,11900
20240205,09:55:03,327.1,300,11900
20240205,09:55:18,331.65,700,11450
20240205,09:55:21,330.45,50,11450
20240205,09:55:39,333.8,500,11450
20240205,09:56:01,337.0,850,11450
20240205,09:56:04,336.45,500,11450
20240205,09:56:05,335.1,350,11450
20240205,09:56:24,332.55,50,11450
20240205,09:57:02,336.4,100,11450
20240205,09:57:17,336.15,450,11450
20240205,09:58:50,333.0,200,11100
20240205,10:01:53,330.0,50,10850
20240205,10:02:03,327.2,350,10850
20240205,10:02:06,328.6,300,10850
20240205,10:02:08,327.6,350,10850
20240205,10:02:24,330.95,100,10850
20240205,10:02:33,333.2,350,10850
20240205,10:03:01,337.5,450,10850
20240205,10:03:21,340.4,350,10850
20240205,10:03:54,341.85,100,10850
20240205,10:04:02,342.25,600,10850
20240205,10:04:19,346.5,50,11150
20240205,10:04:45,348.9,350,11150
20240205,10:05:39,341.4,350,11150
20240205,10:06:39,347.5,450,11150
20240205,10:09:34,336.65,600,11650
20240205,10:09:42,337.5,100,11650
20240205,10:11:05,338.45,100,11950
20240205,10:12:04,341.3,600,11950
20240205,10:14:02,347.4,200,12000
20240205,10:14:22,345.6,350,12000
20240205,10:14:24,345.65,150,12000
20240205,10:14:37,345.45,100,12000
20240205,10:15:28,345.45,100,12000
20240205,10:15:36,345.1,50,12000
20240205,10:15:59,350.45,50,12000
20240205,10:16:25,343.5,100,12400
20240205,10:16:49,347.0,350,12400
20240205,10:17:18,356.55,150,12400
20240205,10:17:23,357.55,100,12400
20240205,10:17:25,360.3,700,12400
20240205,10:17:27,357.75,650,12400
20240205,10:17:30,358.4,150,12400
20240205,10:17:31,359.0,550,12400
20240205,10:17:36,362.3,100,12400
20240205,10:17:46,366.6,350,12400
20240205,10:17:48,366.7,700,12400
20240205,10:17:50,368.65,400,12400
20240205,10:18:09,373.4,50,12400
20240205,10:18:14,374.05,50,12400
20240205,10:19:09,393.95,150,12400
20240205,10:19:13,393.95,100,12400
20240205,10:19:16,391.95,200,12400
20240205,10:19:31,397.05,100,12650
20240205,10:19:54,397.05,100,12650
20240205,10:19:56,397.95,100,12650
20240205,10:20:02,400.75,100,12650
20240205,10:20:17,401.3,100,12650
20240205,10:20:21,401.3,100,12650
20240205,10:20:24,394.8,100,12650
20240205,10:20:27,394.55,250,12650
20240205,10:20:34,393.65,100,12650
20240205,10:20:47,390.35,100,12650
20240205,10:21:02,394.45,100,12650
20240205,10:21:06,399.15,50,12650
20240205,10:21:11,399.3,100,12650
20240205,10:21:26,402.95,50,12650
20240205,10:22:06,403.45,200,12650
20240205,10:22:07,403.45,450,12650
20240205,10:22:57,394.4,100,12150
20240205,10:23:02,395.9,100,12150
20240205,10:23:04,394.0,50,12150
20240205,10:23:45,397.75,100,12150
20240205,10:24:08,390.35,100,12150
20240205,10:24:21,391.0,50,12150
20240205,10:24:29,391.0,50,12150
20240205,10:24:32,390.65,50,12150
20240205,10:24:34,388.0,700,12150
20240205,10:24:47,385.85,100,12150
20240205,10:25:00,385.65,50,12150
20240205,10:25:40,386.95,100,11600
20240205,10:26:07,379.95,50,11600
20240205,10:27:14,377.15,50,11600
20240205,10:27:19,377.5,50,11600
20240205,10:29:59,375.3,100,11600
20240205,10:30:04,377.35,50,11600
20240205,10:31:37,388.05,50,11550
20240205,10:32:18,390.0,50,11550
20240205,10:32:20,389.0,50,11550
20240205,10:32:43,385.55,150,11550
20240205,10:33:02,389.5,400,11550
20240205,10:34:11,385.15,100,11550
20240205,10:34:16,386.0,50,11550
20240205,10:37:46,377.25,200,11300
20240205,10:41:30,377.2,100,11500
20240205,10:43:36,365.15,100,11600
20240205,10:44:49,354.2,900,11600
20240205,10:45:07,355.05,100,11600
20240205,10:45:22,354.75,900,11600
20240205,10:45:46,352.0,900,11600
20240205,10:46:04,350.4,100,11600
20240205,10:46:07,348.15,100,11600
20240205,10:46:12,347.85,50,11600
20240205,10:46:17,349.65,300,11600
20240205,10:46:29,351.0,50,14150
20240205,10:47:35,349.2,50,14150
20240205,10:49:54,355.0,1100,14250
20240205,10:50:25,355.5,100,14250
20240205,10:50:47,358.9,100,14250
20240205,10:51:50,364.45,100,14250
20240205,10:52:03,366.4,50,14250
20240205,10:52:45,366.05,100,14450
20240205,10:54:25,357.15,50,14450
20240205,10:54:48,360.05,50,14450
20240205,10:58:01,351.0,50,14350
20240205,10:58:40,353.65,100,14400
20240205,10:58:50,353.6,900,14400
20240205,11:03:05,351.0,50,15300
20240205,11:03:20,348.3,50,15300
20240205,11:05:05,360.5,1800,15300
20240205,11:05:28,358.2,50,15300
20240205,11:06:28,361.05,100,15300
20240205,11:06:33,358.4,250,15300
20240205,11:06:38,357.55,100,15300
20240205,11:06:40,356.4,50,15300
20240205,11:06:43,358.35,400,15300
20240205,11:06:46,358.45,250,15300
20240205,11:12:46,351.9,50,17300
20240205,11:13:54,350.1,250,17250
20240205,11:14:04,350.1,50,17250
20240205,11:15:04,346.25,100,17250
20240205,11:15:10,345.6,50,17250
20240205,11:17:44,340.45,50,17250
20240205,11:17:45,340.45,550,17150
20240205,11:19:01,345.8,1050,17150
20240205,11:19:19,346.45,100,17150
20240205,11:20:00,352.0,100,17800
20240205,11:20:04,351.95,100,17800
20240205,11:20:09,350.6,50,17800
20240205,11:21:04,344.7,50,17800
20240205,11:25:13,353.75,50,17800
20240205,11:26:16,353.15,50,17950
20240205,11:38:34,333.4,300,17900
20240205,11:38:37,335.2,150,17900
20240205,11:38:51,335.1,350,17900
20240205,11:40:17,331.15,50,17900
20240205,11:40:18,329.25,50,17900
20240205,11:40:23,328.45,50,17900
20240205,11:40:28,325.4,50,17900
20240205,11:40:33,327.35,50,17250
20240205,11:41:43,333.55,200,17250
20240205,11:42:41,335.9,50,17250
20240205,11:43:10,335.75,50,17250
20240205,11:43:31,336.5,100,17250
20240205,11:44:26,341.25,50,17250
20240205,11:44:39,340.25,100,17300
20240205,11:45:02,340.25,50,17300
20240205,11:45:07,340.35,50,17300
20240205,11:45:49,342.65,50,17300
20240205,11:47:14,341.45,100,17400
20240205,11:47:59,342.25,50,17400
20240205,11:51:18,340.25,100,17500
20240205,11:51:26,341.25,400,17500
20240205,11:51:41,342.05,50,17500
20240205,11:54:42,340.25,100,18000
20240205,11:54:49,339.45,100,18000
20240205,12:07:20,343.25,50,17900
20240205,12:10:51,350.0,50,17850
20240205,12:12:38,342.4,50,17850
20240205,12:15:02,333.7,200,17800
20240205,12:15:07,332.1,50,17800
20240205,12:16:15,331.4,150,17800
20240205,12:16:31,332.45,100,17800
20240205,12:17:28,327.8,350,17850
20240205,12:18:48,324.55,50,17850
20240205,12:20:42,325.5,50,17750
20240205,12:22:14,320.65,50,17750
20240205,12:25:02,320.65,100,17750
20240205,12:26:56,335.35,50,17650
20240205,12:26:59,335.0,50,17650
20240205,12:27:27,336.15,600,17650
20240205,12:28:05,336.45,150,17650
20240205,12:28:52,337.9,50,17750
20240205,12:30:50,340.85,50,17750
20240205,12:34:31,349.7,50,17700
20240205,12:43:01,335.15,50,17650
20240205,12:43:27,333.45,100,17650
20240205,12:44:05,330.55,300,17600
20240205,12:46:18,333.25,50,17600
20240205,12:48:55,327.65,50,17600
20240205,12:49:21,326.55,50,17350
20240205,12:49:37,325.5,50,17350
20240205,12:50:08,326.9,50,17400
20240205,12:53:20,328.65,50,17450
20240205,12:53:42,329.5,400,17450
20240205,12:55:49,326.9,50,17250
20240205,13:00:52,324.55,100,17300
20240205,13:00:54,324.25,50,17300
20240205,13:06:12,324.1,50,17300
20240205,13:06:34,320.0,100,17300
20240205,13:06:41,318.6,50,17300
20240205,13:06:52,318.55,50,17300
20240205,13:07:04,315.6,250,17300
20240205,13:07:07,315.6,50,17300
20240205,13:07:09,316.5,100,17300
20240205,13:07:35,311.35,50,17300
20240205,13:07:48,311.35,100,17250
20240205,13:07:57,315.05,350,17250
20240205,13:07:59,314.75,500,17250
20240205,13:08:25,314.7,50,17250
20240205,13:08:35,311.0,50,17250
20240205,13:08:44,311.0,50,17250
20240205,13:09:29,312.85,50,17250
20240205,13:11:33,317.0,100,17250
20240205,13:13:22,318.0,250,17200
20240205,13:13:35,320.8,250,17200
20240205,13:15:30,322.65,50,17750
20240205,13:21:41,316.1,250,17750
20240205,13:22:51,314.6,50,18000
20240205,13:26:53,324.55,50,18000
20240205,13:27:11,323.4,50,18000
20240205,13:28:05,329.0,50,18000
20240205,13:28:11,328.9,50,18000
20240205,13:29:44,332.7,50,17950
20240205,13:30:01,335.15,50,17950
20240205,13:30:09,336.4,100,17950
20240205,13:30:10,335.3,50,17950
20240205,13:30:20,335.65,50,17950
20240205,13:36:50,319.35,50,17850
20240205,13:50:20,320.6,100,17800
20240205,13:50:53,320.0,250,17800
20240205,13:51:36,320.15,500,17800
20240205,13:58:01,323.0,150,17800
20240205,13:58:59,318.5,100,17700
20240205,13:59:54,318.5,50,17700
20240205,14:06:46,335.5,50,17650
20240205,14:07:13,338.0,100,17650
20240205,14:09:15,346.55,150,17500
20240205,14:09:55,349.7,250,17500
20240205,14:10:04,348.65,50,17500
20240205,14:10:24,349.0,150,17500
20240205,14:10:27,352.0,50,17500
20240205,14:10:30,351.8,50,17500
20240205,14:10:50,361.95,50,17500
20240205,14:10:52,360.05,50,17500
20240205,14:10:57,358.55,300,17200
20240205,14:11:08,359.8,50,17200
20240205,14:11:48,366.35,50,17200
20240205,14:14:10,343.0,100,16800
20240205,14:27:27,362.9,50,16750
20240205,14:27:38,364.4,50,16750
20240205,14:27:43,364.4,500,16750
20240205,14:29:28,356.0,50,17200
20240205,14:30:41,350.0,50,17200
20240205,14:31:58,366.0,1850,17250
20240205,14:32:33,373.8,1800,17250
20240205,14:32:41,374.0,1800,17250
20240205,14:32:43,375.05,50,17250
20240205,14:32:46,377.55,200,17250
20240205,14:33:11,379.0,50,17250
20240205,14:33:22,378.35,100,17250
20240205,14:33:36,372.7,250,17250
20240205,14:33:37,373.45,50,17250
20240205,14:34:56,390.0,500,13750
20240205,14:35:01,386.55,50,13750
20240205,14:35:08,388.75,50,13750
20240205,14:35:48,399.3,50,13750
20240205,14:35:49,397.95,500,13750
20240205,14:35:51,399.45,50,13750
20240205,14:36:35,405.3,100,13750
20240205,14:37:00,405.3,200,13750
20240205,14:37:37,405.1,50,13750
20240205,14:37:43,408.55,50,13750
20240205,14:37:45,408.55,50,13750
20240205,14:37:47,411.0,50,13750
20240205,14:38:05,411.0,50,13550
20240205,14:38:20,404.55,50,13550
20240205,14:38:41,413.3,100,13550
20240205,14:38:48,418.15,1800,13550
20240205,14:38:51,422.45,600,13550
20240205,14:39:01,426.6,50,13550
20240205,14:39:04,426.6,50,13550
20240205,14:39:06,424.5,100,13550
20240205,14:39:09,420.8,200,13550
20240205,14:39:12,413.75,100,13550
20240205,14:39:14,415.65,300,13550
20240205,14:39:29,420.55,200,13550
20240205,14:39:31,416.65,100,13550
20240205,14:40:18,420.7,50,13550
20240205,14:40:20,418.65,50,13550
20240205,14:40:27,428.25,100,13550
20240205,14:40:28,428.25,400,13550
20240205,14:40:35,422.95,100,13550
20240205,14:40:52,426.05,100,13550
20240205,14:41:00,426.15,150,12100
20240205,14:41:04,423.05,50,12100
20240205,14:41:05,423.1,50,12100
20240205,14:41:33,421.55,50,12100
20240205,14:41:45,425.85,150,12100
20240205,14:42:18,437.35,50,12100
20240205,14:42:22,437.35,150,12100
20240205,14:42:25,439.15,100,12100
20240205,14:42:43,445.6,100,12100
20240205,14:42:45,445.6,150,12100
20240205,14:42:47,444.55,50,12100
20240205,14:42:50,447.3,250,12100
20240205,14:42:53,449.75,300,12100
20240205,14:42:55,450.85,50,12100
20240205,14:43:07,456.85,250,12100
20240205,14:43:08,456.85,150,12100
20240205,14:43:15,456.9,50,12100
20240205,14:43:24,463.6,50,12100
20240205,14:43:29,464.6,100,12100
20240205,14:43:32,464.6,50,12100
20240205,14:43:34,461.75,350,12100
20240205,14:43:40,466.5,250,12100
20240205,14:43:42,466.5,100,12100
20240205,14:43:44,462.6,100,12100
20240205,14:43:47,464.5,50,12100
20240205,14:43:49,466.4,50,12100
20240205,14:43:50,462.85,200,12100
20240205,14:43:52,466.4,100,12100
20240205,14:43:57,465.45,100,11900
20240205,14:43:59,463.4,50,11900
20240205,14:44:05,466.5,50,11900
20240205,14:44:10,472.15,100,11900
20240205,14:44:12,472.15,150,11900
20240205,14:44:17,466.5,100,11900
20240205,14:44:25,456.85,200,11900
20240205,14:44:32,454.3,50,11900
20240205,14:44:37,446.2,350,11900
20240205,14:44:38,440.15,200,11900
20240205,14:44:40,444.25,150,11900
20240205,14:44:48,443.55,150,11900
20240205,14:44:52,444.35,600,11900
20240205,14:44:53,449.05,250,11900
20240205,14:45:10,468.95,200,11900
20240205,14:45:13,474.05,150,11900
20240205,14:45:15,474.05,200,11900
20240205,14:45:17,476.45,100,11900
20240205,14:45:20,478.35,50,11900
20240205,14:45:25,479.5,100,11900
20240205,14:45:42,487.1,50,11900
20240205,14:45:45,490.2,100,11900
20240205,14:45:50,491.9,50,11900
20240205,14:46:03,494.95,100,11900
20240205,14:46:05,494.95,50,11900
20240205,14:46:07,486.6,200,11900
20240205,14:46:08,485.3,50,11900
20240205,14:46:17,483.75,100,11900
20240205,14:46:30,487.8,100,11900
20240205,14:46:33,483.45,200,11900
20240205,14:46:40,482.95,50,11900
20240205,14:47:03,492.95,50,11400
20240205,14:47:11,483.0,250,11400
20240205,14:47:30,469.25,50,11400
20240205,14:47:40,467.75,50,11400
20240205,14:47:46,465.5,200,11400
20240205,14:47:50,465.5,200,11400
20240205,14:47:58,460.7,100,11400
20240205,14:48:02,455.9,100,11400
20240205,14:48:03,454.35,50,11400
20240205,14:48:07,445.9,100,11400
20240205,14:48:15,448.2,250,11400
20240205,14:48:17,447.35,50,11400
20240205,14:48:23,449.85,100,11400
20240205,14:48:27,448.95,150,11400
20240205,14:48:37,449.05,150,11400
20240205,14:48:42,454.85,50,11400
20240205,14:48:43,456.95,200,11400
20240205,14:48:52,464.55,300,11400
20240205,14:48:55,468.0,50,11400
20240205,14:49:02,470.3,200,11400
20240205,14:49:03,465.55,200,11400
20240205,14:49:05,469.05,400,11400
20240205,14:49:06,470.3,100,11400
20240205,14:49:08,466.8,250,11400
20240205,14:49:21,461.65,50,11400
20240205,14:49:23,458.9,50,11400
20240205,14:49:25,462.95,100,11400
20240205,14:49:26,463.65,100,11400
20240205,14:49:28,462.35,200,11400
20240205,14:49:38,461.55,50,11400
20240205,14:49:48,461.0,50,11400
20240205,14:50:17,450.85,200,11400
20240205,14:50:20,451.2,50,11400
20240205,14:50:25,455.95,50,11400
20240205,14:50:28,457.85,100,11400
20240205,14:50:33,462.15,150,11400
20240205,14:50:35,463.35,50,11400
20240205,14:50:38,463.5,150,11400
20240205,14:50:40,465.25,100,11400
20240205,14:50:53,471.8,100,11400
20240205,14:51:03,469.3,150,11400
20240205,14:51:07,470.2,100,11400
20240205,14:51:10,472.4,200,11400
20240205,14:51:13,474.95,50,11400
20240205,14:51:20,476.05,50,11400
20240205,14:51:22,474.8,100,11400
20240205,14:51:25,475.35,50,11400
20240205,14:51:33,473.7,50,11400
20240205,14:51:37,478.95,50,11400
20240205,14:51:43,479.55,50,11400
20240205,14:51:45,476.0,300,11400
20240205,14:52:00,476.95,100,11400
20240205,14:52:02,473.55,50,11400
20240205,14:52:08,474.95,50,11400
20240205,14:52:15,474.95,100,11400
20240205,14:52:23,473.7,100,11400
20240205,14:52:30,467.35,50,11400
20240205,14:52:33,465.75,100,11400
20240205,14:52:35,466.6,100,11400
20240205,14:52:40,463.65,50,11400
20240205,14:52:47,461.4,50,11400
20240205,14:53:07,472.95,50,12100
20240205,14:53:13,476.35,100,12100
20240205,14:53:35,458.9,50,12100
20240205,14:53:52,462.6,50,12100
20240205,14:54:05,465.0,200,12100
20240205,14:54:35,455.15,50,12100
20240205,14:54:45,462.6,50,12100
20240205,14:54:48,462.0,100,12100
20240205,14:54:52,457.95,100,12100
20240205,14:55:13,459.75,50,12100
20240205,14:55:48,471.25,100,12100
20240205,14:55:53,475.9,50,12100
20240205,14:56:00,474.1,350,12100
20240205,14:56:38,480.0,1300,12350
20240205,14:56:52,485.0,1800,12350
20240205,14:56:58,486.05,300,12350
20240205,14:57:02,479.6,100,12350
20240205,14:57:10,483.95,50,12350
20240205,14:57:12,481.25,200,12350
20240205,14:57:50,474.0,50,12350
20240205,14:57:52,474.05,50,12350
20240205,14:57:55,478.95,100,12350
20240205,14:58:35,491.3,50,12350
20240205,14:58:36,489.9,100,12350
20240205,14:59:32,485.8,100,14300
20240205,15:00:00,486.85,100,14300
20240205,15:00:08,489.05,50,14300
20240205,15:00:10,486.05,50,14300
20240205,15:00:16,481.6,50,14300
20240205,15:00:20,479.05,50,14300
20240205,15:00:25,475.9,100,14300
20240205,15:00:28,475.05,100,14300
20240205,15:00:30,474.1,100,14300
20240205,15:00:31,472.2,250,14300
20240205,15:00:40,469.25,100,14300
20240205,15:00:58,483.05,100,14300
20240205,15:01:03,489.55,100,14300
20240205,15:01:06,487.75,200,14300
20240205,15:01:08,487.45,50,14300
20240205,15:01:10,483.75,150,14300
20240205,15:01:15,477.05,50,14300
20240205,15:01:23,475.9,50,14300
20240205,15:01:25,476.95,50,14300
20240205,15:01:26,478.1,50,14300
20240205,15:01:46,482.05,100,14300
20240205,15:01:58,480.0,150,14300
20240205,15:02:00,478.95,50,14550
20240205,15:02:05,479.05,50,14550
20240205,15:02:08,483.95,50,14550
20240205,15:02:33,483.95,50,14550
20240205,15:02:35,485.95,50,14550
20240205,15:02:41,487.05,50,14550
20240205,15:02:43,485.05,50,14550
20240205,15:02:58,480.95,50,14550
20240205,15:03:00,481.95,50,14550
20240205,15:03:33,472.25,50,14550
20240205,15:03:35,473.05,50,14550
20240205,15:04:06,464.15,50,14550
20240205,15:04:31,465.45,50,14550
20240205,15:06:15,442.75,50,14450
20240205,15:08:59,432.55,300,14450
20240205,15:09:11,431.95,50,14450
20240205,15:10:31,428.95,400,14450
20240205,15:11:35,450.35,50,14600
20240205,15:11:52,449.3,50,14600
20240205,15:12:29,451.7,50,14600
20240205,15:12:34,453.35,50,14600
20240205,15:13:20,461.15,50,14600
20240205,15:13:35,460.7,50,14600
20240205,15:13:47,463.1,150,14600
20240205,15:13:48,461.1,50,14600
20240205,15:13:53,461.1,100,14600
20240205,15:14:33,465.45,50,15050
20240205,15:14:52,468.4,50,15050
20240205,15:14:59,472.75,50,15050
20240205,15:15:10,475.0,50,15050
20240205,15:15:37,473.7,100,15050
20240205,15:16:28,471.15,50,15050
20240205,15:17:10,462.6,50,15100
20240205,15:17:20,462.7,50,15100
20240205,15:18:05,466.7,100,15100
20240205,15:18:53,469.35,100,15100
20240205,15:19:00,467.35,250,15100
20240205,15:19:28,473.3,50,15100
20240205,15:20:06,470.3,100,14700
20240205,15:20:10,466.7,200,14700
20240205,15:20:20,469.25,150,14700
20240205,15:20:30,469.8,400,14700
20240205,15:20:35,470.35,50,14700
20240205,15:21:14,474.5,50,14700
20240205,15:21:31,472.1,50,14700
20240205,15:21:46,468.4,250,14700
20240205,15:22:16,467.75,100,14700
20240205,15:22:28,468.0,400,14700
20240205,15:25:09,464.85,150,14800
20240205,15:27:25,465.4,150,14800
20240205,15:28:23,466.05,100,14800
20240205,15:29:16,469.8,100,14550
20240205,15:29:32,469.6,50,14550
20240205,15:29:46,466.85,100,14550
20240206,09:15:26,442.75,1,14700
20240206,09:15:26,442.8,250,14700
20240206,09:15:46,431.05,100,14700
20240206,09:20:33,431.05,50,14700
20240206,09:21:01,462.6,150,14700
20240206,09:25:13,462.6,250,14700
20240206,09:26:31,430.1,150,14550
20240206,09:28:15,422.4,50,14550
20240206,09:29:02,422.4,50,14550
20240206,09:30:25,430.1,50,14550
20240206,09:31:35,422.4,50,14550
20240206,09:37:05,417.6,50,14600
20240206,09:37:20,413.0,50,14600
20240206,09:38:26,408.25,50,14600
20240206,09:38:38,408.15,50,14600
20240206,09:39:01,400.0,50,14600
20240206,09:45:49,400.0,50,14550
20240206,09:46:01,400.0,50,14550
20240206,09:49:43,395.0,50,14600
20240206,09:50:08,390.0,50,14600
20240206,09:52:39,390.0,50,14650
20240206,09:52:50,396.65,50,14650
20240206,10:02:04,390.55,50,14650
20240206,10:03:06,380.0,100,14650
20240206,10:05:25,380.0,50,14750
20240206,10:10:17,380.0,150,14800
20240206,10:10:37,388.65,50,14800
20240206,10:14:48,384.3,50,14850
20240206,10:16:14,386.0,50,14850
20240206,10:17:47,387.05,250,14850
20240206,10:21:17,387.3,50,14850
20240206,10:33:15,435.0,250,14800
20240206,10:34:22,435.35,100,14800
20240206,10:41:49,420.1,50,14900
20240206,10:49:18,407.0,50,14900
20240206,10:51:22,404.8,50,14900
20240206,10:59:05,390.35,50,14800
20240206,10:59:44,387.0,50,14800
20240206,11:00:14,381.3,50,14800
20240206,11:00:36,378.0,100,14800
20240206,11:08:01,392.4,200,14900
20240206,11:13:15,387.7,100,15100
20240206,11:32:27,380.0,50,15200
20240206,11:32:45,375.0,50,15200
20240206,11:33:06,371.0,50,15200
20240206,11:33:21,370.0,50,15200
20240206,11:33:48,366.0,50,15200
20240206,11:36:15,356.35,100,15350
20240206,11:37:15,352.4,50,15350
20240206,11:37:27,351.15,50,15350
20240206,11:39:10,351.15,50,15550
20240206,11:43:37,358.0,50,15600
20240206,11:46:13,358.0,50,15600
20240206,11:47:14,362.9,50,15650
20240206,11:52:53,364.8,50,15700
20240206,11:53:33,359.6,100,15700
20240206,11:53:51,359.0,50,15700
20240206,11:55:14,355.0,50,15700
20240206,11:57:36,356.0,50,15750
20240206,11:57:43,356.0,1150,15750
20240206,11:57:46,355.0,1900,15750
20240206,11:59:36,350.0,100,15150
20240206,12:06:59,350.0,50,15250
20240206,12:07:53,353.0,50,15250
20240206,12:11:16,345.0,100,15300
20240206,12:13:11,342.1,100,15300
20240206,12:15:30,340.0,200,15400
20240206,12:22:38,340.0,50,15600
20240206,12:29:45,358.05,50,15650
20240206,12:30:29,355.0,50,15650
20240206,12:33:59,343.15,50,15700
20240206,12:34:26,342.25,50,15700
20240206,12:37:01,336.15,50,15800
20240206,12:39:45,336.15,100,15800
20240206,12:49:20,345.8,100,15850
20240206,12:49:42,347.35,50,15850
20240206,12:59:17,357.8,50,15800
20240206,13:00:50,350.85,200,15800
20240206,13:01:23,347.6,200,15800
20240206,13:01:36,349.8,100,15800
20240206,13:08:45,339.65,500,15750
20240206,13:10:30,339.1,100,15750
20240206,13:15:31,337.4,250,16050
20240206,13:21:40,338.9,50,16050
20240206,13:21:46,337.9,100,16050
20240206,13:21:54,336.0,50,16050
20240206,13:22:05,336.0,50,16050
20240206,13:22:25,339.2,50,16050
20240206,13:23:34,339.0,50,16050
20240206,13:25:41,334.25,50,16050
20240206,13:29:34,329.65,50,16150
20240206,13:30:55,323.55,200,16150
20240206,13:31:20,323.55,800,16150
20240206,13:31:55,325.2,150,16150
20240206,13:32:02,325.85,300,16150
20240206,13:32:08,325.9,350,17100
20240206,13:32:22,325.9,350,17100
20240206,13:32:50,325.65,50,17100
20240206,13:32:53,325.85,50,17100
20240206,13:32:55,327.0,950,17100
20240206,13:33:00,328.2,350,17100
20240206,13:33:38,327.25,50,17100
20240206,13:34:01,327.1,1300,17100
20240206,13:34:09,327.9,350,17100
20240206,13:34:14,328.8,50,17100
20240206,13:34:43,330.5,350,17100
20240206,13:35:56,331.5,50,20800
20240206,13:36:26,334.95,50,20800
20240206,13:36:38,338.85,350,20800
20240206,13:36:40,336.75,100,20800
20240206,13:36:48,341.4,50,20800
20240206,13:37:15,349.8,150,20800
20240206,13:37:18,352.05,50,20800
20240206,13:37:22,351.6,50,20800
20240206,13:37:32,355.15,50,20800
20240206,13:38:28,343.65,50,20950
20240206,13:40:16,343.65,50,20950
20240206,13:42:04,338.2,50,21000
20240206,13:44:59,328.75,50,21000
20240206,13:46:36,333.5,50,21000
20240206,13:47:56,333.0,100,21050
20240206,13:49:56,331.85,100,21050
20240206,13:53:47,322.05,50,21050
20240206,13:54:07,320.2,50,21050
20240206,13:54:15,320.2,600,21050
20240206,13:54:37,325.25,50,21050
20240206,13:55:04,325.3,50,21050
20240206,13:55:30,329.1,350,21050
20240206,13:58:54,334.55,100,22000
20240206,14:02:45,324.8,350,22000
20240206,14:02:58,326.75,50,22000
20240206,14:05:14,318.2,300,22350
20240206,14:06:03,318.2,50,22350
20240206,14:08:07,322.3,400,22350
20240206,14:08:36,325.6,50,22350
20240206,14:11:13,329.6,50,22350
20240206,14:11:35,331.9,350,22350
20240206,14:12:05,335.3,250,22400
20240206,14:12:29,335.15,100,22400
20240206,14:13:11,337.1,100,22400
20240206,14:13:45,342.0,50,22400
20240206,14:15:17,330.95,200,22650
20240206,14:17:24,327.5,350,22450
20240206,14:17:33,326.7,350,22450
20240206,14:18:23,324.6,600,22450
20240206,14:20:09,331.0,150,22450
20240206,14:20:27,333.1,150,22250
20240206,14:20:29,332.4,100,22250
20240206,14:25:06,330.5,150,22000
20240206,14:27:55,330.75,500,22000
20240206,14:30:07,338.4,150,21600
20240206,14:30:21,339.45,150,21600
20240206,14:30:28,338.7,100,21600
20240206,14:30:43,336.15,100,21600
20240206,14:35:01,329.45,50,21350
20240206,14:39:09,313.7,350,21350
20240206,14:39:36,313.7,100,21350
20240206,14:40:11,318.75,50,21350
20240206,14:40:13,318.35,300,21350
20240206,14:41:45,320.65,50,21350
20240206,14:41:48,322.45,50,21450
20240206,14:43:33,319.3,150,21450
20240206,14:45:03,325.05,150,21500
20240206,14:45:43,330.8,100,21500
20240206,14:51:18,342.1,50,21400
20240206,14:53:45,345.1,50,21350
20240206,14:53:50,346.0,50,21350
20240206,14:54:15,352.65,50,21350
20240206,14:54:46,355.0,50,21350
20240206,14:54:53,349.15,100,21350
20240206,14:55:46,354.15,150,21350
20240206,14:57:12,347.6,50,21550
20240206,14:57:49,338.45,50,21550
20240206,14:59:12,346.05,100,21550
20240206,14:59:42,345.05,50,21550
20240206,15:00:37,333.55,50,21450
20240206,15:00:44,335.95,50,21450
20240206,15:01:42,337.1,100,21450
20240206,15:03:13,338.3,100,21450
20240206,15:03:56,336.3,100,21300
20240206,15:04:01,336.4,50,21300
20240206,15:04:16,330.0,50,21300
20240206,15:04:19,332.0,100,21300
20240206,15:05:09,331.25,50,21300
20240206,15:06:46,327.15,50,21050
20240206,15:07:08,323.55,100,21050
20240206,15:07:35,330.9,350,21050
20240206,15:07:45,332.4,50,21050
20240206,15:11:19,335.0,50,20600
20240206,15:11:45,329.2,50,20600
20240206,15:12:56,333.65,50,20600
20240206,15:14:06,341.6,50,20600
20240206,15:14:59,340.9,100,20750
20240206,15:15:17,345.4,50,20750
20240206,15:16:07,343.75,50,20750
20240206,15:16:09,343.75,50,20750
20240206,15:16:58,340.25,50,20750
20240206,15:17:00,340.3,50,20750
20240206,15:20:18,342.9,50,20750
20240206,15:20:23,342.15,400,20600
20240206,15:20:24,342.05,200,20800
20240206,15:20:31,342.75,200,20800
20240206,15:20:54,334.95,300,20800
20240206,15:20:56,337.3,100,20800
20240206,15:21:08,336.45,200,20800
20240206,15:21:10,336.25,400,20800
20240206,15:21:12,336.75,250,20800
20240206,15:21:13,336.5,200,20800
20240206,15:21:15,336.2,50,20800
20240206,15:22:19,330.0,500,20800
20240206,15:23:49,323.0,500,21200
20240206,15:23:53,322.6,50,21200
20240206,15:24:57,318.9,400,21200
20240206,15:25:12,320.3,50,21200
20240206,15:27:19,320.2,50,21200
20240206,15:27:21,320.95,50,21450
20240206,15:27:50,317.0,100,21450
20240206,15:27:59,315.3,250,21450
20240206,15:28:06,315.95,50,21450
20240206,15:28:22,316.55,50,21450
20240206,15:28:26,316.0,50,21450
20240206,15:28:31,316.45,50,21450
20240207,09:15:11,252.7,1,21650
20240207,09:15:11,252.75,200,21650
20240207,09:15:13,254.6,550,21650
20240207,09:15:15,254.6,100,21650
20240207,09:15:17,251.7,650,21650
20240207,09:15:18,250.65,50,21650
20240207,09:15:21,248.5,700,21650
20240207,09:15:22,248.5,50,21650
20240207,09:15:25,249.8,700,21650
20240207,09:15:29,249.4,50,21650
20240207,09:15:30,250.4,400,21650
20240207,09:15:32,250.5,950,21650
20240207,09:15:33,251.35,450,21650
20240207,09:15:34,252.55,250,21650
20240207,09:15:36,252.5,750,21650
20240207,09:15:37,251.2,700,21650
20240207,09:15:39,253.85,50,21650
20240207,09:15:41,253.9,750,21650
20240207,09:15:45,254.3,50,21650
20240207,09:15:47,254.2,750,21650
20240207,09:15:48,256.3,100,21650
20240207,09:15:49,258.3,450,21650
20240207,09:15:52,259.1,50,21650
20240207,09:15:54,259.1,350,21650
20240207,09:16:02,257.15,800,21650
20240207,09:16:03,257.0,750,21650
20240207,09:16:06,256.1,100,21650
20240207,09:16:07,257.1,1200,21650
20240207,09:16:08,258.05,600,21650
20240207,09:16:10,258.1,50,21650
20240207,09:16:11,258.1,1050,21650
20240207,09:16:16,259.1,200,21650
20240207,09:16:27,256.1,50,21650
20240207,09:16:28,257.4,350,21650
20240207,09:16:39,254.0,100,24000
20240207,09:16:45,253.0,50,24000
20240207,09:16:50,252.15,400,24000
20240207,09:17:00,252.3,50,24000
20240207,09:17:01,252.45,600,24000
20240207,09:17:05,251.8,200,24000
20240207,09:17:15,252.3,350,24000
20240207,09:17:16,252.8,150,24000
20240207,09:17:18,253.1,50,24000
20240207,09:17:22,254.0,550,24000
20240207,09:17:35,255.0,100,24000
20240207,09:17:45,255.25,400,24000
20240207,09:17:49,255.8,50,24000
20240207,09:17:56,259.05,100,24000
20240207,09:17:59,260.1,50,24000
20240207,09:18:00,260.1,50,24000
20240207,09:18:01,259.6,300,24000
20240207,09:18:03,257.4,550,24000
20240207,09:18:05,257.65,550,24000
20240207,09:18:15,259.8,350,24000
20240207,09:18:18,259.9,350,24000
20240207,09:18:23,259.05,50,24000
20240207,09:18:25,260.15,100,24000
20240207,09:18:32,261.7,200,24000
20240207,09:18:35,263.05,50,24000
20240207,09:18:37,263.05,400,24000
20240207,09:18:38,262.6,200,24000
20240207,09:18:40,263.8,150,24000
20240207,09:18:43,264.1,350,24000
20240207,09:18:45,265.2,500,24000
20240207,09:18:48,265.2,50,24000
20240207,09:18:50,265.5,400,24000
20240207,09:19:13,266.7,300,24000
20240207,09:19:39,263.85,50,26450
20240207,09:19:57,260.7,200,26450
20240207,09:20:01,261.25,350,26450
20240207,09:20:04,261.5,400,26450
20240207,09:20:09,263.85,1150,26450
20240207,09:20:14,266.2,200,26450
20240207,09:20:22,266.45,50,26450
20240207,09:20:24,264.75,50,26450
20240207,09:20:35,266.15,800,26450
20240207,09:20:38,266.4,50,26450
20240207,09:20:42,263.8,1100,26450
20240207,09:20:47,264.6,100,26450
20240207,09:20:48,266.25,50,26450
20240207,09:20:53,267.15,950,26450
20240207,09:20:55,267.4,300,26450
20240207,09:21:17,271.7,200,26450
20240207,09:21:19,272.5,50,26450
20240207,09:21:25,272.5,50,26450
20240207,09:21:44,275.0,50,26450
20240207,09:21:45,275.0,250,26450
20240207,09:21:47,275.0,500,26450
20240207,09:22:00,270.0,250,26450
20240207,09:22:02,270.6,50,26450
20240207,09:22:05,272.45,200,26450
20240207,09:22:07,272.3,400,26450
20240207,09:22:17,272.35,150,26450
20240207,09:22:19,272.5,250,26450
20240207,09:22:32,274.75,50,29700
20240207,09:22:49,273.1,200,29700
20240207,09:22:57,277.2,50,29700
20240207,09:22:59,277.2,50,29700
20240207,09:23:00,277.45,100,29700
20240207,09:23:02,277.8,150,29700
20240207,09:23:04,277.8,250,29700
20240207,09:23:05,276.6,200,29700
20240207,09:23:15,276.7,200,29700
20240207,09:23:17,278.35,100,29700
20240207,09:23:29,278.35,50,29700
20240207,09:23:35,277.2,50,29700
20240207,09:23:45,274.5,200,29700
20240207,09:23:52,273.1,50,29700
20240207,09:23:54,272.25,350,29700
20240207,09:24:00,270.0,50,29700
20240207,09:24:02,269.15,50,29700
20240207,09:24:15,267.75,100,29700
20240207,09:24:17,268.45,250,29700
20240207,09:24:29,266.3,50,29700
20240207,09:24:32,265.5,100,29700
20240207,09:24:44,263.75,100,29700
20240207,09:24:52,262.75,50,29700
20240207,09:25:00,260.15,200,29700
20240207,09:25:02,259.8,1150,29700
20240207,09:25:24,265.15,100,29700
20240207,09:25:29,267.3,100,29700
20240207,09:25:32,269.2,500,30100
20240207,09:25:39,268.65,300,30100
20240207,09:25:44,270.1,50,30100
20240207,09:25:45,270.25,50,30100
20240207,09:25:47,271.4,100,30100
20240207,09:25:54,273.6,1750,30100
20240207,09:26:05,269.85,200,30100
20240207,09:26:07,270.65,100,30100
20240207,09:26:10,272.85,100,30100
20240207,09:26:32,274.0,50,30100
20240207,09:27:00,279.0,50,30100
20240207,09:27:11,279.0,100,30100
20240207,09:27:14,278.0,200,30100
20240207,09:27:16,277.9,50,30100
20240207,09:27:19,277.9,500,30100
20240207,09:27:22,276.8,50,30100
20240207,09:27:47,278.1,50,30100
20240207,09:27:49,280.0,300,30100
20240207,09:27:52,280.6,200,30100
20240207,09:28:04,280.6,100,30100
20240207,09:28:06,280.75,50,30100
20240207,09:28:09,281.6,700,30100
20240207,09:28:16,281.6,100,30100
20240207,09:28:37,285.0,50,30300
20240207,09:28:46,285.0,450,30300
20240207,09:28:52,284.1,350,30300
20240207,09:29:24,284.9,100,30300
20240207,09:29:32,284.3,800,30300
20240207,09:29:44,283.2,350,30300
20240207,09:29:46,281.9,350,30300
20240207,09:29:47,281.6,50,30300
20240207,09:30:02,282.45,50,30300
20240207,09:30:04,284.3,400,30300
20240207,09:30:09,279.8,700,30300
20240207,09:30:27,286.6,350,30300
20240207,09:30:32,287.0,50,30300
20240207,09:30:36,287.3,250,30300
20240207,09:30:37,288.4,150,30300
20240207,09:30:41,288.4,100,30300
20240207,09:30:46,282.45,50,30300
20240207,09:31:01,279.3,350,30300
20240207,09:31:06,278.25,600,30300
20240207,09:31:07,277.2,600,30300
20240207,09:31:12,275.0,1100,30300
20240207,09:31:22,274.55,50,30300
20240207,09:31:24,274.45,100,30300
20240207,09:31:27,272.0,100,30300
20240207,09:31:29,270.75,50,30300
20240207,09:31:37,275.55,50,30300
20240207,09:31:56,279.7,50,29800
20240207,09:32:06,273.15,50,29800
20240207,09:32:09,273.5,100,29800
20240207,09:32:31,277.75,50,29800
20240207,09:33:19,284.15,50,29800
20240207,09:33:21,282.8,50,29800
20240207,09:34:01,282.8,600,29800
20240207,09:34:12,286.05,600,29800
20240207,09:34:16,284.45,150,29800
20240207,09:34:36,281.7,100,29700
20240207,09:35:09,275.0,50,29700
20240207,09:35:26,273.2,50,29700
20240207,09:35:39,275.1,100,29700
20240207,09:35:44,274.45,100,29700
20240207,09:35:51,274.6,50,29700
20240207,09:35:54,274.0,200,29700
20240207,09:36:09,274.4,50,29700
20240207,09:36:51,274.0,100,29700
20240207,09:36:56,274.4,50,29700
20240207,09:37:03,274.8,100,29700
20240207,09:37:11,274.1,100,29700
20240207,09:37:16,271.85,50,29700
20240207,09:37:19,272.15,100,29700
20240207,09:37:26,270.55,150,29700
20240207,09:37:28,270.0,200,29700
20240207,09:37:31,269.65,50,29700
20240207,09:37:33,269.45,50,29700
20240207,09:37:34,268.7,50,29800
20240207,09:37:39,267.4,400,29800
20240207,09:38:07,269.15,50,29800
20240207,09:38:28,266.0,50,29800
20240207,09:38:36,267.35,250,29800
20240207,09:38:49,267.6,50,29800
20240207,09:39:03,265.0,250,29800
20240207,09:39:21,265.3,550,29800
20240207,09:39:26,265.0,150,29800
20240207,09:39:33,264.6,50,29800
20240207,09:39:34,262.85,50,29800
20240207,09:39:43,263.55,50,29800
20240207,09:39:53,265.7,100,29800
20240207,09:40:03,263.9,200,29800
20240207,09:40:26,263.7,250,29800
20240207,09:40:33,263.0,50,29800
20240207,09:40:41,262.9,250,30350
20240207,09:40:46,262.0,50,30350
20240207,09:40:59,264.7,50,30350
20240207,09:41:01,264.2,350,30350
20240207,09:41:14,265.3,100,30350
20240207,09:41:17,264.7,200,30350
20240207,09:41:29,266.5,50,30350
20240207,09:41:47,271.15,50,30350
20240207,09:42:13,273.0,250,30350
20240207,09:42:23,277.25,300,30350
20240207,09:42:33,277.3,50,30350
20240207,09:42:41,284.3,450,30350
20240207,09:42:48,283.65,450,30350
20240207,09:43:08,287.6,350,30350
20240207,09:43:11,287.7,300,30350
20240207,09:43:19,287.5,400,30350
20240207,09:43:24,287.85,1000,30350
20240207,09:43:28,287.15,200,30350
20240207,09:43:31,285.8,350,30350
20240207,09:43:38,286.8,50,32750
20240207,09:44:04,290.0,250,32750
20240207,09:44:08,290.3,300,32750
20240207,09:44:09,293.0,50,32750
20240207,09:44:11,294.0,400,32750
20240207,09:44:14,294.0,50,32750
20240207,09:44:26,293.25,100,32750
20240207,09:44:38,293.25,50,32750
20240207,09:44:58,293.4,200,32750
20240207,09:45:03,296.25,50,32750
20240207,09:45:06,297.8,50,32750
20240207,09:45:10,297.8,50,32750
20240207,09:45:13,296.3,100,32750
20240207,09:45:15,296.3,50,32750
20240207,09:45:18,293.8,400,32750
20240207,09:45:33,292.2,350,32750
20240207,09:45:40,289.1,100,32750
20240207,09:45:43,288.0,50,32750
20240207,09:45:45,289.2,150,32750
20240207,09:45:50,289.5,50,32750
20240207,09:45:55,289.95,600,32750
20240207,09:45:56,289.1,200,32750
20240207,09:45:58,288.3,400,32750
20240207,09:46:11,284.4,150,32750
20240207,09:46:21,288.0,150,32750
20240207,09:46:36,286.1,350,32000
20240207,09:46:54,292.0,250,32000
20240207,09:46:59,293.1,100,32000
20240207,09:47:03,293.2,50,32000
20240207,09:47:21,295.0,50,32000
20240207,09:47:33,295.7,50,32000
20240207,09:47:38,295.5,300,32000
20240207,09:47:51,295.6,150,32000
20240207,09:48:48,295.0,100,32000
20240207,09:49:03,295.7,50,32000
20240207,09:49:26,291.5,100,32000
20240207,09:49:36,289.1,50,32000
20240207,09:50:03,284.95,100,31550
20240207,09:50:25,292.4,300,31550
20240207,09:50:31,293.0,50,31550
20240207,09:50:53,293.0,50,31550
20240207,09:51:05,288.75,100,31550
20240207,09:51:28,292.3,100,31550
20240207,09:51:50,286.0,100,31550
20240207,09:52:00,284.4,300,31550
20240207,09:52:10,285.05,600,31550
20240207,09:52:41,284.4,1050,32250
20240207,09:53:05,285.95,300,32250
20240207,09:54:15,285.5,1800,32250
20240207,09:54:53,285.9,50,32250
20240207,09:55:16,280.35,650,32250
20240207,09:56:06,275.5,50,32600
20240207,09:56:25,274.4,50,32600
20240207,09:56:50,274.75,450,32600
20240207,09:57:19,272.7,50,32600
20240207,09:57:20,272.5,150,32600
20240207,09:57:25,271.6,50,32600
20240207,09:57:42,275.1,50,32600
20240207,09:57:44,276.3,50,32600
20240207,09:57:54,277.8,50,32600
20240207,09:58:07,282.2,350,32600
20240207,09:58:10,281.5,50,32600
20240207,09:58:17,280.9,750,32600
20240207,09:58:30,278.7,50,32600
20240207,09:58:35,277.85,900,33050
20240207,09:59:10,273.3,50,33050
20240207,09:59:15,272.9,50,33050
20240207,09:59:45,275.0,100,33050
20240207,09:59:47,274.7,50,33050
20240207,10:00:00,272.9,50,33050
20240207,10:00:12,272.0,50,33050
20240207,10:00:20,276.0,50,33050
20240207,10:00:34,279.5,50,33050
20240207,10:00:40,278.5,450,33050
20240207,10:00:59,278.9,50,33050
20240207,10:01:00,280.0,50,33050
20240207,10:01:05,280.0,50,33050
20240207,10:01:12,281.2,50,33050
20240207,10:01:17,281.7,50,33050
20240207,10:01:29,278.7,100,33050
20240207,10:01:52,277.9,50,33900
20240207,10:02:19,280.4,50,33900
20240207,10:02:42,281.85,150,33900
20240207,10:02:54,281.6,50,33900
20240207,10:03:09,284.9,50,33900
20240207,10:03:22,285.9,100,33900
20240207,10:03:27,285.8,50,33900
20240207,10:03:57,287.25,1000,33900
20240207,10:04:54,292.7,1000,34250
20240207,10:04:56,293.85,250,34250
20240207,10:05:04,294.0,50,34250
20240207,10:05:06,294.0,1100,34250
20240207,10:05:09,292.85,100,34250
20240207,10:05:12,297.3,50,34250
20240207,10:05:14,298.0,50,34250
20240207,10:05:16,298.0,250,34250
20240207,10:05:22,300.15,50,34250
20240207,10:05:24,300.15,100,34250
20240207,10:05:26,299.1,200,34250
20240207,10:05:39,299.2,450,34250
20240207,10:05:41,301.15,100,34250
20240207,10:05:44,299.4,350,34250
20240207,10:05:51,298.5,700,34250
20240207,10:05:52,297.1,50,34250
20240207,10:05:54,294.75,500,34250
20240207,10:05:59,293.4,300,34250
20240207,10:06:01,292.45,100,34250
20240207,10:06:04,292.05,150,34250
20240207,10:06:07,294.25,150,34250
20240207,10:06:11,292.4,350,34250
20240207,10:06:12,293.35,300,34250
20240207,10:06:27,288.55,50,34250
20240207,10:06:32,286.9,700,34250
20240207,10:06:36,288.85,50,34250
20240207,10:06:37,287.95,100,34250
20240207,10:06:39,288.3,700,34250
20240207,10:06:46,291.6,250,34250
20240207,10:06:59,289.35,50,34250
20240207,10:07:01,288.35,100,34250
20240207,10:07:07,288.45,100,34250
20240207,10:07:18,289.15,150,34250
20240207,10:07:23,289.15,100,34250
20240207,10:07:26,288.85,250,34250
20240207,10:07:31,288.35,100,34250
20240207,10:07:39,285.75,50,34700
20240207,10:07:54,284.55,50,34700
20240207,10:08:17,285.05,100,34700
20240207,10:08:34,283.0,50,34700
20240207,10:08:42,281.75,600,34700
20240207,10:09:11,278.25,50,34700
20240207,10:09:19,277.45,100,34700
20240207,10:09:34,280.1,50,34700
20240207,10:09:36,279.3,100,34700
20240207,10:09:46,278.55,600,34700
20240207,10:10:19,281.75,1000,34700
20240207,10:11:44,280.2,50,34150
20240207,10:12:14,277.3,100,34150
20240207,10:12:23,275.0,50,34150
20240207,10:12:33,275.7,400,34150
20240207,10:12:58,278.55,100,34150
20240207,10:13:03,277.7,250,34150
20240207,10:13:39,275.7,100,34100
20240207,10:13:44,275.1,350,34100
20240207,10:14:16,276.0,50,34100
20240207,10:14:19,277.35,150,34100
20240207,10:14:23,277.35,100,34100
20240207,10:14:24,277.35,100,34100
20240207,10:14:26,276.8,50,34100
20240207,10:14:29,275.8,50,34100
20240207,10:14:51,278.65,50,34100
20240207,10:14:53,277.6,100,34100
20240207,10:15:24,273.6,150,34100
20240207,10:15:26,273.4,50,34100
20240207,10:15:29,273.4,350,34100
20240207,10:16:11,276.05,100,34100
20240207,10:16:13,277.0,50,34100
20240207,10:16:23,275.75,50,34100
20240207,10:16:31,274.1,50,34100
20240207,10:16:33,273.55,250,34100
20240207,10:17:31,278.3,50,33950
20240207,10:17:33,277.75,50,33950
20240207,10:17:54,274.0,50,33950
20240207,10:17:56,273.4,100,33950
20240207,10:18:08,272.0,50,33950
20240207,10:18:09,270.75,50,33950
20240207,10:18:16,270.35,50,33950
20240207,10:18:45,270.0,100,33950
20240207,10:18:48,270.2,150,33950
20240207,10:18:58,269.9,100,33950
20240207,10:19:00,269.8,1800,33950
20240207,10:19:20,269.8,50,33950
20240207,10:19:28,268.35,700,33950
20240207,10:19:30,268.95,600,33950
20240207,10:20:20,276.5,50,35400
20240207,10:20:58,277.4,500,35400
20240207,10:21:03,277.25,1150,35400
20240207,10:21:25,274.75,50,35400
20240207,10:21:36,272.95,700,35400
20240207,10:21:46,271.5,50,35400
20240207,10:22:13,276.5,100,35400
20240207,10:22:18,278.0,100,35400
20240207,10:22:23,278.6,50,35400
20240207,10:22:28,279.5,150,35400
20240207,10:22:46,279.5,150,35400
20240207,10:23:01,277.65,150,35450
20240207,10:23:16,279.4,350,35450
20240207,10:23:21,280.45,200,35450
20240207,10:23:23,280.05,750,35450
20240207,10:23:45,279.5,400,35450
20240207,10:24:15,277.0,50,35450
20240207,10:24:45,282.0,50,35450
20240207,10:24:50,282.0,300,35450
20240207,10:25:00,280.7,50,35450
20240207,10:25:15,279.95,100,35450
20240207,10:25:36,281.1,50,35450
20240207,10:25:58,280.5,50,34550
20240207,10:26:03,278.55,50,34550
20240207,10:26:43,280.2,50,34550
20240207,10:26:48,280.6,50,34550
20240207,10:26:53,281.45,150,34550
20240207,10:26:55,282.0,50,34550
20240207,10:28:40,275.25,50,34550
20240207,10:29:24,276.45,50,34550
20240207,10:29:29,277.5,50,34550
20240207,10:30:15,276.5,350,34550
20240207,10:30:35,276.8,50,34550
20240207,10:31:29,281.75,50,34550
20240207,10:31:32,282.65,300,34550
20240207,10:31:36,280.85,100,34550
20240207,10:31:49,278.0,50,34400
20240207,10:31:59,280.7,50,34400
20240207,10:33:01,276.3,300,34400
20240207,10:34:04,280.4,100,34400
20240207,10:34:26,282.4,100,34400
20240207,10:35:17,282.55,100,34500
20240207,10:35:21,282.95,100,34500
20240207,10:36:29,285.75,50,34500
20240207,10:36:36,287.35,50,34500
20240207,10:36:37,286.75,50,34500
20240207,10:36:39,288.1,50,34500
20240207,10:36:51,288.1,100,34500
20240207,10:36:56,286.7,350,34500
20240207,10:37:06,289.35,50,34500
20240207,10:37:11,289.75,50,34500
20240207,10:37:19,288.05,50,34500
20240207,10:37:26,288.1,50,34500
20240207,10:37:31,289.6,100,34500
20240207,10:37:51,287.8,50,34700
20240207,10:38:24,293.2,350,34700
20240207,10:38:26,291.8,100,34700
20240207,10:39:11,296.25,100,34700
20240207,10:39:19,294.45,50,34700
20240207,10:39:39,290.1,150,34700
20240207,10:40:04,292.05,50,34700
20240207,10:40:06,291.3,150,34700
20240207,10:40:18,295.0,400,34700
20240207,10:40:23,295.85,100,34700
20240207,10:40:28,295.85,150,34700
20240207,10:40:41,299.55,50,34700
20240207,10:40:43,300.05,150,34600
20240207,10:41:03,295.1,1000,34600
20240207,10:41:18,296.55,50,34600
20240207,10:41:31,293.1,50,34600
20240207,10:41:33,293.35,100,34600
20240207,10:41:58,304.55,100,34600
20240207,10:42:04,306.8,150,34600
20240207,10:42:06,307.95,900,34600
20240207,10:42:08,306.1,400,34600
20240207,10:42:19,301.25,200,34600
20240207,10:42:23,300.8,50,34600
20240207,10:42:24,300.4,150,34600
20240207,10:42:33,297.7,600,34600
20240207,10:42:34,297.8,450,34600
20240207,10:42:41,294.4,50,34600
20240207,10:42:43,295.0,50,34600
20240207,10:42:51,299.25,50,34600
20240207,10:43:01,297.35,50,34600
20240207,10:43:16,303.45,600,34600
20240207,10:43:23,302.3,400,34600
20240207,10:43:26,303.9,350,34600
20240207,10:43:59,311.05,50,33450
20240207,10:44:01,311.05,1500,33450
20240207,10:44:04,309.05,100,33450
20240207,10:44:11,307.2,50,33450
20240207,10:44:12,306.15,100,33450
20240207,10:44:14,307.6,100,33450
20240207,10:44:17,307.0,400,33450
20240207,10:44:22,309.05,2850,33450
20240207,10:44:31,306.55,400,33450
20240207,10:44:56,302.3,50,33450
20240207,10:44:59,300.0,250,33450
20240207,10:45:11,303.85,100,33450
20240207,10:45:23,302.7,350,33450
20240207,10:45:31,300.0,50,33450
20240207,10:45:34,300.1,50,33450
20240207,10:45:41,297.95,100,33450
20240207,10:45:53,295.1,200,33450
20240207,10:46:04,297.6,50,33450
20240207,10:46:07,299.7,100,33450
20240207,10:46:11,299.7,50,33450
20240207,10:46:21,296.15,50,33450
20240207,10:47:06,294.45,100,31600
20240207,10:47:19,297.95,50,31600
20240207,10:47:21,297.75,400,31600
20240207,10:47:33,294.05,50,31600
20240207,10:48:38,297.0,50,31600
20240207,10:50:10,294.65,650,31550
20240207,10:51:01,292.8,50,31550
20240207,10:51:30,290.4,50,31550
20240207,10:52:18,292.5,400,31550
20240207,10:52:35,291.35,50,31550
20240207,10:52:48,293.4,50,30850
20240207,10:53:00,292.3,700,30850
20240207,10:53:13,290.8,200,30850
20240207,10:53:15,290.8,250,30850
20240207,10:53:16,292.35,150,30850
20240207,10:53:40,294.25,50,30850
20240207,10:53:51,292.75,50,30850
20240207,10:53:58,292.95,50,30850
20240207,10:54:00,293.7,350,30850
20240207,10:54:01,293.4,150,30850
20240207,10:54:05,294.4,400,30850
20240207,10:54:15,294.4,50,30850
20240207,10:54:23,292.4,50,30850
20240207,10:54:36,292.95,50,30850
20240207,10:55:03,288.8,350,30850
20240207,10:55:06,288.35,100,30850
20240207,10:55:08,289.0,150,30850
20240207,10:55:11,289.5,50,30850
20240207,10:55:31,291.05,100,30850
20240207,10:55:47,292.65,100,30850
20240207,10:55:53,292.85,100,31250
20240207,10:56:15,294.0,850,31250
20240207,10:56:18,292.55,200,31250
20240207,10:57:02,290.0,400,31250
20240207,10:57:21,288.3,50,31250
20240207,10:57:55,290.8,450,31250
20240207,10:58:03,292.65,50,31250
20240207,10:58:15,293.0,100,31250
20240207,10:58:30,294.65,400,31250
20240207,10:59:25,296.1,50,31100
20240207,10:59:36,296.45,100,31100
20240207,10:59:40,296.35,100,31100
20240207,11:00:05,296.7,300,31100
20240207,11:00:15,298.5,50,31100
20240207,11:00:18,300.0,50,31100
20240207,11:00:21,300.1,350,31100
20240207,11:00:58,295.0,400,31100
20240207,11:02:35,294.65,50,31000
20240207,11:02:47,295.85,50,31000
20240207,11:03:12,299.0,50,31000
20240207,11:03:25,301.15,50,31000
20240207,11:03:54,303.6,50,31000
20240207,11:03:59,303.65,50,31000
20240207,11:04:13,302.1,50,31000
20240207,11:04:20,304.75,50,31000
20240207,11:04:50,305.0,400,30700
20240207,11:05:15,310.15,50,30700
20240207,11:05:22,310.2,350,30700
20240207,11:05:25,308.65,100,30700
20240207,11:05:28,306.3,50,30700
20240207,11:05:35,307.4,150,30700
20240207,11:05:45,310.5,350,30700
20240207,11:05:52,310.5,100,30700
20240207,11:06:09,316.0,700,30700
20240207,11:06:10,314.05,650,30700
20240207,11:06:14,315.45,50,30700
20240207,11:06:27,316.2,350,30700
20240207,11:06:30,317.0,350,30700
20240207,11:06:37,317.0,350,30700
20240207,11:06:47,312.2,50,30700
20240207,11:07:06,311.2,50,30700
20240207,11:07:10,311.15,50,30700
20240207,11:07:54,311.0,50,30350
20240207,11:08:04,313.4,350,30350
20240207,11:08:19,314.5,350,30350
20240207,11:08:42,315.0,400,30350
20240207,11:08:45,314.55,250,30350
20240207,11:08:59,313.2,50,30350
20240207,11:09:21,319.65,100,30350
20240207,11:09:22,319.65,200,30350
20240207,11:09:26,322.2,700,30350
20240207,11:09:27,323.25,150,30350
20240207,11:09:36,322.8,100,30350
20240207,11:09:46,318.7,50,30350
20240207,11:10:07,317.6,50,30350
20240207,11:10:51,310.0,150,29500
20240207,11:11:46,310.6,50,29500
20240207,11:11:47,311.2,450,29500
20240207,11:12:44,304.0,100,29500
20240207,11:13:21,303.1,50,29500
20240207,11:13:33,302.55,150,29500
20240207,11:13:51,304.0,50,29250
20240207,11:14:24,299.8,350,29250
20240207,11:15:36,302.3,350,29250
20240207,11:15:38,303.1,400,29250
20240207,11:15:43,303.85,100,29250
20240207,11:16:26,306.5,150,29250
20240207,11:16:33,306.95,50,29250
20240207,11:16:34,308.25,100,29250
20240207,11:16:44,307.85,50,29250
20240207,11:16:48,308.1,250,29500
20240207,11:17:09,303.55,50,29500
20240207,11:17:19,302.45,400,29500
20240207,11:19:23,304.1,100,29500
20240207,11:20:40,308.8,50,29950
20240207,11:20:56,305.15,100,29950
20240207,11:21:06,305.9,1750,29950
20240207,11:21:13,305.55,500,29950
20240207,11:21:15,305.5,50,29950
20240207,11:21:25,303.9,350,29950
20240207,11:22:12,310.3,50,29950
20240207,11:22:50,311.6,50,30150
20240207,11:23:18,312.0,50,30150
20240207,11:23:48,310.5,50,30150
20240207,11:23:58,308.8,50,30150
20240207,11:25:10,317.05,50,30150
20240207,11:25:30,317.05,50,30150
20240207,11:25:55,317.05,150,30050
20240207,11:26:00,315.35,50,30050
20240207,11:26:12,316.85,50,30050
20240207,11:28:07,316.9,350,30050
20240207,11:28:35,317.45,150,30050
20240207,11:28:40,318.35,50,30050
20240207,11:28:49,318.0,50,30050
20240207,11:29:05,320.0,450,30100
20240207,11:29:40,321.75,50,30100
20240207,11:29:49,319.8,50,30100
20240207,11:30:09,321.7,200,30100
20240207,11:30:35,321.75,50,30100
20240207,11:30:50,323.9,150,30100
20240207,11:31:04,323.9,300,30100
20240207,11:31:39,325.0,150,30100
20240207,11:31:49,330.0,50,30100
20240207,11:32:02,336.3,250,30000
20240207,11:32:06,337.45,250,30000
20240207,11:32:21,337.5,250,30000
20240207,11:32:27,334.5,200,30000
20240207,11:32:32,340.0,400,30000
20240207,11:32:49,340.0,50,30000
20240207,11:32:51,340.0,150,30000
20240207,11:33:11,347.3,350,30000
20240207,11:33:21,347.8,50,30000
20240207,11:33:43,347.8,100,30000
20240207,11:33:48,341.7,50,30000
20240207,11:34:04,343.35,50,30000
20240207,11:34:39,349.0,400,30000
20240207,11:34:46,349.0,50,30000
20240207,11:35:11,349.0,50,28750
20240207,11:35:14,349.5,50,28750
20240207,11:35:29,349.95,100,28750
20240207,11:35:33,349.95,100,28750
20240207,11:36:01,339.15,150,28750
20240207,11:36:39,343.8,250,28750
20240207,11:36:51,342.9,50,28750
20240207,11:37:01,343.35,50,28750
20240207,11:37:18,346.45,50,28750
20240207,11:37:28,348.35,100,28750
20240207,11:37:42,349.8,50,28750
20240207,11:38:19,361.0,50,28800
20240207,11:38:20,361.0,250,28800
20240207,11:38:22,358.25,100,28800
20240207,11:38:24,357.35,100,28800
20240207,11:38:50,362.95,250,28800
20240207,11:38:52,364.15,250,28800
20240207,11:38:54,364.15,250,28800
20240207,11:38:55,363.95,250,28800
20240207,11:38:57,362.9,550,28800
20240207,11:39:00,361.9,50,28800
20240207,11:39:08,363.9,100,28800
20240207,11:39:15,368.85,250,28800
20240207,11:39:17,368.85,250,28800
20240207,11:39:20,367.15,100,28800
20240207,11:39:25,369.0,150,28800
20240207,11:39:30,369.3,150,28800
20240207,11:39:43,369.3,250,28800
20240207,11:39:51,361.9,200,28800
20240207,11:39:56,361.0,50,28800
20240207,11:39:59,361.05,250,28800
20240207,11:40:11,365.5,50,28800
20240207,11:40:13,365.8,100,28800
20240207,11:40:18,366.95,250,28800
20240207,11:40:19,366.5,450,28800
20240207,11:40:28,366.2,100,28800
20240207,11:40:29,366.55,50,28800
20240207,11:40:31,368.2,250,28800
20240207,11:40:33,368.75,250,28800
20240207,11:40:34,368.35,500,28800
20240207,11:40:36,368.4,250,28800
20240207,11:40:41,366.3,50,28800
20240207,11:40:57,365.8,200,32050
20240207,11:41:10,365.8,50,32050
20240207,11:41:51,364.8,100,32050
20240207,11:42:04,364.4,600,32050
20240207,11:42:38,356.25,200,32050
20240207,11:42:40,355.3,400,32050
20240207,11:42:45,354.35,50,32050
20240207,11:42:55,351.45,50,32050
20240207,11:43:00,354.4,250,32050
20240207,11:43:12,360.0,50,32050
20240207,11:43:42,358.55,50,32050
20240207,11:44:34,349.25,50,31400
20240207,11:44:49,351.3,50,31400
20240207,11:44:51,353.15,50,31400
20240207,11:45:32,358.55,50,31400
20240207,11:45:35,357.35,50,31400
20240207,11:46:52,350.75,600,31450
20240207,11:49:10,345.4,50,31450
20240207,11:49:21,343.0,100,31450
20240207,11:51:23,342.65,50,31350
20240207,11:51:55,343.65,50,31350
20240207,11:52:12,342.95,50,31350
20240207,11:52:55,347.5,100,31300
20240207,11:53:03,348.25,50,31300
20240207,11:53:39,351.05,100,31300
20240207,11:54:59,357.8,50,31300
20240207,11:55:20,360.0,50,31300
20240207,11:55:45,365.0,50,31300
20240207,11:55:52,364.7,100,31300
20240207,11:55:59,363.5,250,31400
20240207,11:56:00,362.55,250,31400
20240207,11:56:17,369.0,50,31400
20240207,11:56:22,371.45,50,31400
20240207,11:56:25,373.2,100,31400
20240207,11:56:30,375.25,50,31400
20240207,11:56:37,375.25,100,31400
20240207,11:56:38,375.0,50,31400
20240207,11:56:42,375.25,150,31400
20240207,11:56:45,375.25,250,31400
20240207,11:56:47,374.3,50,31400
20240207,11:56:48,376.55,500,31400
20240207,11:56:55,376.55,150,31400
20240207,11:57:03,377.0,50,31400
20240207,11:57:05,377.0,50,31400
20240207,11:57:18,376.05,50,31400
20240207,11:57:20,374.05,50,31400
20240207,11:58:13,380.0,50,31400
20240207,11:58:15,380.45,150,31400
20240207,11:58:19,380.45,50,31400
20240207,11:58:43,376.5,50,31400
20240207,11:59:02,378.0,100,32050
20240207,11:59:54,370.5,50,32050
20240207,12:00:01,369.55,50,32050
20240207,12:00:11,373.3,250,32050
20240207,12:00:38,366.8,300,32050
20240207,12:01:19,359.0,100,32050
20240207,12:01:23,359.1,100,32050
20240207,12:01:39,364.8,50,32050
20240207,12:02:54,360.15,250,31550
20240207,12:03:11,353.85,100,31550
20240207,12:04:00,354.55,100,31550
20240207,12:04:36,349.55,100,31550
20240207,12:05:27,352.8,50,31700
20240207,12:06:32,353.65,100,31700
20240207,12:07:10,349.55,50,31700
20240207,12:08:12,346.5,50,31850
20240207,12:09:20,349.0,50,31850
20240207,12:09:54,351.25,200,31850
20240207,12:10:10,348.0,50,31850
20240207,12:10:40,353.6,100,31850
20240207,12:10:58,353.6,500,32200
20240207,12:11:18,348.0,100,32200
20240207,12:11:49,344.8,150,32200
20240207,12:12:07,346.3,50,32200
20240207,12:13:09,357.85,50,32200
20240207,12:13:10,358.0,500,32200
20240207,12:13:28,356.2,250,32200
20240207,12:14:33,361.0,400,32200
20240207,12:14:51,361.0,1800,32400
20240207,12:15:34,355.55,50,32400
20240207,12:18:05,356.0,50,34250
20240207,12:19:54,346.85,50,34250
20240207,12:20:52,347.0,1500,34300
20240207,12:24:19,358.0,1550,34750
20240207,12:29:49,350.2,100,34450
20240207,12:30:00,347.4,50,34450
20240207,12:30:40,352.8,50,34450
20240207,12:32:16,343.55,50,34600
20240207,12:33:01,339.0,50,34600
20240207,12:33:05,336.95,50,34600
20240207,12:34:19,340.0,50,34600
20240207,12:35:01,333.6,50,34700
20240207,12:35:04,332.35,400,34700
20240207,12:35:12,333.85,50,34700
20240207,12:35:27,334.25,100,34700
20240207,12:35:58,333.8,150,34700
20240207,12:37:45,345.0,100,34700
20240207,12:38:51,347.4,100,34400
20240207,12:39:03,346.0,50,34400
20240207,12:41:46,346.0,200,34550
20240207,12:41:47,347.1,100,34550
20240207,12:44:56,349.25,50,34700
20240207,12:50:07,355.0,250,34650
20240207,12:51:03,358.45,50,34650
20240207,12:51:23,361.0,250,34650
20240207,12:51:24,360.75,150,34650
20240207,12:51:28,359.1,250,34650
20240207,12:51:34,358.0,50,34650
20240207,12:51:36,355.7,50,34650
20240207,12:51:37,357.75,250,34650
20240207,12:53:42,357.75,100,34650
20240207,12:53:44,357.75,100,35250
20240207,12:55:02,361.0,100,35250
20240207,12:55:58,361.0,300,35250
20240207,12:56:04,361.0,50,35050
20240207,12:58:14,352.85,100,35050
20240207,12:58:37,353.2,100,35050
20240207,13:01:07,354.6,50,35050
20240207,13:08:19,345.0,50,35100
20240207,13:08:30,345.4,50,35100
20240207,13:12:38,340.25,250,35100
20240207,13:16:26,348.05,150,35150
20240207,13:18:40,341.85,50,35150
20240207,13:20:50,340.55,100,35200
20240207,13:30:20,355.1,250,35300
20240207,13:31:38,354.0,100,35300
20240207,13:32:37,339.2,150,35600
20240207,13:32:52,338.15,50,35600
20240207,13:35:03,334.4,100,35600
20240207,13:35:23,334.35,50,35500
20240207,13:36:04,335.55,50,35500
20240207,13:36:17,332.0,50,35500
20240207,13:38:01,320.0,50,35500
20240207,13:38:52,329.9,100,35700
20240207,13:39:26,323.0,50,35700
20240207,13:40:12,315.3,100,35700
20240207,13:40:57,312.0,150,35700
20240207,13:40:59,312.5,1000,35700
20240207,13:41:25,310.0,50,35950
20240207,13:41:37,310.2,50,35950
20240207,13:42:04,308.9,100,35950
20240207,13:42:15,308.25,100,35950
20240207,13:42:23,302.55,100,35950
20240207,13:42:30,301.0,50,35950
20240207,13:43:12,308.8,100,35950
20240207,13:43:15,308.3,250,35950
20240207,13:43:17,306.7,500,35950
20240207,13:43:18,305.7,500,35950
20240207,13:44:25,308.0,50,37100
20240207,13:45:35,316.25,250,37100
20240207,13:45:37,316.1,250,37100
20240207,13:45:38,316.25,250,37100
20240207,13:47:11,323.25,100,37850
20240207,13:47:19,325.6,1000,37850
20240207,13:48:01,325.6,100,37850
20240207,13:49:04,332.35,50,37850
20240207,13:49:11,335.05,400,37850
20240207,13:50:37,329.8,50,36850
20240207,13:51:30,331.3,100,36850
20240207,13:51:32,331.35,600,36850
20240207,13:51:51,335.9,100,36850
20240207,13:52:16,328.9,50,36850
20240207,13:52:57,329.0,1500,36850
20240207,13:54:04,325.5,150,37000
20240207,13:54:06,326.2,150,37000
20240207,13:54:22,328.95,200,37000
20240207,13:56:52,323.85,50,37350
20240207,13:57:26,317.35,250,37350
20240207,13:57:55,318.4,50,37350
20240207,14:00:43,308.65,1500,37400
20240207,14:00:45,308.65,50,37400
20240207,14:00:49,306.85,600,37400
20240207,14:01:42,305.0,50,37400
20240207,14:01:54,305.65,50,37400
20240207,14:01:56,307.0,50,37400
20240207,14:02:07,309.7,250,37400
20240207,14:02:14,308.15,50,38250
20240207,14:02:37,308.8,100,38250
20240207,14:03:00,305.45,50,38250
20240207,14:03:12,305.7,50,38250
20240207,14:05:20,315.0,1500,38250
20240207,14:08:02,296.85,50,38250
20240207,14:08:05,296.8,200,38250
20240207,14:08:30,295.3,250,38200
20240207,14:08:41,296.7,50,38200
20240207,14:09:12,293.7,1100,38200
20240207,14:09:19,295.0,350,38200
20240207,14:09:24,294.7,100,38200
20240207,14:09:49,296.1,400,38200
20240207,14:09:52,298.8,350,38200
20240207,14:10:01,299.0,50,38200
20240207,14:10:06,297.2,50,38200
20240207,14:10:39,292.0,150,38200
20240207,14:11:04,287.4,350,38200
20240207,14:11:14,291.2,100,40450
20240207,14:11:23,288.05,50,40450
20240207,14:11:29,284.9,250,40450
20240207,14:11:38,284.25,100,40450
20240207,14:11:59,281.35,200,40450
20240207,14:12:13,283.95,50,40450
20240207,14:12:29,287.9,100,40450
20240207,14:12:58,283.9,50,40450
20240207,14:13:01,283.55,50,40450
20240207,14:13:03,283.9,350,40450
20240207,14:13:29,288.5,350,40450
20240207,14:15:30,286.7,100,41650
20240207,14:15:45,287.65,100,41650
20240207,14:15:53,288.95,500,41650
20240207,14:16:33,296.05,300,41650
20240207,14:16:38,295.95,100,41650
20240207,14:16:40,295.6,50,41650
20240207,14:16:50,295.2,350,41650
20240207,14:16:55,295.0,100,41650
20240207,14:17:11,297.55,200,41650
20240207,14:17:25,299.25,100,41650
20240207,14:17:53,299.2,50,41250
20240207,14:18:03,299.15,200,41250
20240207,14:18:06,298.85,100,41250
20240207,14:18:13,297.35,50,41250
20240207,14:18:23,294.2,50,41250
20240207,14:18:35,296.05,100,41250
20240207,14:18:45,288.45,50,41250
20240207,14:19:01,290.85,100,41250
20240207,14:19:11,288.55,50,41250
20240207,14:19:51,288.7,200,41250
20240207,14:19:58,285.95,50,41250
20240207,14:20:03,286.7,350,41250
20240207,14:20:18,284.45,50,41750
20240207,14:20:20,284.4,400,41750
20240207,14:20:23,283.65,50,41750
20240207,14:20:40,280.0,50,41750
20240207,14:20:46,277.05,50,41750
20240207,14:20:48,277.75,100,41750
20240207,14:20:50,278.65,50,41750
20240207,14:21:07,277.1,200,41750
20240207,14:21:08,276.2,50,41750
20240207,14:21:11,277.35,200,41750
20240207,14:21:18,278.35,50,41750
20240207,14:21:28,276.55,200,41750
20240207,14:22:01,281.45,50,41750
20240207,14:22:03,281.3,100,41750
20240207,14:22:05,282.1,50,41750
20240207,14:22:11,284.0,50,41750
20240207,14:22:13,284.4,50,41750
20240207,14:23:10,281.9,50,41750
20240207,14:24:01,281.25,50,41400
20240207,14:24:13,281.0,100,41400
20240207,14:24:48,282.3,800,41400
20240207,14:25:32,279.8,100,41400
20240207,14:25:33,279.55,200,41400
20240207,14:26:25,281.75,100,41100
20240207,14:26:38,279.6,50,41100
20240207,14:27:02,284.35,50,41100
20240207,14:27:05,284.25,300,41100
20240207,14:27:08,284.4,100,41100
20240207,14:27:40,285.4,50,41100
20240207,14:27:42,285.7,50,41100
20240207,14:27:50,282.25,200,41100
20240207,14:28:28,286.85,250,41100
20240207,14:28:48,286.5,50,41100
20240207,14:28:50,284.9,50,41100
20240207,14:29:23,289.0,50,41050
20240207,14:30:00,292.15,50,41050
20240207,14:30:03,289.3,200,41050
20240207,14:30:07,290.45,50,41050
20240207,14:30:12,289.75,50,41050
20240207,14:30:32,291.55,50,41050
20240207,14:30:34,290.65,200,41050
20240207,14:30:45,290.1,50,41050
20240207,14:31:12,291.0,50,41050
20240207,14:31:25,292.9,200,41050
20240207,14:32:04,292.9,50,41050
20240207,14:32:10,292.95,500,41050
20240207,14:32:12,292.0,350,41050
20240207,14:33:00,292.1,200,40900
20240207,14:33:44,298.2,50,40900
20240207,14:34:00,300.2,250,40900
20240207,14:34:09,299.15,50,40900
20240207,14:34:20,303.0,200,40900
20240207,14:34:30,305.8,50,40900
20240207,14:35:50,306.85,400,40500
20240207,14:35:55,304.0,350,40500
20240207,14:36:24,302.7,250,40500
20240207,14:36:27,303.6,200,40500
20240207,14:37:01,297.75,200,40500
20240207,14:37:06,296.2,50,40500
20240207,14:38:39,309.0,400,40050
20240207,14:38:41,310.3,150,40050
20240207,14:39:02,319.0,100,40050
20240207,14:39:07,318.05,200,40050
20240207,14:39:18,318.95,200,40050
20240207,14:39:34,317.25,500,40050
20240207,14:39:40,319.55,100,40050
20240207,14:40:05,312.8,550,40050
20240207,14:40:25,319.55,350,40050
20240207,14:40:33,319.65,350,40050
20240207,14:40:51,318.55,200,40050
20240207,14:41:00,319.8,200,40050
20240207,14:41:03,317.6,250,40050
20240207,14:41:49,314.0,50,39050
20240207,14:42:14,309.5,350,39050
20240207,14:43:10,306.0,50,39050
20240207,14:43:16,306.0,50,39050
20240207,14:44:39,309.6,200,38850
20240207,14:44:56,307.4,50,38850
20240207,14:46:17,306.85,50,38850
20240207,14:46:44,304.1,50,38850
20240207,14:46:52,305.0,50,38850
20240207,14:47:04,306.75,50,38850
20240207,14:47:35,306.4,50,39100
20240207,14:48:58,314.9,50,39100
20240207,14:49:16,311.3,50,39100
20240207,14:49:39,314.5,50,39100
20240207,14:51:23,305.0,50,39050
20240207,14:52:29,303.9,50,39050
20240207,14:54:20,292.25,100,39150
20240207,14:54:32,295.55,100,39150
20240207,14:55:47,292.3,300,39150
20240207,14:56:13,296.1,500,39150
20240207,14:56:42,295.2,50,39950
20240207,14:56:52,298.6,50,39950
20240207,14:57:04,296.75,100,39950
20240207,14:57:44,302.9,350,39950
20240207,14:57:47,302.3,500,39950
20240207,14:58:47,303.05,100,39950
20240207,14:59:18,311.2,100,39950
20240207,14:59:23,313.3,50,39250
20240207,14:59:33,315.55,100,39250
20240207,14:59:37,315.3,50,39250
20240207,14:59:52,320.0,150,39250
20240207,14:59:58,320.5,50,39250
20240207,15:00:03,316.15,50,39250
20240207,15:00:05,315.3,50,39250
20240207,15:00:07,314.9,100,39250
20240207,15:00:09,317.55,350,39250
20240207,15:00:10,319.2,100,39250
20240207,15:00:34,315.1,50,39250
20240207,15:00:39,315.2,50,39250
20240207,15:00:50,312.0,50,39250
20240207,15:00:59,306.45,100,39250
20240207,15:01:15,306.2,50,39250
20240207,15:01:40,310.8,50,39250
20240207,15:01:49,307.9,50,39250
20240207,15:02:24,313.6,150,39100
20240207,15:02:37,311.15,250,39100
20240207,15:02:57,305.6,150,39100
20240207,15:03:00,306.2,250,39100
20240207,15:03:14,312.2,100,39100
20240207,15:03:15,312.05,50,39100
20240207,15:03:20,313.15,100,39100
20240207,15:03:42,310.15,50,39100
20240207,15:03:59,307.1,100,39100
20240207,15:04:07,304.75,50,39100
20240207,15:05:05,304.95,1800,39100
20240207,15:05:28,310.45,50,37100
20240207,15:05:58,305.2,50,37100
20240207,15:07:07,310.25,200,37100
20240207,15:07:17,309.15,50,37100
20240207,15:07:50,305.65,50,37100
20240207,15:08:07,305.65,50,37100
20240207,15:08:20,306.4,200,37100
20240207,15:09:11,306.45,100,37100
20240207,15:10:18,302.0,50,37100
20240207,15:10:36,302.25,250,37100
20240207,15:11:28,302.4,50,37350
20240207,15:12:01,302.3,200,37350
20240207,15:13:16,300.4,100,37350
20240207,15:13:18,299.85,100,37350
20240207,15:13:20,299.4,100,37350
20240207,15:13:21,298.55,50,37350
20240207,15:13:28,298.6,350,37350
20240207,15:14:15,298.35,100,37350
20240207,15:14:45,296.55,50,37850
20240207,15:14:55,295.85,50,37850
20240207,15:15:17,295.5,750,37850
20240207,15:15:18,296.1,400,37850
20240207,15:15:28,294.85,50,37850
20240207,15:15:47,295.15,200,37850
20240207,15:16:03,293.3,100,37850
20240207,15:16:16,293.9,50,37850
20240207,15:16:18,293.8,450,37850
20240207,15:16:28,294.5,350,37850
20240207,15:16:30,294.6,550,37850
20240207,15:16:31,294.2,50,37850
20240207,15:16:36,292.05,50,37850
20240207,15:16:42,291.4,150,37850
20240207,15:16:45,291.0,50,37850
20240207,15:17:07,291.2,150,37850
20240207,15:17:43,290.7,100,40100
20240207,15:18:20,293.35,100,40100
20240207,15:18:30,294.95,50,40100
20240207,15:18:35,293.7,700,40100
20240207,15:18:36,293.15,100,40100
20240207,15:18:38,292.65,50,40100
20240207,15:19:03,290.15,150,40100
20240207,15:19:56,291.8,50,40100
20240207,15:20:01,291.05,600,40100
20240207,15:20:03,290.45,400,40100
20240207,15:20:05,290.05,450,40100
20240207,15:20:06,290.0,200,40100
20240207,15:20:08,290.25,200,40100
20240207,15:20:49,293.45,150,40400
20240207,15:20:52,293.1,100,40400
20240207,15:21:02,294.65,350,40400
20240207,15:21:04,294.1,200,40400
20240207,15:21:06,295.1,50,40400
20240207,15:21:10,294.45,200,40400
20240207,15:21:15,294.1,200,40400
20240207,15:21:16,293.95,150,40400
20240207,15:21:20,293.8,50,40400
20240207,15:21:44,292.7,50,40400
20240207,15:21:59,294.5,50,40400
20240207,15:22:00,293.35,50,40400
20240207,15:22:41,294.75,100,40400
20240207,15:23:53,290.15,50,41200
20240207,15:24:03,289.95,450,41200
20240207,15:24:23,288.0,50,41200
20240207,15:24:28,286.4,1200,41200
20240207,15:24:38,284.0,100,41200
20240207,15:24:55,284.45,50,41200
20240207,15:25:11,284.3,50,41200
20240207,15:25:31,284.3,150,41200
20240207,15:26:08,284.35,50,41200
20240207,15:26:21,283.35,100,41200
20240207,15:26:24,283.45,100,41200
20240207,15:26:44,284.1,200,41700
20240207,15:26:59,283.8,150,41700
20240207,15:27:01,284.5,150,41700
20240207,15:27:11,284.6,350,41700
20240207,15:27:14,284.3,200,41700
20240207,15:27:16,284.75,50,41700
20240207,15:27:22,284.45,450,41700
20240207,15:27:24,284.55,50,41700
20240207,15:27:31,284.7,300,41700
20240207,15:27:41,284.75,150,41700
20240207,15:28:01,281.0,300,41700
20240207,15:28:20,275.75,100,41700
20240207,15:28:22,273.7,100,41700
20240207,15:28:25,273.25,150,41700
20240207,15:29:08,276.1,100,41700
20240207,15:29:25,275.85,500,41700
20240207,15:29:54,280.1,100,41850
20240208,09:15:32,250.95,1,41850
20240208,09:15:32,250.95,100,41850
20240208,09:15:34,251.25,100,41850
20240208,09:15:41,249.4,450,41850
20240208,09:15:42,249.25,150,41850
20240208,09:15:44,249.0,300,41850
20240208,09:15:46,248.6,400,41850
20240208,09:15:47,248.6,50,41850
20240208,09:15:51,250.35,50,41850
20240208,09:16:00,252.6,100,41850
20240208,09:16:02,252.6,550,41850
20240208,09:16:04,251.05,250,41850
20240208,09:16:05,250.45,150,41850
20240208,09:16:09,247.2,100,41850
20240208,09:16:14,246.1,50,41850
20240208,09:16:19,246.1,150,41850
20240208,09:16:27,247.25,50,41850
20240208,09:16:28,247.8,50,41850
20240208,09:16:30,247.55,50,41850
20240208,09:16:33,247.95,50,41850
20240208,09:16:51,247.4,100,41350
20240208,09:17:08,244.8,50,41350
20240208,09:17:11,244.8,50,41350
20240208,09:17:14,244.0,50,41350
20240208,09:17:18,244.0,300,41350
20240208,09:17:19,244.8,50,41350
20240208,09:17:29,244.45,50,41350
20240208,09:17:42,243.6,50,41350
20240208,09:17:50,242.95,50,41350
20240208,09:18:02,242.1,350,41350
20240208,09:18:10,242.1,50,41350
20240208,09:18:20,243.15,50,41350
20240208,09:18:25,242.3,150,41350
20240208,09:18:30,242.05,150,41350
20240208,09:18:33,241.4,50,41350
20240208,09:18:43,241.35,700,41350
20240208,09:18:45,241.4,50,41350
20240208,09:18:52,241.5,50,41350
20240208,09:19:00,241.5,50,41350
20240208,09:19:01,241.3,50,41350
20240208,09:19:03,241.3,50,41350
20240208,09:19:05,241.3,200,41350
20240208,09:19:06,241.15,50,41350
20240208,09:19:13,241.15,50,41350
20240208,09:19:16,241.7,50,41350
20240208,09:19:26,241.6,50,41350
20240208,09:20:01,243.4,50,42000
