date,time,tick_price,volume,open_interest
20240215,12:49:58,1.55,50,550
20240215,12:50:06,1.6,500,550
20240215,12:50:14,1.65,50,550
20240215,12:50:47,1.65,50,550
20240215,13:05:25,2.1,1100,550
20240215,13:05:44,1.65,200,550
20240215,13:05:50,1.65,50,550
20240215,13:06:02,1.65,50,550
20240215,13:06:41,1.6,500,550
20240215,13:07:02,1.65,300,550
20240215,13:07:14,1.65,750,1900
20240215,13:08:01,1.75,50,1900
20240215,13:12:35,1.6,300,2700
20240215,13:18:55,1.65,50,3000
20240215,13:23:42,1.7,50,3050
20240215,13:27:54,1.7,50,3100
20240215,13:30:56,1.7,50,3150
20240215,13:31:59,1.8,200,3200
20240215,13:37:04,1.7,150,3400
20240215,13:38:41,1.8,50,3400
20240215,13:40:15,1.7,250,3300
20240215,13:40:25,1.8,100,3300
20240215,13:42:53,1.75,100,3300
20240215,13:43:50,1.8,50,3400
20240215,13:47:23,1.85,100,3450
20240215,13:48:04,1.9,50,3450
20240215,13:48:27,1.85,200,3450
20240215,13:49:09,1.85,50,3450
20240215,13:52:12,1.45,250,3850
20240215,13:52:19,1.45,50,3850
20240215,13:52:32,2.25,1100,3850
20240215,13:52:40,1.95,250,3850
20240215,13:52:47,1.95,400,3850
20240215,13:53:20,1.9,50,3850
20240215,13:53:51,1.95,100,3850
20240215,13:53:58,1.95,50,3850
20240215,13:54:06,1.95,100,3850
20240215,13:55:03,1.85,250,3850
20240215,13:55:19,1.95,100,3850
20240215,13:56:03,1.95,100,5300
20240215,13:57:20,1.9,300,5300
20240215,13:58:02,1.9,200,5300
20240215,14:01:28,1.95,100,5200
20240215,14:01:47,1.9,100,5200
20240215,14:06:16,1.35,600,5200
20240215,14:06:42,1.95,650,5200
20240215,14:08:58,1.95,50,5800
20240215,14:13:40,1.95,50,5800
20240215,14:13:53,1.95,50,5800
20240215,14:15:10,1.9,200,5800
20240215,14:21:21,1.9,100,5900
20240215,14:23:37,2.3,1850,5950
20240215,14:23:51,1.95,500,5950
20240215,14:24:05,1.95,50,5950
20240215,14:24:18,1.95,50,5950
20240215,14:24:28,2.05,350,5950
20240215,14:25:10,1.95,100,5950
20240215,14:25:21,1.95,1050,5950
20240215,14:26:20,1.85,350,7100
20240215,14:28:18,1.85,100,7100
20240215,14:30:37,1.85,100,7200
20240215,14:33:08,1.85,200,7250
20240215,14:33:15,1.85,2250,7250
20240215,14:34:03,1.8,50,7250
20240215,14:36:11,1.8,50,9100
20240215,14:36:42,1.8,100,9100
20240215,14:38:22,1.85,50,9100
20240215,14:39:25,1.9,150,9100
20240215,14:41:25,1.8,4050,9200
20240215,14:41:32,1.8,950,9200
20240215,14:41:52,1.9,50,9200
20240215,14:42:06,1.75,5000,9200
20240215,14:43:42,1.85,250,13950
20240215,14:46:49,1.8,250,13950
20240215,14:46:57,1.9,1800,13950
20240215,14:47:57,1.85,300,13950
20240215,14:50:58,1.85,50,14800
20240215,14:51:07,1.85,400,14800
20240215,14:51:15,1.9,450,14800
20240215,14:51:32,1.95,100,14800
20240215,14:52:05,1.9,150,14800
20240215,14:52:45,1.95,250,14050
20240215,14:53:03,2.0,150,14050
20240215,14:53:28,2.0,150,14050
20240215,14:54:07,2.0,100,14050
20240215,14:54:34,1.95,50,14050
20240215,14:57:29,1.9,800,14200
20240215,14:58:09,1.85,200,14200
20240215,14:58:16,1.95,750,14200
20240215,15:01:17,1.95,150,14000
20240215,15:03:09,1.85,200,13850
20240215,15:03:16,1.9,50,13850
20240215,15:04:15,1.8,50,13850
20240215,15:06:27,1.85,200,13700
20240215,15:10:05,1.95,500,13700
20240215,15:15:06,1.85,50,13950
20240215,15:16:46,1.95,350,13950
20240215,15:17:31,1.9,600,13950
20240215,15:17:39,1.95,100,13950
20240215,15:19:08,1.85,50,13950
20240215,15:19:35,1.9,2200,14900
20240215,15:20:03,1.9,1150,14900
20240215,15:21:38,1.9,700,14900
20240215,15:21:45,1.9,50,14900
20240215,15:21:52,1.9,200,14900
20240215,15:25:14,1.9,200,18450
20240215,15:25:47,1.85,550,18450
20240215,15:27:12,1.9,100,18450
20240215,15:27:18,1.9,700,18450
20240215,15:27:35,1.85,250,18450
20240215,15:28:05,1.85,50,18450
20240215,15:28:14,1.85,50,18450
20240216,09:15:02,1.9,1,18450
20240216,09:15:02,1.9,50,18450
20240216,09:15:03,1.9,100,18450
20240216,09:15:05,1.65,150,18450
20240216,09:15:09,1.65,150,18450
20240216,09:15:10,1.95,450,18450
20240216,09:15:17,1.85,100,18450
20240216,09:15:22,1.7,50,18450
20240216,09:15:40,1.6,350,19450
20240216,09:16:15,1.6,1200,19450
20240216,09:16:25,1.65,100,19450
20240216,09:16:27,1.6,1500,19450
20240216,09:16:33,1.65,50,19450
20240216,09:16:36,1.6,1300,19450
20240216,09:16:45,1.55,100,19450
20240216,09:16:59,1.5,1550,19450
20240216,09:17:08,1.5,800,19450
20240216,09:17:16,1.55,50,19450
20240216,09:17:17,1.55,50,19450
20240216,09:17:23,1.45,1200,19450
20240216,09:17:31,1.45,50,19450
20240216,09:18:20,1.55,200,19450
20240216,09:18:26,1.5,600,22700
20240216,09:20:26,1.55,50,22700
20240216,09:20:37,1.55,50,22700
20240216,09:23:38,1.55,400,22700
20240216,09:25:04,1.5,250,22800
20240216,09:25:26,1.5,50,23050
20240216,09:25:40,1.5,1250,23050
20240216,09:25:41,1.5,50,23050
20240216,09:25:42,1.5,50,23050
20240216,09:26:02,1.45,100,23050
20240216,09:26:14,1.45,800,23050
20240216,09:26:21,1.45,50,23050
20240216,09:26:28,1.45,50,23050
20240216,09:26:31,1.45,100,23050
20240216,09:26:32,1.45,850,23050
20240216,09:26:34,1.5,50,23050
20240216,09:26:59,1.5,450,23050
20240216,09:27:07,1.45,50,23050
20240216,09:27:17,1.45,600,23050
20240216,09:27:19,1.45,50,23050
20240216,09:27:20,1.4,1700,23050
20240216,09:27:21,1.4,50,23050
20240216,09:27:41,1.4,50,23050
20240216,09:29:21,1.45,250,23200
20240216,09:29:31,1.45,350,23200
20240216,09:30:15,1.45,50,23200
20240216,09:30:39,1.5,250,23200
20240216,09:30:58,1.45,350,23200
20240216,09:31:23,1.45,450,23200
20240216,09:31:28,1.45,50,23200
20240216,09:31:29,1.45,50,23200
20240216,09:32:31,1.45,50,23200
20240216,09:32:51,1.45,100,23200
20240216,09:32:52,1.45,50,23200
20240216,09:33:05,1.45,50,23200
20240216,09:34:39,1.45,50,23200
20240216,09:35:35,1.45,50,22950
20240216,09:35:47,1.45,100,22950
20240216,09:35:47,1.45,50,22950
20240216,09:35:48,1.45,100,22950
20240216,09:35:53,1.5,50,22950
20240216,09:36:07,1.45,450,22950
20240216,09:36:54,1.45,50,22900
20240216,09:37:09,1.4,400,22900
20240216,09:37:24,1.35,450,22900
20240216,09:37:25,1.35,150,22900
20240216,09:37:26,1.35,50,22900
20240216,09:37:40,1.35,1250,22900
20240216,09:37:41,1.35,100,22900
20240216,09:37:42,1.35,50,22900
20240216,09:37:45,1.35,50,22900
20240216,09:37:46,1.35,100,22900
20240216,09:37:51,1.35,200,22900
20240216,09:38:14,1.4,50,22900
20240216,09:38:15,1.35,850,22900
20240216,09:39:07,1.35,450,22900
20240216,09:39:26,1.3,50,22900
20240216,09:39:31,1.3,50,22300
20240216,09:39:41,1.35,150,22300
20240216,09:39:42,1.35,150,22300
20240216,09:39:45,1.35,1000,22300
20240216,09:39:55,1.3,450,22300
20240216,09:40:05,1.3,500,22300
20240216,09:40:33,1.3,950,22300
20240216,09:41:14,1.3,1400,22300
20240216,09:41:19,1.3,300,22300
20240216,09:41:23,1.3,350,22300
20240216,09:41:48,1.3,250,22300
20240216,09:42:57,1.35,1000,22300
20240216,09:43:04,1.35,250,20850
20240216,09:43:10,1.35,250,20850
20240216,09:46:49,1.35,50,20850
20240216,09:47:33,1.3,300,21650
20240216,09:47:59,1.3,100,21650
20240216,09:48:05,1.3,100,21650
20240216,09:48:06,1.25,2900,21650
20240216,09:48:10,1.25,750,21650
20240216,09:48:13,1.3,1350,21650
20240216,09:48:14,1.3,900,21650
20240216,09:48:17,1.3,750,21650
20240216,09:48:23,1.3,100,21650
20240216,09:48:24,1.3,50,21650
20240216,09:48:29,1.3,250,21650
20240216,09:49:02,1.3,2100,21650
20240216,09:49:03,1.3,500,21550
20240216,09:49:04,1.35,250,21550
20240216,09:49:08,1.3,350,21550
20240216,09:49:09,1.3,800,21550
20240216,09:49:10,1.3,200,21550
20240216,09:49:11,1.25,1800,21550
20240216,09:50:06,1.25,1800,21550
20240216,09:50:07,1.3,1150,21550
20240216,09:50:56,1.25,1000,21550
20240216,09:51:28,1.25,850,21550
20240216,09:51:29,1.25,100,21550
20240216,09:51:30,1.25,50,21550
20240216,09:51:31,1.25,100,23750
20240216,09:51:33,1.25,50,23750
20240216,09:51:34,1.25,50,23750
20240216,09:51:52,1.25,550,23750
20240216,09:51:56,1.25,500,23750
20240216,09:52:22,1.25,250,23750
20240216,09:53:47,1.3,100,23750
20240216,09:54:23,1.3,850,23750
20240216,09:54:27,1.3,100,23750
20240216,09:54:49,1.3,50,23750
20240216,09:54:51,1.3,50,25000
20240216,09:55:09,1.3,50,25000
20240216,09:55:17,1.3,50,25000
20240216,09:55:38,1.35,500,25000
20240216,09:55:45,1.35,650,25000
20240216,09:55:45,1.35,50,25000
20240216,09:55:47,1.35,700,25000
20240216,09:55:52,1.35,50,25000
20240216,09:55:53,1.35,350,25000
20240216,09:56:19,1.35,50,25000
20240216,09:56:29,1.4,50,25000
20240216,09:57:10,1.4,250,25000
20240216,09:57:54,1.35,200,26550
20240216,09:57:56,1.4,200,26550
20240216,09:58:23,1.35,150,26550
20240216,09:58:24,1.35,150,26550
20240216,09:58:47,1.35,700,26550
20240216,09:58:48,1.35,150,26550
20240216,09:58:50,1.35,50,26550
20240216,09:58:51,1.35,50,26550
20240216,10:00:07,1.35,1250,26550
20240216,10:00:28,1.4,50,26550
20240216,10:02:48,1.4,500,26550
20240216,10:02:49,1.35,50,24900
20240216,10:04:22,1.35,350,24900
20240216,10:05:05,1.4,250,24850
20240216,10:05:16,1.4,50,24850
20240216,10:06:56,1.35,50,24450
20240216,10:07:40,1.4,50,24450
20240216,10:07:42,1.45,8800,24450
20240216,10:07:43,1.45,400,24450
20240216,10:07:57,1.4,50,24450
20240216,10:08:39,1.4,150,24450
20240216,10:08:59,1.4,200,24450
20240216,10:09:04,1.4,300,24450
20240216,10:09:14,1.45,50,24450
20240216,10:09:49,1.45,250,24450
20240216,10:10:09,1.4,100,25750
20240216,10:10:14,1.45,450,25750
20240216,10:10:15,1.45,1750,25750
20240216,10:10:16,1.45,400,25750
20240216,10:13:13,1.45,4350,26050
20240216,10:13:14,1.45,50,26050
20240216,10:13:18,1.45,50,26050
20240216,10:13:29,1.45,100,26050
20240216,10:13:30,1.45,50,26050
20240216,10:15:03,1.5,50,26050
20240216,10:18:08,1.5,1850,28900
20240216,10:18:15,1.5,2950,28900
20240216,10:18:21,1.55,1800,28900
20240216,10:18:46,1.55,1800,33950
20240216,10:18:59,1.55,1850,33950
20240216,10:19:07,1.55,650,33950
20240216,10:19:17,1.55,1200,33950
20240216,10:19:28,1.55,1800,33950
20240216,10:20:02,1.55,50,33950
20240216,10:20:39,1.5,250,33950
20240216,10:20:49,1.5,2800,33950
20240216,10:20:53,1.5,50,33950
20240216,10:21:00,1.5,50,33950
20240216,10:21:20,1.5,500,33950
20240216,10:21:26,1.5,50,33950
20240216,10:22:49,1.45,50,41050
20240216,10:23:14,1.5,100,41050
20240216,10:24:17,1.5,50,41050
20240216,10:27:23,1.5,4000,41050
20240216,10:27:24,1.5,100,41200
20240216,10:27:31,1.5,100,41200
20240216,10:27:42,1.5,100,41200
20240216,10:27:55,1.5,100,41300
20240216,10:28:03,1.5,100,41300
20240216,10:28:04,1.5,50,41300
20240216,10:28:30,1.5,350,41300
20240216,10:28:42,1.5,150,41300
20240216,10:30:19,1.55,850,41300
20240216,10:30:49,1.55,600,41250
20240216,10:30:54,1.5,250,41250
20240216,10:30:56,1.5,250,41250
20240216,10:31:43,1.5,1800,41250
20240216,10:32:17,1.5,400,41250
20240216,10:32:42,1.5,50,41250
20240216,10:35:53,1.5,1000,41250
20240216,10:36:08,1.5,500,40650
20240216,10:36:18,1.5,1600,40650
20240216,10:36:18,1.5,100,40650
20240216,10:36:20,1.5,150,40650
20240216,10:36:56,1.5,50,40800
20240216,10:37:13,1.5,1450,40800
20240216,10:37:18,1.5,300,40800
20240216,10:37:44,1.5,100,40800
20240216,10:37:53,1.5,100,40800
20240216,10:37:57,1.5,500,40800
20240216,10:38:07,1.5,800,40800
20240216,10:39:18,1.45,50,40800
20240216,10:41:14,1.5,700,40850
20240216,10:41:51,1.5,50,40850
20240216,10:41:54,1.5,150,40850
20240216,10:42:43,1.5,50,41050
20240216,10:43:54,1.5,50,41050
20240216,10:43:55,1.5,50,41050
20240216,10:44:04,1.45,50,41050
20240216,10:44:05,1.45,50,41050
20240216,10:45:47,1.5,300,41050
20240216,10:46:02,1.5,50,41050
20240216,10:47:15,1.45,50,41050
20240216,10:50:09,1.5,50,41050
20240216,10:50:20,1.5,1800,40950
20240216,10:50:59,1.5,2800,40950
20240216,10:53:49,1.45,1450,40950
20240216,10:56:51,1.45,1000,40950
20240216,11:00:32,1.45,1800,38500
20240216,11:00:33,1.45,1800,38500
20240216,11:01:06,1.45,450,38500
20240216,11:01:16,1.45,400,35500
20240216,11:01:38,1.4,500,35500
20240216,11:01:49,1.4,50,35500
20240216,11:01:50,1.4,50,35500
20240216,11:02:05,1.4,3650,35500
20240216,11:02:06,1.35,2650,35500
20240216,11:02:07,1.4,50,35500
20240216,11:02:19,1.35,3600,35500
20240216,11:02:54,1.4,3450,35500
20240216,11:02:54,1.35,50,35500
20240216,11:03:02,1.35,100,35500
20240216,11:03:12,1.4,50,35500
20240216,11:03:22,1.4,100,35500
20240216,11:03:26,1.4,2400,35500
20240216,11:04:05,1.4,50,36350
20240216,11:04:10,1.4,200,36350
20240216,11:05:20,1.4,50,36350
20240216,11:06:13,1.4,250,36350
20240216,11:06:34,1.35,250,36350
20240216,11:06:37,1.35,100,36350
20240216,11:08:45,1.4,50,36350
20240216,11:10:06,1.4,50,36200
20240216,11:11:44,1.4,50,36150
20240216,11:11:54,1.4,50,36150
20240216,11:15:30,1.35,1800,36150
20240216,11:15:31,1.35,3650,36200
20240216,11:15:32,1.3,1800,36200
20240216,11:15:33,1.35,50,36200
20240216,11:15:34,1.35,50,36200
20240216,11:15:36,1.35,50,36200
20240216,11:15:38,1.35,50,36200
20240216,11:15:50,1.35,50,39150
20240216,11:15:57,1.35,1150,39150
20240216,11:16:09,1.3,4200,39150
20240216,11:16:10,1.35,200,39150
20240216,11:18:38,1.35,1850,39150
20240216,11:18:40,1.35,50,39150
20240216,11:18:41,1.35,100,39150
20240216,11:19:02,1.35,250,39150
20240216,11:20:43,1.35,800,41700
20240216,11:21:03,1.35,250,41700
20240216,11:21:35,1.35,200,41700
20240216,11:23:38,1.35,50,41700
20240216,11:24:53,1.35,1400,41400
20240216,11:24:54,1.35,750,41400
20240216,11:24:55,1.3,5000,41400
20240216,11:25:31,1.35,200,41400
20240216,11:25:39,1.35,50,41400
20240216,11:25:40,1.35,150,41400
20240216,11:25:42,1.35,100,41400
20240216,11:26:08,1.35,250,41400
20240216,11:26:09,1.35,450,41400
20240216,11:26:58,1.35,100,41400
20240216,11:27:41,1.35,100,41400
20240216,11:29:51,1.35,700,45300
20240216,11:33:20,1.35,2500,45300
20240216,11:33:21,1.35,2450,45400
20240216,11:34:50,1.35,1000,46800
20240216,11:34:53,1.3,150,46800
20240216,11:35:27,1.35,100,46800
20240216,11:37:47,1.35,100,46800
20240216,11:39:12,1.35,150,47200
20240216,11:40:43,1.35,150,47200
20240216,11:41:04,1.3,1800,47050
20240216,11:43:03,1.35,2250,48050
20240216,11:43:04,1.3,1800,48050
20240216,11:43:24,1.35,100,48050
20240216,11:44:09,1.35,2050,48050
20240216,11:44:16,1.4,750,48050
20240216,11:48:21,1.35,950,53200
20240216,11:48:25,1.35,50,53200
20240216,11:48:28,1.35,50,53200
20240216,11:48:29,1.35,100,53200
20240216,11:48:37,1.35,50,53200
20240216,11:49:12,1.35,1950,54300
20240216,11:49:18,1.35,50,54300
20240216,11:49:37,1.35,50,54300
20240216,11:50:03,1.35,500,54300
20240216,11:50:20,1.35,550,54300
20240216,11:50:20,1.35,300,54300
20240216,11:50:24,1.35,50,54300
20240216,11:50:25,1.35,50,54300
20240216,11:55:48,1.3,50,55000
20240216,11:55:52,1.35,50,55000
20240216,11:56:23,1.3,50,55000
20240216,11:56:29,1.3,50,55000
20240216,11:56:34,1.35,50,55000
20240216,11:57:41,1.3,50,55000
20240216,11:57:55,1.35,50,55000
20240216,11:58:02,1.3,50,54850
20240216,12:01:11,1.35,50,54800
20240216,12:03:59,1.35,50,54750
20240216,12:06:09,1.35,50,54750
20240216,12:07:18,1.35,250,54700
20240216,12:08:19,1.35,50,54700
20240216,12:11:48,1.35,2900,54700
20240216,12:17:36,1.3,150,56450
20240216,12:17:48,1.3,50,56450
20240216,12:20:05,1.3,250,56450
20240216,12:20:44,1.3,1850,56250
20240216,12:20:57,1.3,50,56250
20240216,12:20:58,1.3,200,56250
20240216,12:21:00,1.35,50,56250
20240216,12:21:17,1.35,50,56250
20240216,12:21:30,1.3,150,56250
20240216,12:22:55,1.3,2500,56250
20240216,12:22:56,1.25,200,55750
20240216,12:22:57,1.25,1800,55750
20240216,12:23:12,1.25,100,55750
20240216,12:26:32,1.25,300,57500
20240216,12:26:52,1.35,350,57500
20240216,12:26:55,1.25,50,57500
20240216,12:27:01,1.25,250,57500
20240216,12:27:27,1.3,2800,57500
20240216,12:27:32,1.3,500,57500
20240216,12:29:03,1.35,50,59550
20240216,12:29:05,1.35,150,59550
20240216,12:29:06,1.35,50,59550
20240216,12:29:10,1.35,800,59550
20240216,12:29:11,1.35,100,59550
20240216,12:29:11,1.25,1050,59550
20240216,12:30:11,1.35,350,59550
20240216,12:30:12,1.35,700,59550
20240216,12:30:13,1.35,850,59550
20240216,12:30:17,1.35,500,59550
20240216,12:30:18,1.35,100,59550
20240216,12:30:21,1.35,50,59550
20240216,12:32:14,1.3,250,60400
20240216,12:33:00,1.25,100,60400
20240216,12:33:13,1.25,600,60400
20240216,12:33:17,1.25,2500,60400
20240216,12:33:20,1.25,250,60400
20240216,12:34:03,1.3,750,60400
20240216,12:35:11,1.25,100,58400
20240216,12:35:25,1.3,250,58400
20240216,12:36:48,1.25,500,58400
20240216,12:36:56,1.25,100,58800
20240216,12:37:00,1.25,100,58800
20240216,12:37:23,1.3,250,58800
20240216,12:39:26,1.25,500,58800
20240216,12:41:12,1.3,100,58700
20240216,12:41:52,1.3,2700,58700
20240216,12:41:53,1.3,2000,58700
20240216,12:42:41,1.25,150,58700
20240216,12:42:57,1.3,250,58700
20240216,12:43:10,1.3,50,62300
20240216,12:43:40,1.3,100,62300
20240216,12:44:01,1.25,150,62300
20240216,12:45:56,1.3,1600,62700
20240216,12:46:46,1.3,3900,62700
20240216,12:46:58,1.3,250,62700
20240216,12:46:58,1.3,350,62700
20240216,12:48:29,1.3,250,62700
20240216,12:51:59,1.3,50,62500
20240216,12:52:30,1.3,50,62500
20240216,12:54:27,1.35,1100,62500
20240216,12:54:35,1.35,900,62500
20240216,12:54:43,1.35,250,62500
20240216,12:55:11,1.35,500,63850
20240216,12:55:48,1.35,600,63850
20240216,12:57:01,1.3,50,63850
20240216,12:58:30,1.35,100,64750
20240216,12:58:43,1.35,1600,64750
20240216,12:58:52,1.35,150,64750
20240216,13:00:48,1.35,500,64750
20240216,13:00:49,1.35,550,64750
20240216,13:01:43,1.35,250,62900
20240216,13:01:55,1.35,50,62900
20240216,13:01:57,1.35,50,62900
20240216,13:02:33,1.35,250,62900
20240216,13:02:46,1.4,1750,62900
20240216,13:03:30,1.4,800,62900
20240216,13:04:16,1.35,100,62900
20240216,13:04:39,1.35,100,65450
20240216,13:06:12,1.35,250,65450
20240216,13:06:42,1.35,150,65450
20240216,13:06:43,1.35,50,65450
20240216,13:10:53,1.35,250,65450
20240216,13:12:19,1.35,1800,65450
20240216,13:15:00,1.35,200,65450
20240216,13:15:01,1.35,300,63450
20240216,13:18:38,1.35,300,63450
20240216,13:21:55,1.3,500,62950
20240216,13:22:33,1.3,2050,62750
20240216,13:25:14,1.3,50,62750
20240216,13:26:51,1.3,50,62750
20240216,13:26:53,1.25,100,62750
20240216,13:28:08,1.25,100,62700
20240216,13:28:17,1.25,50,62700
20240216,13:28:24,1.25,600,62700
20240216,13:28:25,1.25,2100,62700
20240216,13:28:26,1.2,1800,62700
20240216,13:28:27,1.2,1800,62700
20240216,13:31:27,1.2,800,62950
20240216,13:31:30,1.2,50,62950
20240216,13:31:32,1.2,50,62950
20240216,13:31:34,1.2,50,62950
20240216,13:33:17,1.2,500,62950
20240216,13:33:34,1.2,850,62950
20240216,13:33:34,1.2,100,62950
20240216,13:35:33,1.2,250,62950
20240216,13:36:40,1.2,150,61800
20240216,13:37:35,1.15,1800,61950
20240216,13:38:14,1.15,1300,61950
20240216,13:38:15,1.15,550,61950
20240216,13:40:27,1.15,500,61550
20240216,13:40:34,1.15,2300,61550
20240216,13:41:51,1.2,100,61550
20240216,13:41:57,1.2,100,61550
20240216,13:41:58,1.2,1850,61550
20240216,13:42:21,1.25,350,61550
20240216,13:42:31,1.25,500,61550
20240216,13:43:30,1.25,500,64300
20240216,13:43:32,1.25,50,64300
20240216,13:44:27,1.2,950,64300
20240216,13:44:27,1.2,50,64300
20240216,13:45:55,1.25,500,64300
20240216,13:46:00,1.25,500,64300
20240216,13:47:10,1.25,1000,64850
20240216,13:47:32,1.25,500,64850
20240216,13:47:49,1.2,100,64850
20240216,13:47:55,1.25,500,64850
20240216,13:48:04,1.25,500,64850
20240216,13:49:05,1.15,5400,64850
20240216,13:49:06,1.15,3600,66300
20240216,13:49:20,1.2,50,66300
20240216,13:49:22,1.2,50,66300
20240216,13:49:24,1.2,1150,66300
20240216,13:49:34,1.2,100,66300
20240216,13:53:01,1.15,100,66300
20240216,13:54:52,1.15,50,71400
20240216,13:56:46,1.2,250,71400
20240216,14:01:00,1.15,50,71400
20240216,14:01:13,1.15,50,71400
20240216,14:01:28,1.15,50,71400
20240216,14:01:47,1.2,100,71400
20240216,14:03:54,1.1,300,71400
20240216,14:06:06,1.2,250,71400
20240216,14:06:37,1.2,250,71450
20240216,14:09:17,1.15,750,71450
20240216,14:10:06,1.15,50,71450
20240216,14:10:20,1.15,50,71450
20240216,14:12:41,1.15,100,71500
20240216,14:12:45,1.2,100,71500
20240216,14:14:11,1.2,1000,71400
20240216,14:14:34,1.2,500,71400
20240216,14:14:48,1.2,50,71400
20240216,14:15:25,1.2,50,71400
20240216,14:16:10,1.2,50,71400
20240216,14:16:29,1.2,50,71600
20240216,14:18:21,1.2,250,71600
20240216,14:20:05,1.2,1000,71350
20240216,14:22:46,1.15,650,71350
20240216,14:26:39,1.15,400,71300
20240216,14:27:03,1.2,150,71300
20240216,14:30:54,1.2,250,71300
20240216,14:30:55,1.2,550,71700
20240216,14:31:32,1.15,50,71700
20240216,14:31:54,1.15,50,71700
20240216,14:32:05,1.15,50,71700
20240216,14:32:07,1.15,400,71700
20240216,14:32:29,1.15,100,71700
20240216,14:39:21,1.2,250,71700
20240216,14:39:23,1.2,350,71650
20240216,14:39:27,1.2,500,71650
20240216,14:40:19,1.2,500,71400
20240216,14:41:33,1.2,50,71400
20240216,14:41:47,1.2,250,71400
20240216,14:42:34,1.15,250,71400
20240216,14:42:37,1.2,250,71400
20240216,14:42:45,1.2,200,71400
20240216,14:43:32,1.25,100,71500
20240216,14:44:55,1.15,250,71500
20240216,14:46:58,1.2,50,71350
20240216,14:47:13,1.2,3600,71350
20240216,14:47:14,1.2,200,71350
20240216,14:48:07,1.15,50,71350
20240216,14:54:04,1.1,50,72300
20240216,14:54:14,1.1,50,72300
20240216,14:55:34,1.1,50,72350
20240216,14:55:35,1.1,50,72350
20240216,14:58:21,1.15,50,72350
20240216,15:00:02,1.15,650,72350
20240216,15:00:03,1.15,400,72350
20240216,15:01:03,1.2,500,72350
20240216,15:05:15,1.15,50,72350
20240216,15:06:51,1.15,50,72300
20240216,15:07:28,1.15,100,72300
20240216,15:09:45,1.2,50,72300
20240216,15:11:35,1.15,50,72300
20240216,15:12:17,1.15,250,72300
20240216,15:12:38,1.15,300,72300
20240216,15:12:56,1.15,50,72300
20240216,15:13:09,1.15,50,72300
20240216,15:13:17,1.15,150,72150
20240216,15:13:24,1.2,100,72150
20240216,15:14:37,1.15,250,72150
20240216,15:14:41,1.15,50,72150
20240216,15:14:46,1.15,500,72150
20240216,15:14:50,1.15,500,72150
20240216,15:14:53,1.15,50,72150
20240216,15:14:54,1.15,50,72150
20240216,15:14:56,1.2,500,72150
20240216,15:15:00,1.15,50,72150
20240216,15:15:03,1.15,250,72150
20240216,15:15:12,1.15,100,72150
20240216,15:15:13,1.15,400,72150
20240216,15:15:14,1.15,500,72150
20240216,15:16:05,1.1,450,72150
20240216,15:16:45,1.15,450,71950
20240216,15:16:47,1.15,200,71950
20240216,15:16:48,1.15,50,71950
20240216,15:17:08,1.15,50,71950
20240216,15:18:53,1.1,100,71950
20240216,15:19:41,1.1,750,71950
20240216,15:19:43,1.1,1750,71900
20240216,15:22:30,1.1,750,71900
20240216,15:22:31,1.1,100,71800
20240216,15:22:32,1.1,50,71800
20240216,15:22:43,1.05,1800,71800
20240216,15:22:54,1.05,1750,71800
20240216,15:23:15,1.05,850,71800
20240216,15:23:37,1.05,50,71800
20240216,15:23:39,1.05,50,71800
20240216,15:23:40,1.05,50,71800
20240216,15:23:42,1.05,50,71800
20240216,15:24:07,1.05,500,71800
20240216,15:24:18,1.15,250,71800
20240216,15:24:28,1.1,50,71800
20240216,15:24:28,1.15,250,71800
20240216,15:24:42,1.15,500,71800
20240216,15:24:44,1.1,50,71800
20240216,15:24:47,1.15,250,71800
20240216,15:25:02,1.1,100,71800
20240216,15:25:05,1.15,600,71800
20240216,15:25:06,1.15,250,71800
20240216,15:25:08,1.15,250,71800
20240216,15:25:32,1.15,250,71800
20240216,15:25:41,1.15,250,71800
20240216,15:25:45,1.15,800,71800
20240216,15:25:58,1.15,500,71800
20240216,15:26:06,1.2,500,71800
20240216,15:26:35,1.2,1050,71800
20240216,15:26:36,1.2,50,71800
20240216,15:26:37,1.25,1400,71800
20240216,15:26:39,1.25,250,71800
20240216,15:26:47,1.25,50,71800
20240216,15:26:49,1.3,700,71800
20240216,15:26:58,1.3,500,71800
20240216,15:27:02,1.35,500,71800
20240216,15:27:04,1.3,500,71800
20240216,15:27:05,1.3,250,71800
20240216,15:27:08,1.3,250,71800
20240216,15:27:09,1.3,100,71800
20240216,15:27:18,1.35,100,71800
20240216,15:27:29,1.3,250,71800
20240216,15:28:12,1.3,200,71800
20240216,15:28:22,1.3,250,71350
20240216,15:28:35,1.3,100,71350
20240216,15:28:48,1.3,50,71350
20240216,15:28:53,1.3,100,71350
20240216,15:29:20,1.25,100,71350
20240216,15:29:28,1.1,100,71350
20240216,15:29:35,1.3,100,71350
20240216,15:29:38,1.3,100,71350
20240216,15:29:55,1.2,150,71350
20240216,15:29:57,1.3,300,71350
20240219,09:15:02,1.2,1,71450
20240219,09:15:02,1.2,50,71450
20240219,09:15:03,1.25,150,71450
20240219,09:15:04,1.25,550,71450
20240219,09:15:06,1.2,1200,71450
20240219,09:15:08,1.1,150,71450
20240219,09:15:34,1.05,50,71650
20240219,09:15:36,1.05,100,71650
20240219,09:16:05,1.05,250,71650
20240219,09:16:08,1.05,200,71650
20240219,09:16:12,1.05,500,71650
20240219,09:16:44,1.05,50,71650
20240219,09:17:37,1.0,50,71650
20240219,09:18:34,1.0,50,71650
20240219,09:19:03,1.0,500,71600
20240219,09:20:04,1.1,500,71600
20240219,09:20:33,1.1,50,71600
20240219,09:21:11,1.05,1100,71600
20240219,09:22:19,1.05,100,71750
20240219,09:24:19,1.05,400,71750
20240219,09:24:34,1.1,200,71800
20240219,09:25:26,1.1,1250,71800
20240219,09:26:33,1.1,50,71800
20240219,09:26:44,1.1,100,71800
20240219,09:26:46,1.1,100,71800
20240219,09:26:49,1.1,50,71800
20240219,09:27:28,1.1,250,71800
20240219,09:27:49,1.1,50,72400
20240219,09:28:26,1.1,150,72400
20240219,09:28:50,1.1,150,72400
20240219,09:29:23,1.1,1000,72400
20240219,09:30:04,1.1,500,72400
20240219,09:30:20,1.1,1300,72400
20240219,09:30:22,1.1,500,72400
20240219,09:30:25,1.1,700,72400
20240219,09:31:07,1.1,2100,76150
20240219,09:31:18,1.1,300,76150
20240219,09:31:52,1.05,200,76150
20240219,09:32:14,1.05,500,76150
20240219,09:32:47,1.05,500,76150
20240219,09:33:43,1.0,50,76150
20240219,09:33:50,1.0,500,75850
20240219,09:34:37,1.0,150,75850
20240219,09:34:58,1.05,50,75850
20240219,09:35:59,1.05,200,75850
20240219,09:36:17,1.05,200,75850
20240219,09:37:05,1.0,50,75150
20240219,09:37:36,1.0,1400,75150
20240219,09:38:00,1.05,50,75150
20240219,09:38:03,1.05,50,75150
20240219,09:39:17,1.0,1050,75150
20240219,09:39:26,1.0,50,75150
20240219,09:39:59,1.0,1900,75150
20240219,09:40:13,1.0,250,75300
20240219,09:40:29,1.0,50,75300
20240219,09:40:30,1.0,50,75300
20240219,09:40:34,1.0,50,75300
20240219,09:40:52,1.0,250,75300
20240219,09:42:09,0.95,100,75300
20240219,09:42:53,0.95,150,75300
20240219,09:43:15,0.95,50,76000
20240219,09:44:07,0.95,250,76000
20240219,09:44:58,0.95,50,76000
20240219,09:45:15,0.95,150,76000
20240219,09:45:15,0.95,250,76000
20240219,09:45:23,0.9,1800,76000
20240219,09:46:08,0.9,2750,77400
20240219,09:46:44,0.9,250,77400
20240219,09:47:40,0.85,250,77400
20240219,09:49:18,0.85,100,77400
20240219,09:49:23,0.85,250,77950
20240219,09:51:02,0.85,4400,77950
20240219,09:52:05,0.95,50,77950
20240219,09:53:26,0.9,100,79300
20240219,09:55:08,0.95,50,79300
20240219,10:00:23,0.85,50,79300
20240219,10:03:43,0.9,1800,79300
20240219,10:04:19,0.9,300,79250
20240219,10:04:38,0.9,650,79250
20240219,10:04:48,0.9,100,79250
20240219,10:04:52,0.95,50,79250
20240219,10:05:14,0.9,50,79250
20240219,10:06:31,0.9,100,79250
20240219,10:08:36,0.95,50,79250
20240219,10:09:48,0.9,100,79250
20240219,10:10:46,0.95,50,79250
20240219,10:10:50,0.9,50,79250
20240219,10:13:35,0.95,50,79350
20240219,10:14:00,0.95,200,79350
20240219,10:16:58,0.95,900,79350
20240219,10:17:24,0.95,50,79350
20240219,10:18:22,0.95,250,79350
20240219,10:18:57,0.9,100,79350
20240219,10:21:12,0.95,50,79350
20240219,10:22:00,0.95,950,79350
20240219,10:22:00,1.0,1800,79350
20240219,10:22:01,0.95,50,79350
20240219,10:22:07,0.95,250,79350
20240219,10:22:08,0.95,50,79350
20240219,10:22:11,0.95,50,79350
20240219,10:22:14,0.95,100,79350
20240219,10:22:28,0.95,250,79350
20240219,10:22:38,1.0,50,79350
20240219,10:23:31,1.0,2450,79350
20240219,10:23:37,1.0,100,79350
20240219,10:24:52,0.95,50,78700
20240219,10:25:20,1.05,1600,78700
20240219,10:25:22,1.05,700,78700
20240219,10:26:07,1.1,1800,78700
20240219,10:26:09,1.1,1800,78700
20240219,10:27:00,1.0,50,78700
20240219,10:27:08,1.0,1850,78700
20240219,10:31:10,1.1,50,77650
20240219,10:32:02,1.05,3400,77650
20240219,10:32:02,1.05,300,77650
20240219,10:34:24,1.05,3600,75000
20240219,10:34:35,1.05,50,75000
20240219,10:34:43,1.05,50,75000
20240219,10:34:47,1.05,100,75000
20240219,10:34:51,1.0,50,75000
20240219,10:37:18,1.0,50,75000
20240219,10:39:14,1.0,50,72500
20240219,10:39:43,1.0,100,72500
20240219,10:40:25,1.05,50,72500
20240219,10:40:41,1.0,50,72500
20240219,10:40:42,1.0,100,72500
20240219,10:42:14,1.05,50,72500
20240219,10:42:34,1.0,100,72500
20240219,10:43:21,1.0,300,72750
20240219,10:44:02,1.0,300,72750
20240219,10:45:55,1.05,50,72750
20240219,10:49:12,1.05,50,72750
20240219,10:51:21,1.05,50,72750
20240219,10:53:32,1.0,50,72750
20240219,10:53:39,1.0,200,72750
20240219,10:54:08,1.0,1100,72750
20240219,10:54:08,1.0,250,72750
20240219,10:54:09,1.0,500,72750
20240219,10:54:13,1.0,100,72750
20240219,10:54:35,1.0,250,72750
20240219,10:54:47,1.0,50,71450
20240219,10:54:56,1.0,50,71450
20240219,10:55:31,0.95,50,71450
20240219,10:55:42,1.0,200,71450
20240219,10:55:50,1.0,400,71450
20240219,10:55:52,1.05,2900,71450
20240219,10:55:52,1.05,1800,71450
20240219,10:55:59,1.05,400,71450
20240219,10:56:32,1.0,1000,71450
20240219,10:57:05,1.05,2400,71450
20240219,10:57:06,1.05,5300,71450
20240219,10:57:11,1.05,400,71450
20240219,10:57:33,1.0,50,71450
20240219,10:57:34,1.0,50,71450
20240219,10:57:58,1.0,50,66600
20240219,10:59:43,1.05,50,66600
20240219,10:59:50,1.1,950,66600
20240219,10:59:51,1.1,500,66600
20240219,10:59:54,1.1,500,66600
20240219,11:00:09,1.1,600,66600
20240219,11:01:35,1.1,1550,65450
20240219,11:01:40,1.1,50,65450
20240219,11:01:50,1.1,50,65450
20240219,11:02:07,1.1,50,65450
20240219,11:04:13,1.05,1000,66350
20240219,11:05:27,1.05,750,66350
20240219,11:05:30,1.05,500,66350
20240219,11:06:02,1.05,100,66350
20240219,11:06:20,1.05,50,66350
20240219,11:06:30,1.05,50,66350
20240219,11:12:51,1.05,50,67100
20240219,11:14:14,1.05,50,67100
20240219,11:14:32,1.05,1800,67100
20240219,11:15:17,1.1,1800,67100
20240219,11:15:19,1.15,750,67100
20240219,11:15:20,1.15,3600,67100
20240219,11:15:21,1.1,100,67100
20240219,11:16:42,1.15,2850,67800
20240219,11:16:45,1.1,3200,67800
20240219,11:16:52,1.1,300,67800
20240219,11:17:00,1.1,500,67800
20240219,11:17:04,1.15,2600,67800
20240219,11:17:04,1.15,1250,67800
20240219,11:17:15,1.2,150,67800
20240219,11:17:38,1.1,350,67800
20240219,11:17:44,1.15,300,67800
20240219,11:17:44,1.15,700,67800
20240219,11:17:56,1.1,500,67800
20240219,11:18:51,1.1,2300,67550
20240219,11:18:52,1.2,1400,67550
20240219,11:19:05,1.1,50,67550
20240219,11:19:09,1.15,50,67550
20240219,11:19:18,1.2,50,67550
20240219,11:19:23,1.15,500,67550
20240219,11:19:34,1.15,1000,67550
20240219,11:19:38,1.2,250,67550
20240219,11:19:48,1.15,500,67550
20240219,11:20:09,1.15,600,67550
20240219,11:20:10,1.15,400,67550
20240219,11:20:27,1.1,500,67550
20240219,11:21:05,1.15,1950,67550
20240219,11:21:09,1.2,500,67550
20240219,11:21:28,1.15,50,67550
20240219,11:21:29,1.15,100,67550
20240219,11:21:53,1.15,550,65950
20240219,11:22:05,1.15,50,65950
20240219,11:22:22,1.15,50,65950
20240219,11:22:40,1.1,750,65950
20240219,11:22:55,1.1,1450,65950
20240219,11:24:29,1.15,50,65950
20240219,11:24:40,1.1,100,65950
20240219,11:24:41,1.1,50,65950
20240219,11:24:42,1.1,50,65950
20240219,11:24:47,1.1,100,65950
20240219,11:24:50,1.1,200,67400
20240219,11:25:27,1.1,50,67400
20240219,11:25:28,1.1,150,67400
20240219,11:25:29,1.1,200,67400
20240219,11:26:03,1.1,50,67400
20240219,11:26:18,1.1,50,67400
20240219,11:26:45,1.1,50,67400
20240219,11:27:11,1.1,50,67400
20240219,11:27:25,1.1,1450,67400
20240219,11:27:45,1.1,50,67400
20240219,11:27:49,1.1,50,67400
20240219,11:27:58,1.1,50,67250
20240219,11:28:05,1.1,50,67250
20240219,11:29:58,1.1,50,67250
20240219,11:30:15,1.1,500,67250
20240219,11:30:43,1.1,50,67250
20240219,11:30:48,1.1,50,67250
20240219,11:30:49,1.1,50,67250
20240219,11:31:19,1.1,300,67100
20240219,11:32:18,1.05,50,67100
20240219,11:33:25,1.1,250,67100
20240219,11:33:59,1.1,250,66700
20240219,11:34:01,1.1,1200,66700
20240219,11:34:03,1.1,300,66700
20240219,11:34:04,1.1,150,66700
20240219,11:34:47,1.1,100,66700
20240219,11:36:33,1.15,50,66700
20240219,11:37:47,1.1,700,64900
20240219,11:38:10,1.1,50,64900
20240219,11:38:15,1.1,50,64900
20240219,11:38:33,1.1,50,64900
20240219,11:38:44,1.1,50,64900
20240219,11:38:53,1.15,50,64900
20240219,11:39:31,1.1,50,64900
20240219,11:39:40,1.15,50,64900
20240219,11:40:09,1.1,450,64900
20240219,11:41:47,1.1,50,65000
20240219,11:42:26,1.1,600,65000
20240219,11:43:58,1.1,450,65000
20240219,11:49:32,1.05,50,65300
20240219,11:50:49,1.05,1800,65300
20240219,11:51:15,1.05,1800,65300
20240219,11:54:38,1.1,550,65300
20240219,11:55:18,1.1,250,64900
20240219,11:57:21,1.1,50,64900
20240219,11:57:22,1.1,50,64900
20240219,11:59:09,1.1,1500,64900
20240219,11:59:10,1.1,300,64900
20240219,11:59:11,1.1,300,64900
20240219,11:59:15,1.1,1900,64900
20240219,11:59:18,1.1,50,64900
20240219,11:59:23,1.1,50,64900
20240219,12:00:10,1.1,50,64900
20240219,12:00:27,1.1,650,64900
20240219,12:01:27,1.1,100,64500
20240219,12:02:08,1.1,50,64500
20240219,12:02:27,1.15,1800,64500
20240219,12:02:35,1.1,50,64500
20240219,12:02:46,1.1,500,64500
20240219,12:02:53,1.1,1800,64500
20240219,12:03:36,1.1,100,64500
20240219,12:04:25,1.1,50,64500
20240219,12:04:26,1.1,50,61400
20240219,12:06:09,1.1,750,61400
20240219,12:14:09,1.15,1800,61400
20240219,12:15:27,1.15,500,60850
20240219,12:17:12,1.2,4350,59800
20240219,12:18:15,1.2,50,59800
20240219,12:18:18,1.2,50,59800
20240219,12:18:34,1.2,50,59800
20240219,12:18:38,1.25,1850,59800
20240219,12:18:40,1.2,50,59800
20240219,12:18:41,1.2,50,59800
20240219,12:19:05,1.2,50,57550
20240219,12:19:54,1.25,50,57550
20240219,12:20:16,1.2,50,57550
20240219,12:20:55,1.2,100,57550
20240219,12:20:56,1.25,4250,57550
20240219,12:20:58,1.25,2150,57550
20240219,12:22:45,1.25,50,57550
20240219,12:23:16,1.25,1000,53750
20240219,12:23:47,1.3,500,53750
20240219,12:24:01,1.3,250,53750
20240219,12:24:39,1.2,1500,53750
20240219,12:25:47,1.2,250,53650
20240219,12:27:14,1.2,250,53650
20240219,12:27:19,1.2,1800,53650
20240219,12:27:51,1.25,50,53650
20240219,12:28:03,1.2,50,53650
20240219,12:29:24,1.2,500,54600
20240219,12:29:29,1.2,50,54600
20240219,12:29:43,1.2,50,54600
20240219,12:32:59,1.2,50,54500
20240219,12:34:12,1.2,500,54550
20240219,12:36:09,1.2,800,54550
20240219,12:36:53,1.2,100,54550
20240219,12:37:02,1.2,200,54950
20240219,12:37:34,1.2,550,54950
20240219,12:40:11,1.2,600,54950
20240219,12:44:05,1.25,50,55000
20240219,12:44:52,1.25,250,55000
20240219,12:45:33,1.2,250,55000
20240219,12:51:08,1.2,1000,55000
20240219,12:59:33,1.2,50,54800
20240219,12:59:37,1.2,250,54800
20240219,13:01:45,1.2,50,55050
20240219,13:02:36,1.2,500,55050
20240219,13:02:42,1.2,500,55050
20240219,13:03:26,1.2,500,55050
20240219,13:03:36,1.25,150,55050
20240219,13:07:01,1.2,500,54550
20240219,13:08:58,1.2,1300,54550
20240219,13:08:59,1.2,750,54050
20240219,13:11:50,1.2,200,54050
20240219,13:11:51,1.2,250,54550
20240219,13:12:04,1.2,100,54550
20240219,13:12:14,1.2,1450,54550
20240219,13:12:34,1.25,50,54550
20240219,13:12:47,1.15,50,54550
20240219,13:14:08,1.25,250,55350
20240219,13:14:10,1.25,2050,55350
20240219,13:14:40,1.2,750,55350
20240219,13:15:05,1.25,1250,55350
20240219,13:15:50,1.2,50,55350
20240219,13:16:06,1.25,50,55350
20240219,13:16:25,1.2,250,56050
20240219,13:18:02,1.2,700,56050
20240219,13:18:06,1.2,250,56050
20240219,13:19:15,1.2,50,56500
20240219,13:22:37,1.25,50,56500
20240219,13:23:42,1.2,250,56500
20240219,13:24:04,1.2,50,56500
20240219,13:24:23,1.2,50,56500
20240219,13:24:28,1.2,50,56500
20240219,13:24:58,1.2,50,56500
20240219,13:24:58,1.2,600,56500
20240219,13:24:59,1.15,400,56500
20240219,13:25:00,1.15,50,56500
20240219,13:25:01,1.15,100,56500
20240219,13:25:02,1.15,50,56500
20240219,13:25:09,1.2,50,55900
20240219,13:25:22,1.15,100,55900
20240219,13:25:22,1.15,500,55900
20240219,13:25:23,1.2,300,55900
20240219,13:27:54,1.2,500,55900
20240219,13:34:53,1.2,100,55900
20240219,13:35:19,1.15,50,56100
20240219,13:36:47,1.2,50,56100
20240219,13:38:55,1.15,850,56200
20240219,13:39:51,1.15,250,56200
20240219,13:41:07,1.15,150,56200
20240219,13:42:26,1.15,300,56250
20240219,13:43:21,1.2,300,56500
20240219,13:45:06,1.15,250,56500
20240219,13:45:11,1.2,250,56500
20240219,13:48:33,1.15,50,56500
20240219,13:49:00,1.15,50,56500
20240219,13:50:42,1.15,100,56500
20240219,13:51:42,1.2,300,56500
20240219,13:53:02,1.2,250,56250
20240219,13:54:13,1.2,200,56250
20240219,13:55:50,1.2,50,56250
20240219,13:56:29,1.2,50,55800
20240219,13:57:57,1.2,50,55800
20240219,13:57:58,1.2,50,55800
20240219,13:58:09,1.2,250,55800
20240219,13:58:15,1.2,1500,55700
20240219,14:00:38,1.25,100,55700
20240219,14:01:25,1.25,150,55550
20240219,14:01:41,1.25,50,55550
20240219,14:01:44,1.25,100,55550
20240219,14:01:55,1.25,50,55550
20240219,14:02:21,1.25,50,55550
20240219,14:02:55,1.25,50,55550
20240219,14:03:32,1.25,50,55550
20240219,14:03:55,1.25,50,55550
20240219,14:04:23,1.25,100,55550
20240219,14:04:58,1.25,50,55650
20240219,14:05:18,1.25,50,55650
20240219,14:07:07,1.3,50,55650
20240219,14:07:13,1.25,150,55650
20240219,14:07:37,1.3,650,55800
20240219,14:07:38,1.3,50,55800
20240219,14:07:57,1.3,3750,55800
20240219,14:07:58,1.3,1350,55800
20240219,14:09:16,1.35,250,55800
20240219,14:09:37,1.35,500,55800
20240219,14:10:01,1.35,500,55800
20240219,14:10:16,1.3,50,55800
20240219,14:10:20,1.3,500,56500
20240219,14:10:28,1.3,50,56500
20240219,14:11:10,1.35,450,56500
20240219,14:11:29,1.3,50,56500
20240219,14:11:51,1.35,250,56500
20240219,14:12:37,1.35,2500,56500
20240219,14:13:12,1.4,500,56500
20240219,14:14:07,1.4,250,56500
20240219,14:15:37,1.4,750,55800
20240219,14:16:01,1.3,250,55800
20240219,14:16:10,1.35,250,55800
20240219,14:16:12,1.3,300,55800
20240219,14:16:45,1.35,50,55250
20240219,14:16:50,1.3,500,55250
20240219,14:17:07,1.3,500,55250
20240219,14:17:16,1.35,100,55250
20240219,14:17:17,1.3,250,55250
20240219,14:17:24,1.3,400,55250
20240219,14:17:30,1.35,50,55250
20240219,14:17:32,1.35,50,55250
20240219,14:17:37,1.35,150,55250
20240219,14:17:46,1.35,250,55250
20240219,14:17:53,1.3,200,55250
20240219,14:18:02,1.35,2450,55250
20240219,14:18:56,1.3,500,55250
20240219,14:19:02,1.35,500,55250
20240219,14:19:02,1.35,250,55250
20240219,14:20:35,1.3,500,55550
20240219,14:21:15,1.3,250,55550
20240219,14:21:47,1.35,1000,55550
20240219,14:22:11,1.3,50,55550
20240219,14:22:28,1.35,50,55000
20240219,14:22:28,1.3,50,55000
20240219,14:22:40,1.35,500,55000
20240219,14:23:33,1.35,1000,55000
20240219,14:23:42,1.3,1050,55000
20240219,14:24:10,1.35,100,55000
20240219,14:24:12,1.35,400,55000
20240219,14:24:13,1.35,600,55000
20240219,14:24:16,1.35,200,55000
20240219,14:24:37,1.3,350,55000
20240219,14:24:42,1.35,750,55000
20240219,14:25:01,1.35,50,55000
20240219,14:25:26,1.35,1050,55000
20240219,14:25:36,1.35,350,54100
20240219,14:25:44,1.35,100,54100
20240219,14:25:59,1.35,500,54100
20240219,14:26:15,1.4,250,54100
20240219,14:26:54,1.4,250,54100
20240219,14:27:43,1.35,1300,54100
20240219,14:27:56,1.35,300,54100
20240219,14:28:22,1.35,50,54400
20240219,14:28:39,1.35,250,54400
20240219,14:30:05,1.4,250,54400
20240219,14:31:38,1.4,900,53950
20240219,14:31:41,1.4,150,53950
20240219,14:33:14,1.4,250,53950
20240219,14:34:48,1.4,500,54000
20240219,14:34:50,1.4,150,54000
20240219,14:34:58,1.35,250,54000
20240219,14:35:07,1.4,600,54000
20240219,14:35:17,1.35,500,54000
20240219,14:35:52,1.35,1000,54000
20240219,14:36:08,1.4,200,54000
20240219,14:36:30,1.35,500,54000
20240219,14:36:32,1.35,200,54000
20240219,14:36:46,1.4,400,54000
20240219,14:37:01,1.4,200,54000
20240219,14:37:27,1.35,50,53150
20240219,14:37:41,1.35,50,53150
20240219,14:37:42,1.35,50,53150
20240219,14:37:58,1.35,1500,53150
20240219,14:37:59,1.35,1500,53150
20240219,14:38:02,1.35,500,53150
20240219,14:38:12,1.35,500,53150
20240219,14:38:13,1.35,500,53150
20240219,14:38:18,1.35,100,53150
20240219,14:38:41,1.35,500,53150
20240219,14:39:17,1.35,50,53150
20240219,14:39:30,1.35,200,53150
20240219,14:39:39,1.3,150,53150
20240219,14:39:40,1.3,100,53150
20240219,14:44:00,1.35,50,53150
20240219,14:44:49,1.3,200,55950
20240219,14:45:10,1.3,500,55950
20240219,14:45:31,1.3,50,55950
20240219,14:45:35,1.3,100,55950
20240219,14:46:42,1.25,500,56300
20240219,14:48:25,1.25,50,56300
20240219,14:48:48,1.25,50,56300
20240219,14:48:52,1.3,50,56300
20240219,14:49:33,1.3,250,56300
20240219,14:51:56,1.3,50,56200
20240219,14:52:09,1.25,250,56200
20240219,14:52:25,1.3,250,56050
20240219,14:52:26,1.3,500,56050
20240219,14:52:44,1.3,1000,56050
20240219,14:53:10,1.3,50,56050
20240219,14:53:15,1.25,700,56050
20240219,14:53:16,1.25,350,56050
20240219,14:56:22,1.25,700,56300
20240219,14:56:55,1.25,300,56300
20240219,14:57:11,1.25,250,56300
20240219,14:57:18,1.25,50,56300
20240219,14:57:20,1.25,50,56300
20240219,14:57:56,1.25,50,56300
20240219,14:58:13,1.25,300,56300
20240219,14:58:31,1.25,50,57450
20240219,14:59:05,1.25,50,57450
20240219,14:59:23,1.25,50,57450
20240219,14:59:38,1.2,50,57450
20240219,14:59:59,1.25,100,57450
20240219,15:00:43,1.25,5600,57450
20240219,15:00:44,1.25,4500,57450
20240219,15:01:06,1.2,300,57450
20240219,15:01:39,1.25,100,57450
20240219,15:01:40,1.25,50,52700
20240219,15:01:42,1.25,200,52700
20240219,15:02:14,1.25,500,52700
20240219,15:02:18,1.25,100,52700
20240219,15:02:22,1.25,100,52700
20240219,15:02:24,1.2,50,52700
20240219,15:02:25,1.25,50,52700
20240219,15:02:27,1.25,50,52700
20240219,15:02:28,1.25,50,52700
20240219,15:03:51,1.25,200,52700
20240219,15:04:06,1.2,1200,52700
20240219,15:04:07,1.15,2500,52700
20240219,15:04:08,1.2,300,52700
20240219,15:04:09,1.15,1800,52700
20240219,15:05:33,1.15,150,51850
20240219,15:05:55,1.15,50,51850
20240219,15:08:00,1.2,200,51900
20240219,15:08:02,1.2,1000,51900
20240219,15:08:43,1.15,100,51900
20240219,15:08:47,1.15,250,51900
20240219,15:08:54,1.15,400,51900
20240219,15:08:56,1.15,500,51900
20240219,15:09:00,1.2,100,51900
20240219,15:09:25,1.15,250,51900
20240219,15:09:37,1.15,50,51900
20240219,15:09:40,1.1,1800,51900
20240219,15:09:41,1.1,3150,51900
20240219,15:10:04,1.15,500,51900
20240219,15:10:12,1.15,500,51900
20240219,15:10:13,1.15,500,51900
20240219,15:10:14,1.15,100,51900
20240219,15:10:43,1.15,200,51900
20240219,15:10:44,1.15,200,53850
20240219,15:10:45,1.15,500,53850
20240219,15:10:52,1.15,50,53850
20240219,15:11:36,1.15,500,53850
20240219,15:12:02,1.15,250,53850
20240219,15:12:56,1.15,100,53850
20240219,15:13:00,1.15,2050,53850
20240219,15:13:13,1.15,200,53850
20240219,15:13:26,1.15,50,53850
20240219,15:14:00,1.15,150,54750
20240219,15:15:03,1.15,50,54750
20240219,15:16:58,1.2,800,54700
20240219,15:17:21,1.15,250,54700
20240219,15:17:27,1.15,250,54700
20240219,15:17:30,1.2,1250,54700
20240219,15:17:32,1.15,250,54700
20240219,15:19:06,1.2,400,54700
20240219,15:19:09,1.15,250,54700
20240219,15:19:41,1.2,50,54700
20240219,15:19:58,1.2,50,54100
20240219,15:20:44,1.2,300,54100
20240219,15:20:48,1.15,150,54100
20240219,15:20:58,1.15,250,54100
20240219,15:21:52,1.15,250,54100
20240219,15:22:20,1.2,500,54100
20240219,15:22:22,1.15,250,54100
20240219,15:23:29,1.15,50,54300
20240219,15:24:21,1.1,4400,54300
20240219,15:24:21,1.1,150,54300
20240219,15:24:22,1.1,1050,54300
20240219,15:24:28,1.05,250,54300
20240219,15:24:31,1.15,500,54300
20240219,15:24:53,1.15,1600,54300
20240219,15:25:01,1.15,300,54300
20240219,15:25:01,1.15,700,54300
20240219,15:25:04,1.15,50,54300
20240219,15:25:13,1.1,2000,54300
20240219,15:25:14,1.1,850,54300
20240219,15:25:20,1.15,500,54300
20240219,15:25:42,1.1,50,54300
20240219,15:25:42,1.1,50,57000
20240219,15:25:43,1.1,50,57000
20240219,15:25:44,1.2,150,57000
20240219,15:25:47,1.2,150,57000
20240219,15:26:00,1.1,500,57000
20240219,15:26:03,1.15,50,57000
20240219,15:26:03,1.05,1800,57000
20240219,15:26:04,1.05,550,57000
20240219,15:26:35,1.1,300,57000
20240219,15:26:44,1.05,550,57000
20240219,15:26:45,1.1,50,57000
20240219,15:26:46,1.1,250,57000
20240219,15:26:57,1.1,700,57000
20240219,15:26:57,1.05,1800,57000
20240219,15:27:06,1.1,300,57000
20240219,15:27:18,1.1,50,57000
20240219,15:27:19,1.1,200,57000
20240219,15:27:25,1.15,300,57000
20240219,15:27:28,1.15,100,57000
20240219,15:27:44,1.15,500,57000
20240219,15:27:45,1.1,100,57000
20240219,15:28:12,1.15,500,57000
20240219,15:28:22,1.1,250,57000
20240219,15:28:31,1.1,200,57000
20240219,15:28:34,1.1,150,60850
20240219,15:28:35,1.05,2250,60850
20240219,15:28:35,1.1,100,60850
20240219,15:28:45,1.15,400,60850
20240219,15:29:12,1.15,500,60850
20240219,15:29:13,0.75,850,60850
20240219,15:29:22,0.75,350,60850
20240219,15:29:30,1.1,100,60850
20240219,15:29:46,1.1,50,60850
20240219,15:29:47,1.05,450,60850
20240220,09:15:02,1.15,1,60800
20240220,09:15:02,1.15,50,60800
20240220,09:15:04,1.15,100,60800
20240220,09:15:07,1.15,50,60800
20240220,09:15:10,1.05,350,60800
20240220,09:15:15,1.2,200,60800
20240220,09:15:15,1.05,200,60800
20240220,09:15:24,1.0,50,60800
20240220,09:15:39,1.0,50,60800
20240220,09:15:46,1.25,250,60800
20240220,09:15:47,1.25,100,60850
20240220,09:15:59,0.95,500,60850
20240220,09:16:24,0.95,950,60850
20240220,09:17:01,0.95,250,60850
20240220,09:17:20,1.0,100,60850
20240220,09:18:28,0.95,1000,60850
20240220,09:18:28,0.85,3400,60850
20240220,09:18:55,0.85,100,64800
20240220,09:18:58,0.85,950,64800
20240220,09:19:02,0.85,2000,64800
20240220,09:19:08,0.95,250,64800
20240220,09:19:09,0.8,1950,64800
20240220,09:19:11,0.8,450,64800
20240220,09:19:18,0.9,250,64800
20240220,09:19:33,0.95,100,64800
20240220,09:20:10,0.9,100,64800
20240220,09:20:11,0.85,1800,64800
20240220,09:20:33,0.95,250,64800
20240220,09:20:50,0.95,50,64800
20240220,09:21:16,0.9,350,64800
20240220,09:21:19,0.95,50,64800
20240220,09:22:51,0.85,500,68450
20240220,09:23:14,0.85,50,68450
20240220,09:23:28,0.85,50,68450
20240220,09:23:37,0.9,2300,68450
20240220,09:24:27,0.9,250,68450
20240220,09:24:49,0.85,1150,68450
20240220,09:24:50,0.85,850,70200
20240220,09:24:51,0.85,500,70200
20240220,09:26:09,0.9,250,70200
20240220,09:27:08,0.9,250,70200
20240220,09:28:41,0.9,100,69600
20240220,09:29:49,0.9,100,69600
20240220,09:29:58,0.85,50,69600
20240220,09:30:18,0.9,300,69600
20240220,09:30:32,0.9,850,69600
20240220,09:30:33,0.9,50,69600
20240220,09:32:43,0.9,50,70500
20240220,09:32:44,0.9,50,70500
20240220,09:32:45,0.9,50,70500
20240220,09:32:47,0.9,50,70500
20240220,09:32:49,0.95,50,70500
20240220,09:32:50,0.9,50,70500
20240220,09:33:12,0.9,50,70500
20240220,09:33:18,0.9,50,70500
20240220,09:33:20,0.9,50,70500
20240220,09:34:42,0.9,50,70850
20240220,09:34:44,0.9,50,70850
20240220,09:34:48,0.9,50,70850
20240220,09:35:04,0.9,100,70850
20240220,09:35:05,0.9,50,70850
20240220,09:35:09,0.9,50,70850
20240220,09:35:11,0.9,50,70850
20240220,09:35:20,0.9,50,70850
20240220,09:35:21,0.9,50,70850
20240220,09:35:35,0.9,350,70850
20240220,09:35:51,0.9,50,70850
20240220,09:35:52,0.9,500,70850
20240220,09:36:10,0.9,350,70850
20240220,09:40:11,0.85,50,70850
20240220,09:40:41,0.9,1000,71300
20240220,09:40:54,0.95,2600,71300
20240220,09:41:11,0.9,50,71300
20240220,09:41:27,0.95,50,71300
20240220,09:41:34,0.95,1800,71300
20240220,09:41:39,0.95,200,71300
20240220,09:41:43,0.95,2400,71300
20240220,09:41:45,0.95,200,71300
20240220,09:41:46,0.95,50,71300
20240220,09:41:47,0.95,50,71300
20240220,09:41:51,0.95,50,71300
20240220,09:41:57,0.95,50,71300
20240220,09:42:05,0.95,50,71300
20240220,09:42:10,0.9,1450,71300
20240220,09:43:05,0.95,50,71300
20240220,09:43:13,0.95,50,75250
20240220,09:43:14,0.95,50,75250
20240220,09:43:15,0.95,50,75250
20240220,09:43:20,0.95,50,75250
20240220,09:43:24,0.95,50,75250
20240220,09:43:26,0.95,50,75250
20240220,09:43:48,0.95,50,75250
20240220,09:44:00,0.95,50,75250
20240220,09:45:02,0.9,2000,75250
20240220,09:45:02,0.9,400,75250
20240220,09:45:03,0.9,100,75250
20240220,09:45:04,0.9,100,75250
20240220,09:47:00,0.9,100,73700
20240220,09:48:59,0.9,250,73700
20240220,09:49:18,0.9,50,73700
20240220,09:49:56,0.85,250,73700
20240220,09:50:02,0.85,1800,73700
20240220,09:50:04,0.85,400,73700
20240220,09:50:13,0.9,250,73700
20240220,09:50:15,0.9,100,73700
20240220,09:50:30,0.9,250,73700
20240220,09:50:46,0.9,650,73700
20240220,09:51:22,0.9,100,73700
20240220,09:51:41,0.9,100,73700
20240220,09:52:09,0.9,400,73700
20240220,09:52:11,0.9,200,75500
20240220,09:52:15,0.9,450,75500
20240220,09:52:16,0.9,250,75500
20240220,09:52:22,0.9,250,75500
20240220,09:52:31,0.85,100,75500
20240220,09:52:56,0.85,500,75500
20240220,09:53:26,0.85,50,75500
20240220,09:53:33,0.8,3200,75500
20240220,09:53:42,0.9,400,75500
20240220,09:54:03,0.85,1100,75500
20240220,09:54:08,0.9,250,75500
20240220,09:54:08,0.9,850,75500
20240220,09:54:12,0.75,3850,75500
20240220,09:54:13,0.85,250,75500
20240220,09:55:10,0.85,150,75500
20240220,09:55:11,0.85,150,78500
20240220,09:55:37,0.85,50,78500
20240220,09:56:01,0.85,50,78500
20240220,09:57:15,0.85,150,78500
20240220,09:57:54,0.85,50,78500
20240220,09:58:11,0.8,1050,78500
20240220,09:58:11,0.7,3100,78500
20240220,09:58:12,0.7,1700,78500
20240220,09:58:17,0.75,450,78500
20240220,09:58:23,0.75,1800,78500
20240220,10:00:12,0.75,50,78500
20240220,10:00:26,0.75,50,78500
20240220,10:00:32,0.8,600,78500
20240220,10:00:35,0.8,200,78500
20240220,10:00:38,0.85,400,78500
20240220,10:01:18,0.85,800,78500
20240220,10:01:49,0.85,500,78950
20240220,10:02:09,0.75,800,78950
20240220,10:03:18,0.8,200,78950
20240220,10:08:52,0.75,50,78750
20240220,10:09:14,0.85,1350,78750
20240220,10:09:15,0.85,3800,78750
20240220,10:09:19,0.85,350,78750
20240220,10:09:21,0.8,250,78750
20240220,10:09:26,0.8,250,78750
20240220,10:09:45,0.85,100,78750
20240220,10:10:57,0.85,50,82500
20240220,10:11:27,0.85,600,82500
20240220,10:11:36,0.85,400,82500
20240220,10:11:40,0.85,50,82500
20240220,10:12:05,0.85,300,82500
20240220,10:12:54,0.85,50,82500
20240220,10:14:53,0.8,1350,83250
20240220,10:15:02,0.85,50,83250
20240220,10:15:04,0.8,1800,83250
20240220,10:15:15,0.8,1800,83250
20240220,10:16:29,0.85,50,80000
20240220,10:16:30,0.85,50,80000
20240220,10:22:02,0.85,50,79950
20240220,10:22:04,0.85,50,79950
20240220,10:22:11,0.85,50,79950
20240220,10:23:04,0.9,50,79950
20240220,10:24:04,0.85,400,79950
20240220,10:24:51,0.85,1750,79950
20240220,10:24:52,0.85,450,79950
20240220,10:29:24,0.9,1950,78250
20240220,10:29:25,0.95,10000,78250
20240220,10:29:26,0.9,1300,78250
20240220,10:30:00,1.0,1200,78250
20240220,10:30:01,0.95,600,78250
20240220,10:30:02,1.0,450,78250
20240220,10:30:09,0.95,700,78250
20240220,10:30:19,0.95,150,78250
20240220,10:30:20,0.95,50,78250
20240220,10:30:38,0.95,50,78250
20240220,10:30:58,0.95,250,78250
20240220,10:31:00,0.95,250,78250
20240220,10:31:09,0.95,250,79650
20240220,10:33:06,0.95,300,79650
20240220,10:36:56,0.95,250,80700
20240220,10:39:06,0.95,50,80700
20240220,10:39:07,0.95,450,80950
20240220,10:43:33,1.0,50,80950
20240220,10:43:38,1.0,50,80650
20240220,10:43:55,1.0,50,80650
20240220,10:44:12,0.95,150,80650
20240220,10:44:23,0.95,350,80650
20240220,10:44:51,0.95,250,80650
20240220,10:45:04,1.0,500,80650
20240220,10:45:05,0.95,200,80650
20240220,10:45:09,0.95,850,80650
20240220,10:45:30,0.9,250,80650
20240220,10:46:06,0.95,550,80650
20240220,10:46:07,0.95,1550,79750
20240220,10:46:13,1.0,4250,79750
20240220,10:46:13,1.0,2400,79750
20240220,10:50:23,1.0,250,79750
20240220,10:52:14,0.95,100,77350
20240220,10:53:32,0.95,50,77350
20240220,10:57:36,0.95,800,77450
20240220,11:03:04,0.95,100,77250
20240220,11:04:04,0.95,50,77250
20240220,11:04:18,0.95,250,77250
20240220,11:04:26,0.95,50,77250
20240220,11:04:28,0.95,50,77250
20240220,11:04:31,0.95,50,77250
20240220,11:04:33,0.95,50,77250
20240220,11:04:33,0.95,2200,77250
20240220,11:04:36,0.95,100,77250
20240220,11:04:37,0.95,1000,77250
20240220,11:04:40,0.95,100,77250
20240220,11:05:43,0.9,50,77250
20240220,11:08:50,1.0,50,77250
20240220,11:09:16,0.95,50,76900
20240220,11:20:19,1.0,2000,76850
20240220,11:20:41,0.95,1800,76850
20240220,11:25:49,0.95,900,75250
20240220,11:26:52,0.95,50,75250
20240220,11:27:48,0.95,50,75250
20240220,11:28:08,0.95,300,75250
20240220,11:29:00,0.95,50,75250
20240220,11:29:59,0.95,50,75250
20240220,11:30:06,0.95,100,75250
20240220,11:31:22,0.95,150,75250
20240220,11:31:47,0.95,50,75250
20240220,11:31:54,0.95,50,75250
20240220,11:32:08,0.95,50,75250
20240220,11:32:25,0.95,250,75250
20240220,11:32:31,0.95,50,75250
20240220,11:32:51,0.95,3450,75250
20240220,11:32:52,0.95,400,75250
20240220,11:32:56,0.95,650,75250
20240220,11:33:04,0.95,500,75250
20240220,11:33:08,0.95,2250,75250
20240220,11:33:09,0.9,250,75250
20240220,11:33:11,1.0,250,75250
20240220,11:34:00,0.95,250,75250
20240220,11:34:01,0.9,250,75250
20240220,11:34:51,0.95,2050,72250
20240220,11:35:01,1.0,300,72250
20240220,11:36:01,0.9,500,72250
20240220,11:36:46,0.9,50,72250
20240220,11:39:21,0.95,50,72250
20240220,11:49:29,0.95,300,72250
20240220,11:49:42,1.0,100,72300
20240220,11:50:56,0.95,50,72300
20240220,11:50:58,0.95,50,72300
20240220,11:51:08,0.95,100,72300
20240220,11:52:38,0.95,850,72350
20240220,11:53:20,1.0,150,72350
20240220,11:59:43,1.0,600,72300
20240220,11:59:44,1.0,800,72300
20240220,12:00:44,1.05,650,72300
20240220,12:00:57,1.05,4200,72300
20240220,12:00:58,1.05,750,72300
20240220,12:01:12,1.0,50,72300
20240220,12:01:23,1.05,1400,69000
20240220,12:01:24,1.1,2700,69000
20240220,12:01:35,1.05,1400,69000
20240220,12:01:58,1.05,250,69000
20240220,12:02:00,1.1,50,69000
20240220,12:02:09,1.1,150,69000
20240220,12:02:10,1.1,50,69000
20240220,12:02:13,1.1,1800,69000
20240220,12:02:30,1.05,100,69000
20240220,12:02:46,1.15,3600,69000
20240220,12:02:56,1.15,100,69000
20240220,12:03:06,1.15,1450,69000
20240220,12:03:07,1.15,650,69000
20240220,12:03:09,1.15,150,69000
20240220,12:03:10,1.15,1650,69000
20240220,12:03:15,1.2,2400,69000
20240220,12:03:15,1.15,650,69000
20240220,12:03:17,1.2,5800,69000
20240220,12:03:18,1.15,350,69000
20240220,12:03:20,1.15,350,69000
20240220,12:03:22,1.15,350,69000
20240220,12:03:24,1.2,950,69000
20240220,12:03:26,1.2,1050,69000
20240220,12:03:28,1.15,350,69000
20240220,12:03:31,1.15,350,69000
20240220,12:03:33,1.15,350,69000
20240220,12:03:36,1.15,350,69000
20240220,12:03:37,1.15,50,69000
20240220,12:03:38,1.15,300,69000
20240220,12:03:40,1.15,50,69000
20240220,12:03:42,1.15,50,69000
20240220,12:03:45,1.15,50,69000
20240220,12:03:48,1.15,50,69000
20240220,12:03:50,1.15,50,69000
20240220,12:03:52,1.15,50,69000
20240220,12:03:54,1.15,50,69000
20240220,12:03:57,1.15,50,69000
20240220,12:03:59,1.15,50,69000
20240220,12:04:01,1.15,50,69000
20240220,12:04:04,1.15,50,69000
20240220,12:04:07,1.2,2100,69000
20240220,12:04:09,1.2,350,69000
20240220,12:04:11,1.2,50,69000
20240220,12:04:12,1.2,300,69000
20240220,12:04:14,1.2,350,68250
20240220,12:04:15,1.25,1800,68250
20240220,12:04:16,1.2,350,68250
20240220,12:04:17,1.2,50,68250
20240220,12:04:18,1.2,300,68250
20240220,12:04:19,1.2,150,68250
20240220,12:04:20,1.2,350,68250
20240220,12:04:22,1.2,50,68250
20240220,12:04:23,1.2,300,68250
20240220,12:04:24,1.2,50,68250
20240220,12:04:26,1.2,2150,68250
20240220,12:04:28,1.2,300,68250
20240220,12:04:29,1.2,50,68250
20240220,12:04:30,1.2,300,68250
20240220,12:04:31,1.2,50,68250
20240220,12:04:32,1.2,300,68250
20240220,12:04:33,1.2,50,68250
20240220,12:04:34,1.2,300,68250
20240220,12:04:35,1.2,50,68250
20240220,12:04:36,1.2,300,68250
20240220,12:04:37,1.2,300,68250
20240220,12:04:38,1.2,50,68250
20240220,12:04:39,1.2,300,68250
20240220,12:04:40,1.2,50,68250
20240220,12:04:41,1.2,300,68250
20240220,12:04:42,1.2,50,68250
20240220,12:04:43,1.2,300,68250
20240220,12:04:44,1.2,50,68250
20240220,12:04:45,1.2,300,68250
20240220,12:04:46,1.2,50,68250
20240220,12:04:47,1.2,550,68250
20240220,12:04:48,1.25,1800,68250
20240220,12:04:49,1.2,350,68250
20240220,12:04:51,1.2,200,68250
20240220,12:04:52,1.2,300,68250
20240220,12:04:54,1.2,350,68250
20240220,12:04:55,1.2,50,68250
20240220,12:04:57,1.2,500,68250
20240220,12:04:58,1.2,50,68250
20240220,12:04:59,1.2,300,68250
20240220,12:05:00,1.2,50,68250
20240220,12:05:01,1.2,300,68250
20240220,12:05:02,1.2,50,68250
20240220,12:05:03,1.2,300,68250
20240220,12:05:04,1.2,50,68250
20240220,12:05:05,1.2,300,68250
20240220,12:05:06,1.2,50,68250
20240220,12:05:07,1.25,1800,68250
20240220,12:05:08,1.25,2100,68250
20240220,12:05:09,1.25,250,68250
20240220,12:05:10,1.2,300,68250
20240220,12:05:12,1.2,50,68250
20240220,12:05:13,1.2,300,68250
20240220,12:05:14,1.2,150,68250
20240220,12:05:15,1.2,400,68250
20240220,12:05:16,1.2,50,68250
20240220,12:05:17,1.2,400,68250
20240220,12:05:18,1.2,50,68250
20240220,12:05:20,1.2,450,68250
20240220,12:05:21,1.2,400,68250
20240220,12:05:22,1.2,50,68250
20240220,12:05:24,1.2,400,68250
20240220,12:05:25,1.2,50,68250
20240220,12:05:26,1.2,450,68250
20240220,12:05:28,1.2,400,68250
20240220,12:05:30,1.2,450,68250
20240220,12:05:49,1.2,250,68250
20240220,12:06:31,1.2,850,68250
20240220,12:06:31,1.2,550,68250
20240220,12:07:23,1.15,1000,68250
20240220,12:07:24,1.15,2100,74550
20240220,12:07:30,1.15,350,74550
20240220,12:07:31,1.15,100,74550
20240220,12:07:32,1.15,1100,74550
20240220,12:07:58,1.2,400,74550
20240220,12:08:02,1.2,250,74550
20240220,12:08:09,1.15,50,74550
20240220,12:08:31,1.2,100,74550
20240220,12:08:36,1.2,250,74550
20240220,12:08:38,1.25,1900,74550
20240220,12:08:39,1.2,150,74550
20240220,12:08:40,1.2,150,74550
20240220,12:08:46,1.2,350,74550
20240220,12:08:47,1.2,1850,74550
20240220,12:09:02,1.25,50,74550
20240220,12:09:05,1.25,100,74550
20240220,12:09:06,1.2,200,74550
20240220,12:09:09,1.2,50,74550
20240220,12:09:21,1.2,200,74550
20240220,12:10:02,1.2,1800,74550
20240220,12:10:32,1.25,2250,69150
20240220,12:10:33,1.25,150,69150
20240220,12:10:35,1.25,150,69150
20240220,12:10:38,1.25,150,69150
20240220,12:10:39,1.25,50,69150
20240220,12:10:40,1.25,500,69150
20240220,12:11:24,1.25,1000,69150
20240220,12:12:24,1.25,250,69150
20240220,12:12:28,1.25,1100,69150
20240220,12:12:33,1.25,400,69150
20240220,12:12:34,1.2,400,69150
20240220,12:12:53,1.2,200,69150
20240220,12:13:05,1.25,950,69150
20240220,12:13:17,1.25,500,69150
20240220,12:13:17,1.25,700,69100
20240220,12:13:27,1.2,50,69100
20240220,12:14:23,1.2,250,69100
20240220,12:14:36,1.2,300,69100
20240220,12:15:28,1.25,300,69100
20240220,12:15:29,1.2,550,69100
20240220,12:15:37,1.2,700,69100
20240220,12:15:47,1.25,600,69100
20240220,12:16:53,1.2,1800,68350
20240220,12:17:07,1.2,2000,68350
20240220,12:17:14,1.2,700,68350
20240220,12:17:19,1.2,50,68350
20240220,12:17:20,1.15,200,68350
20240220,12:17:22,1.15,300,68350
20240220,12:18:21,1.15,200,68350
20240220,12:18:28,1.15,50,68350
20240220,12:18:29,1.15,1950,68350
20240220,12:18:55,1.15,350,68350
20240220,12:18:58,1.15,150,68350
20240220,12:20:06,1.15,50,67550
20240220,12:20:34,1.2,50,67550
20240220,12:20:50,1.2,500,67550
20240220,12:21:39,1.1,500,67550
20240220,12:21:40,1.15,400,67550
20240220,12:25:19,1.15,50,67350
20240220,12:30:11,1.15,50,67300
20240220,12:30:59,1.15,100,67300
20240220,12:31:02,1.15,50,67300
20240220,12:31:06,1.15,50,67300
20240220,12:31:09,1.15,50,67300
20240220,12:31:12,1.15,50,67300
20240220,12:31:15,1.15,50,67300
20240220,12:31:17,1.15,50,67300
20240220,12:31:22,1.15,50,67150
20240220,12:31:27,1.15,50,67150
20240220,12:31:32,1.15,50,67150
20240220,12:31:37,1.15,1950,67150
20240220,12:31:59,1.15,50,67150
20240220,12:32:44,1.15,300,67150
20240220,12:35:07,1.1,50,67700
20240220,12:35:20,1.1,500,67700
20240220,12:35:21,1.1,300,67700
20240220,12:35:23,1.15,250,67700
20240220,12:35:23,1.1,250,67700
20240220,12:35:37,1.1,50,67700
20240220,12:35:40,1.1,50,67700
20240220,12:35:43,1.1,50,67700
20240220,12:35:46,1.1,50,67700
20240220,12:35:48,1.1,50,67700
20240220,12:35:50,1.1,50,67700
20240220,12:35:52,1.1,50,67700
20240220,12:35:55,1.1,300,67700
20240220,12:35:56,1.1,550,67700
20240220,12:35:59,1.1,200,67700
20240220,12:38:29,1.1,50,66550
20240220,12:40:44,1.1,250,66500
20240220,12:41:42,1.1,500,66500
20240220,12:42:16,1.1,200,66500
20240220,12:48:09,1.1,500,66500
20240220,12:59:32,1.1,450,66300
20240220,13:11:58,1.15,50,66300
20240220,13:12:01,1.15,50,66300
20240220,13:12:03,1.15,50,66300
20240220,13:12:05,1.15,50,66300
20240220,13:12:07,1.15,50,66300
20240220,13:12:08,1.15,150,66300
20240220,13:12:09,1.15,50,66300
20240220,13:12:10,1.15,150,66300
20240220,13:12:11,1.15,500,66300
20240220,13:12:12,1.15,50,66300
20240220,13:12:13,1.15,150,66300
20240220,13:12:14,1.15,50,66300
20240220,13:12:15,1.15,150,66300
20240220,13:12:17,1.15,50,66300
20240220,13:12:18,1.15,150,66300
20240220,13:12:19,1.15,50,66300
20240220,13:12:20,1.15,150,66300
20240220,13:12:21,1.15,100,66300
20240220,13:12:23,1.15,100,66300
20240220,13:12:24,1.15,100,66300
20240220,13:12:25,1.15,50,66300
20240220,13:12:26,1.15,100,66300
20240220,13:12:27,1.15,50,66300
20240220,13:12:28,1.15,150,66300
20240220,13:12:29,1.15,50,66300
20240220,13:12:30,1.15,100,66300
20240220,13:12:31,1.15,50,66300
20240220,13:12:32,1.15,50,66300
20240220,13:12:33,1.15,50,66300
20240220,13:12:34,1.15,50,66300
20240220,13:12:35,1.15,100,66300
20240220,13:12:36,1.15,50,66300
20240220,13:12:37,1.15,50,66300
20240220,13:12:38,1.15,50,66300
20240220,13:12:39,1.15,50,66300
20240220,13:12:40,1.15,50,66300
20240220,13:12:41,1.15,50,66300
20240220,13:12:42,1.15,50,66300
20240220,13:12:43,1.15,100,66300
20240220,13:12:44,1.15,50,66300
20240220,13:12:45,1.15,100,66300
20240220,13:12:46,1.15,50,66300
20240220,13:12:47,1.15,50,66300
20240220,13:12:48,1.15,50,66300
20240220,13:12:49,1.15,50,66300
20240220,13:12:50,1.15,100,66300
20240220,13:12:51,1.15,50,66300
20240220,13:12:52,1.15,50,66300
20240220,13:12:53,1.15,50,66300
20240220,13:12:54,1.15,50,66300
20240220,13:12:55,1.15,100,66300
20240220,13:12:56,1.15,50,66300
20240220,13:12:57,1.15,50,66300
20240220,13:12:58,1.15,50,66300
20240220,13:12:59,1.15,50,66300
20240220,13:13:00,1.15,100,66300
20240220,13:13:01,1.15,50,66300
20240220,13:13:02,1.15,50,66300
20240220,13:13:03,1.15,50,66300
20240220,13:13:04,1.15,50,66300
20240220,13:13:05,1.15,50,66300
20240220,13:13:06,1.15,50,66300
20240220,13:13:07,1.15,100,66300
20240220,13:13:08,1.15,50,66300
20240220,13:13:09,1.15,50,66300
20240220,13:13:10,1.15,100,66300
20240220,13:13:11,1.15,50,66300
20240220,13:13:12,1.15,50,66300
20240220,13:13:13,1.15,50,66300
20240220,13:13:14,1.15,50,66300
20240220,13:13:15,1.15,50,66300
20240220,13:13:16,1.15,50,66300
20240220,13:13:17,1.15,50,66300
20240220,13:13:18,1.15,100,66300
20240220,13:13:19,1.15,50,66300
20240220,13:13:20,1.15,100,66300
20240220,13:13:21,1.15,50,66300
20240220,13:13:22,1.15,50,66300
20240220,13:13:23,1.15,100,66300
20240220,13:13:25,1.15,150,61300
20240220,13:13:26,1.15,50,61300
20240220,13:13:28,1.15,50,61300
20240220,13:13:28,1.15,100,61300
20240220,13:13:29,1.15,50,61300
20240220,13:13:30,1.15,50,61300
20240220,13:13:31,1.15,100,61300
20240220,13:13:32,1.15,100,61300
20240220,13:13:33,1.15,100,61300
20240220,13:13:34,1.15,100,61300
20240220,13:13:35,1.15,50,61300
20240220,13:13:36,1.15,50,61300
20240220,13:13:37,1.15,100,61300
20240220,13:13:38,1.15,100,61300
20240220,13:13:39,1.15,100,61300
20240220,13:13:40,1.15,50,61300
20240220,13:13:41,1.15,100,61300
20240220,13:13:42,1.15,50,61300
20240220,13:13:43,1.15,150,61300
20240220,13:13:44,1.15,50,61300
20240220,13:13:45,1.15,150,61300
20240220,13:13:46,1.15,50,61300
20240220,13:13:47,1.15,50,61300
20240220,13:13:48,1.15,100,61300
20240220,13:13:49,1.15,50,61300
20240220,13:13:50,1.15,150,61300
20240220,13:13:51,1.15,100,61300
20240220,13:13:53,1.15,50,61300
20240220,13:13:54,1.15,100,61300
20240220,13:13:55,1.15,100,61300
20240220,13:13:56,1.15,50,61300
20240220,13:13:57,1.15,50,61300
20240220,13:13:58,1.15,100,61300
20240220,13:13:59,1.15,100,61300
20240220,13:14:00,1.15,100,61300
20240220,13:14:01,1.15,50,61300
20240220,13:14:02,1.15,50,61300
20240220,13:14:03,1.15,200,61300
20240220,13:14:04,1.15,50,61300
20240220,13:14:05,1.15,150,61300
20240220,13:14:07,1.15,50,61300
20240220,13:14:07,1.15,450,61300
20240220,13:14:09,1.15,600,61300
20240220,13:14:30,1.15,250,61300
20240220,13:14:59,1.15,50,61300
20240220,13:15:10,1.15,1100,61300
20240220,13:15:19,1.15,50,61300
20240220,13:15:37,1.15,200,61300
20240220,13:17:29,1.15,50,57450
20240220,13:26:57,1.2,50,57400
20240220,13:28:29,1.2,50,57400
20240220,13:28:47,1.2,400,57400
20240220,13:29:04,1.15,50,57400
20240220,13:32:09,1.15,400,57400
20240220,13:33:43,1.2,150,57400
20240220,13:33:54,1.2,100,57400
20240220,13:33:57,1.2,50,57400
20240220,13:33:58,1.2,50,57400
20240220,13:34:02,1.2,50,57400
20240220,13:35:15,1.2,50,57150
20240220,13:35:41,1.2,100,57150
20240220,13:40:05,1.2,50,57150
20240220,13:40:17,1.15,50,57050
20240220,13:43:54,1.2,50,57050
20240220,13:43:56,1.2,50,57050
20240220,13:43:58,1.2,50,57050
20240220,13:44:01,1.2,50,57050
20240220,13:44:03,1.2,50,57050
20240220,13:44:05,1.2,50,57050
20240220,13:44:08,1.2,50,57050
20240220,13:44:10,1.2,50,57050
20240220,13:44:11,1.2,50,57050
20240220,13:44:13,1.2,50,57050
20240220,13:44:16,1.2,50,57050
20240220,13:44:18,1.2,50,57050
20240220,13:44:20,1.2,100,57050
20240220,13:44:21,1.2,100,57050
20240220,13:44:22,1.2,100,57050
20240220,13:44:23,1.2,150,57050
20240220,13:44:24,1.2,100,57050
20240220,13:44:25,1.2,200,57050
20240220,13:44:26,1.2,150,57050
20240220,13:44:27,1.2,200,57050
20240220,13:44:28,1.2,200,57050
20240220,13:44:29,1.2,300,57050
20240220,13:44:30,1.2,150,57050
20240220,13:44:31,1.2,250,57050
20240220,13:44:32,1.2,350,57050
20240220,13:44:33,1.2,250,57050
20240220,13:44:34,1.2,150,57050
20240220,13:44:35,1.2,850,57050
20240220,13:44:36,1.2,250,57050
20240220,13:44:38,1.2,50,57050
20240220,13:44:39,1.2,100,57050
20240220,13:44:40,1.2,50,57050
20240220,13:44:41,1.2,100,57050
20240220,13:44:43,1.2,50,57050
20240220,13:44:44,1.2,100,57050
20240220,13:44:46,1.2,50,57050
20240220,13:44:47,1.2,50,57050
20240220,13:44:48,1.2,100,57050
20240220,13:44:49,1.2,50,57050
20240220,13:44:50,1.2,100,57050
20240220,13:44:52,1.2,50,57050
20240220,13:44:53,1.2,100,57050
20240220,13:44:54,1.2,50,57050
20240220,13:44:55,1.2,100,57050
20240220,13:44:56,1.2,50,57050
20240220,13:44:57,1.2,50,57050
20240220,13:44:58,1.2,50,57050
20240220,13:44:59,1.2,50,57050
20240220,13:45:00,1.2,50,57050
20240220,13:45:01,1.2,50,57050
20240220,13:45:02,1.2,100,57050
20240220,13:45:04,1.2,50,57050
20240220,13:45:05,1.2,100,57050
20240220,13:45:06,1.2,50,57050
20240220,13:45:07,1.2,700,57050
20240220,13:45:13,1.2,850,57050
20240220,13:46:22,1.15,250,57050
20240220,13:47:05,1.2,250,57050
20240220,13:47:24,1.25,200,55200
20240220,13:48:44,1.25,50,55200
20240220,13:50:05,1.15,100,55350
20240220,13:50:19,1.2,50,55350
20240220,13:50:42,1.15,50,55350
20240220,13:51:37,1.15,50,55350
20240220,13:52:10,1.2,1800,55350
20240220,13:52:20,1.2,100,55350
20240220,13:52:21,1.2,50,55350
20240220,13:52:21,1.2,100,55350
20240220,13:52:22,1.2,50,55350
20240220,13:52:24,1.2,500,55350
20240220,13:52:26,1.2,50,55350
20240220,13:52:26,1.2,100,55350
20240220,13:52:28,1.2,350,55350
20240220,13:52:29,1.2,450,55350
20240220,13:52:30,1.2,50,55350
20240220,13:52:31,1.2,350,52650
20240220,13:52:32,1.2,100,52650
20240220,13:52:33,1.2,100,52650
20240220,13:52:33,1.2,300,52650
20240220,13:52:34,1.2,1000,52650
20240220,13:52:35,1.2,50,52650
20240220,13:52:45,1.2,250,52650
20240220,13:52:49,1.2,250,52650
20240220,13:53:17,1.25,50,52650
20240220,13:53:32,1.25,150,52650
20240220,13:53:33,1.2,50,52650
20240220,13:54:43,1.2,150,52650
20240220,13:55:03,1.2,400,52650
20240220,13:55:05,1.2,50,52650
20240220,13:55:12,1.25,100,52650
20240220,13:55:43,1.2,100,52200
20240220,13:58:49,1.25,50,52200
20240220,14:01:16,1.25,50,52100
20240220,14:01:44,1.25,150,52100
20240220,14:01:49,1.25,50,52100
20240220,14:02:30,1.2,50,52100
20240220,14:02:46,1.2,500,52100
20240220,14:02:49,1.2,250,52100
20240220,14:02:54,1.2,300,52100
20240220,14:03:04,1.2,250,52100
20240220,14:03:05,1.2,1800,52100
20240220,14:03:06,1.2,250,52100
20240220,14:03:07,1.15,3000,52100
20240220,14:03:08,1.2,600,52100
20240220,14:03:09,1.2,100,52100
20240220,14:03:11,1.2,600,52100
20240220,14:03:14,1.2,400,52100
20240220,14:03:17,1.2,300,52100
20240220,14:04:36,1.2,100,49150
20240220,14:05:19,1.15,100,49150
20240220,14:05:30,1.15,350,49150
20240220,14:05:57,1.1,50,49150
20240220,14:06:41,1.15,1750,49150
20240220,14:10:11,1.1,100,49150
20240220,14:11:18,1.1,250,49300
20240220,14:17:59,1.1,100,49400
20240220,14:18:31,1.1,50,49400
20240220,14:21:17,1.1,50,49350
20240220,14:24:26,1.15,50,49350
20240220,14:25:05,1.15,50,49350
20240220,14:25:24,1.1,500,49350
20240220,14:25:27,1.1,50,49350
20240220,14:25:43,1.1,150,49850
20240220,14:25:50,1.1,50,49850
20240220,14:26:05,1.1,50,49850
20240220,14:28:49,1.1,50,49900
20240220,14:28:54,1.1,100,49900
20240220,14:28:57,1.1,600,49900
20240220,14:30:33,1.1,50,49900
20240220,14:31:07,1.1,600,49900
20240220,14:31:50,1.1,50,49900
20240220,14:31:55,1.1,300,49300
20240220,14:32:02,1.1,300,49300
20240220,14:32:03,1.1,50,49300
20240220,14:32:14,1.1,50,49300
20240220,14:32:20,1.1,250,49300
20240220,14:32:25,1.1,250,49300
20240220,14:32:34,1.1,50,49300
20240220,14:33:04,1.1,50,49300
20240220,14:34:43,1.1,900,48250
20240220,14:34:47,1.1,250,48250
20240220,14:35:09,1.1,50,48250
20240220,14:37:33,1.1,50,48250
20240220,14:37:37,1.15,50,48250
20240220,14:37:38,1.1,250,48500
20240220,14:37:53,1.1,50,48500
20240220,14:38:00,1.1,50,48500
20240220,14:38:35,1.1,250,48500
20240220,14:39:12,1.15,50,48500
20240220,14:40:03,1.1,250,48500
20240220,14:40:39,1.1,50,48300
20240220,14:41:03,1.1,50,48300
20240220,14:41:04,1.1,50,48300
20240220,14:41:21,1.1,50,48300
20240220,14:41:36,1.1,50,48300
20240220,14:42:25,1.15,250,48300
20240220,14:43:07,1.1,50,48300
20240220,14:47:44,1.1,50,48600
20240220,14:49:57,1.15,250,48600
20240220,14:51:03,1.1,250,48600
20240220,14:53:19,1.1,250,48600
20240220,14:58:48,1.1,50,48700
20240220,14:59:50,1.1,500,48700
20240220,15:00:26,1.1,50,48700
20240220,15:00:28,1.15,400,48700
20240220,15:00:30,1.15,250,48700
20240220,15:00:35,1.15,450,48700
20240220,15:00:41,1.15,550,48700
20240220,15:06:01,1.2,50,47350
20240220,15:06:25,1.2,50,47350
20240220,15:07:30,1.2,400,47350
20240220,15:07:39,1.2,500,47350
20240220,15:07:55,1.25,550,47350
20240220,15:07:58,1.25,250,47400
20240220,15:07:59,1.25,300,47400
20240220,15:08:36,1.25,750,47400
20240220,15:08:42,1.25,600,47400
20240220,15:08:46,1.25,250,47400
20240220,15:09:05,1.25,50,47400
20240220,15:09:15,1.25,500,47400
20240220,15:09:16,1.2,100,47400
20240220,15:09:17,1.2,300,47400
20240220,15:09:40,1.2,400,47400
20240220,15:09:46,1.25,250,47400
20240220,15:09:54,1.25,250,47400
20240220,15:10:22,1.25,50,47400
20240220,15:10:42,1.25,50,47400
20240220,15:10:46,1.25,50,45950
20240220,15:10:49,1.25,50,45950
20240220,15:10:52,1.25,50,45950
20240220,15:10:56,1.25,50,45950
20240220,15:10:58,1.25,50,45950
20240220,15:11:00,1.25,50,45950
20240220,15:11:05,1.2,100,45950
20240220,15:11:47,1.2,500,45950
20240220,15:12:55,1.2,850,45950
20240220,15:12:56,1.2,500,45950
20240220,15:12:58,1.15,550,45950
20240220,15:13:03,1.2,650,45950
20240220,15:13:17,1.25,1000,45950
20240220,15:14:00,1.2,1000,47600
20240220,15:14:34,1.2,500,47600
20240220,15:15:02,1.15,300,47600
20240220,15:15:17,1.15,1250,47600
20240220,15:15:38,1.1,1500,47600
20240220,15:17:02,1.2,300,46050
20240220,15:17:48,1.2,250,46050
20240220,15:18:21,1.2,50,46050
20240220,15:18:25,1.2,250,46050
20240220,15:18:29,1.2,500,46050
20240220,15:18:40,1.2,200,46050
20240220,15:18:49,1.25,150,46050
20240220,15:18:55,1.2,450,46050
20240220,15:19:17,1.2,100,46050
20240220,15:19:31,1.2,100,46050
20240220,15:19:55,1.2,150,46050
20240220,15:20:11,1.2,450,44800
20240220,15:20:15,1.2,100,44800
20240220,15:20:35,1.25,200,44800
20240220,15:21:36,1.25,550,44800
20240220,15:21:49,1.2,50,44800
20240220,15:22:06,1.25,100,44800
20240220,15:22:11,1.2,250,44800
20240220,15:22:17,1.2,100,44800
20240220,15:22:24,1.25,250,44800
20240220,15:22:35,1.3,1150,44800
20240220,15:23:02,1.2,500,44600
20240220,15:23:07,1.2,100,44600
20240220,15:23:27,1.2,600,44600
20240220,15:23:36,1.2,400,44600
20240220,15:23:41,1.2,1800,44600
20240220,15:23:43,1.3,600,44600
20240220,15:24:38,1.25,250,44600
20240220,15:25:02,1.25,100,44600
20240220,15:25:04,1.25,100,44600
20240220,15:25:06,1.25,100,44600
20240220,15:25:08,1.25,50,44600
20240220,15:25:37,1.2,250,44600
20240220,15:25:42,1.2,200,44600
20240220,15:25:44,1.2,50,44600
20240220,15:25:52,1.2,500,44600
20240220,15:26:06,1.25,300,45100
20240220,15:26:07,1.2,150,45100
20240220,15:26:12,1.2,50,45100
20240220,15:26:35,1.2,500,45100
20240220,15:26:47,1.2,100,45100
20240220,15:27:07,1.2,500,45100
20240220,15:27:39,1.25,500,45100
20240220,15:27:43,1.2,450,45100
20240220,15:27:49,1.25,100,45100
20240220,15:28:20,1.25,50,45100
20240220,15:28:48,1.25,1150,44350
20240220,15:29:01,1.2,200,44350
20240220,15:29:16,1.2,1500,44350
20240220,15:29:18,1.2,50,44350
20240220,15:29:18,1.25,550,44350
20240220,15:29:47,1.15,750,44350
20240221,09:15:11,1.05,1,46000
20240221,09:15:11,1.1,1,46000
20240221,09:15:11,1.05,300,46000
20240221,09:15:14,1.0,150,46000
20240221,09:15:16,1.0,600,46000
20240221,09:15:18,1.0,150,46000
20240221,09:15:18,0.9,150,46000
20240221,09:15:21,0.9,100,46000
20240221,09:15:22,0.9,400,46000
20240221,09:15:22,0.9,50,46000
20240221,09:15:23,0.9,150,46000
20240221,09:15:29,1.0,50,46000
20240221,09:15:30,1.0,50,46000
20240221,09:15:32,1.0,50,46000
20240221,09:15:33,1.0,50,46000
20240221,09:15:39,0.9,50,46000
20240221,09:15:52,0.95,250,45650
20240221,09:16:09,0.95,500,45650
20240221,09:16:19,0.95,500,45650
20240221,09:16:35,0.95,800,45650
20240221,09:16:50,0.95,50,45650
20240221,09:17:13,0.95,300,45650
20240221,09:17:36,0.9,250,45650
20240221,09:18:14,0.95,50,45650
20240221,09:18:15,0.9,250,45650
20240221,09:19:04,0.9,50,46800
20240221,09:19:24,0.9,1650,46800
20240221,09:19:31,0.9,1350,46800
20240221,09:20:04,0.9,250,46800
20240221,09:20:05,0.9,50,46800
20240221,09:20:06,0.9,500,46800
20240221,09:21:22,0.9,300,46800
20240221,09:22:10,0.9,200,46800
20240221,09:22:20,0.9,100,45900
20240221,09:22:21,0.9,200,45900
20240221,09:22:51,0.9,1400,45900
20240221,09:22:57,0.9,150,45900
20240221,09:24:37,0.85,150,45900
20240221,09:25:19,0.85,50,46600
20240221,09:26:37,0.8,50,46600
20240221,09:26:39,0.8,50,46600
20240221,09:31:15,0.8,50,46600
20240221,09:32:36,0.8,150,46600
20240221,09:32:40,0.8,750,46600
20240221,09:32:42,0.8,50,46600
20240221,09:32:44,0.8,50,46600
20240221,09:32:49,0.8,50,46600
20240221,09:33:08,0.75,250,46600
20240221,09:33:17,0.75,50,46600
20240221,09:33:41,0.75,150,46600
20240221,09:34:12,0.75,1700,47300
20240221,09:34:23,0.75,200,47300
20240221,09:34:48,0.75,1350,47300
20240221,09:35:03,0.75,50,47300
20240221,09:35:23,0.7,50,47300
20240221,09:35:40,0.7,100,47300
20240221,09:36:05,0.7,50,47300
20240221,09:36:45,0.7,300,47300
20240221,09:36:47,0.7,3000,47300
20240221,09:39:23,0.7,50,47300
20240221,09:40:59,0.7,950,47150
20240221,09:43:56,0.75,50,47150
20240221,09:45:00,0.75,50,47150
20240221,09:45:12,0.75,100,47150
20240221,09:48:04,0.75,250,47150
20240221,09:48:15,0.75,300,47150
20240221,09:48:23,0.7,50,47150
20240221,09:48:52,0.7,250,47150
20240221,09:49:43,0.75,200,46850
20240221,09:49:53,0.7,50,46850
20240221,09:49:54,0.75,150,46850
20240221,09:50:53,0.75,200,46850
20240221,09:50:59,0.75,550,46850
20240221,09:51:00,0.75,50,46850
20240221,09:51:05,0.75,100,46850
20240221,09:53:19,0.8,100,46950
20240221,09:55:26,0.75,50,46950
20240221,09:55:42,0.75,50,46950
20240221,09:56:00,0.75,50,46950
20240221,09:56:03,0.75,50,46950
20240221,09:56:23,0.75,300,46950
20240221,09:58:32,0.7,400,47100
20240221,09:58:45,0.7,250,47100
20240221,09:58:45,0.7,1000,47100
20240221,09:58:57,0.7,200,47100
20240221,09:59:04,0.7,800,47100
20240221,09:59:20,0.7,100,47100
20240221,09:59:45,0.7,800,47100
20240221,09:59:46,0.7,100,47100
20240221,09:59:48,0.7,100,47100
20240221,09:59:58,0.7,50,47100
20240221,10:00:06,0.7,50,47100
20240221,10:00:31,0.7,100,47100
20240221,10:00:49,0.7,50,47100
20240221,10:00:51,0.7,50,47100
20240221,10:00:57,0.7,50,47100
20240221,10:01:09,0.7,100,47100
20240221,10:01:16,0.7,50,45750
20240221,10:01:17,0.7,50,45750
20240221,10:04:22,0.7,100,45600
20240221,10:05:15,0.7,50,45600
20240221,10:05:25,0.7,50,45600
20240221,10:06:15,0.7,50,45600
20240221,10:06:43,0.7,550,45600
20240221,10:07:22,0.7,250,45600
20240221,10:07:30,0.75,200,44950
20240221,10:07:33,0.7,250,44950
20240221,10:08:55,0.65,250,44950
20240221,10:08:58,0.65,700,44950
20240221,10:09:55,0.65,100,44950
20240221,10:10:28,0.65,50,46100
20240221,10:10:41,0.65,100,46100
20240221,10:10:58,0.65,1800,46100
20240221,10:11:08,0.6,250,46100
20240221,10:11:08,0.6,150,46100
20240221,10:11:39,0.6,200,46100
20240221,10:12:34,0.65,500,46100
20240221,10:12:50,0.65,650,46100
20240221,10:15:33,0.55,250,46350
20240221,10:15:43,0.55,250,46350
20240221,10:16:29,0.6,300,46350
20240221,10:17:08,0.55,200,46350
20240221,10:17:17,0.55,200,46350
20240221,10:18:07,0.55,500,46350
20240221,10:18:10,0.55,250,46350
20240221,10:18:22,0.6,400,46350
20240221,10:18:23,0.6,850,46350
20240221,10:18:32,0.55,200,46350
20240221,10:18:36,0.6,2450,46350
20240221,10:20:32,0.55,700,47800
20240221,10:20:33,0.55,100,47800
20240221,10:22:06,0.55,200,47800
20240221,10:22:06,0.55,800,47500
20240221,10:22:42,0.55,550,47500
20240221,10:23:50,0.55,500,47500
20240221,10:23:53,0.55,1200,47500
20240221,10:25:08,0.6,50,49650
20240221,10:25:21,0.5,250,49650
20240221,10:25:23,0.5,50,49650
20240221,10:25:37,0.5,950,49650
20240221,10:26:12,0.55,100,49650
20240221,10:26:13,0.55,50,49650
20240221,10:26:16,0.55,100,49650
20240221,10:26:52,0.55,100,49650
20240221,10:28:07,0.5,1800,49650
20240221,10:28:08,0.5,1800,49150
20240221,10:28:10,0.55,500,49150
20240221,10:28:14,0.55,250,49150
20240221,10:28:15,0.5,900,49150
20240221,10:28:16,0.5,800,49150
20240221,10:28:34,0.5,3600,49150
20240221,10:28:35,0.5,500,49150
20240221,10:28:38,0.5,1600,49150
20240221,10:28:40,0.5,50,49150
20240221,10:28:46,0.5,450,49150
20240221,10:28:54,0.5,1000,49150
20240221,10:30:00,0.5,500,49150
20240221,10:30:09,0.5,350,49150
20240221,10:31:23,0.5,250,49150
20240221,10:31:35,0.5,1700,51800
20240221,10:31:55,0.5,250,51800
20240221,10:32:31,0.45,50,51800
20240221,10:32:33,0.45,1000,51800
20240221,10:33:45,0.5,50,51800
20240221,10:35:16,0.5,2800,51800
20240221,10:35:26,0.5,100,49850
20240221,10:35:27,0.5,50,49850
20240221,10:35:29,0.5,1100,49850
20240221,10:35:30,0.5,50,49850
20240221,10:35:31,0.5,250,49850
20240221,10:35:32,0.55,500,49850
20240221,10:36:01,0.55,200,49850
20240221,10:36:15,0.5,50,49850
20240221,10:36:46,0.5,250,49850
20240221,10:37:05,0.5,50,49850
20240221,10:39:01,0.55,750,49050
20240221,10:40:21,0.5,250,49750
20240221,10:42:10,0.55,400,49750
20240221,10:42:14,0.55,250,49750
20240221,10:42:28,0.55,650,49750
20240221,10:42:42,0.5,50,49750
20240221,10:42:55,0.6,250,49750
20240221,10:43:46,0.6,400,49700
20240221,10:44:04,0.55,200,49700
20240221,10:45:11,0.5,3000,49700
20240221,10:45:12,0.55,350,49700
20240221,10:46:50,0.55,4400,49700
20240221,10:46:54,0.55,1150,51100
20240221,10:47:32,0.6,250,51100
20240221,10:47:41,0.5,50,51100
20240221,10:47:47,0.6,50,51100
20240221,10:48:12,0.6,450,51100
20240221,10:48:31,0.6,200,51100
20240221,10:48:45,0.55,1800,51100
20240221,10:48:59,0.55,600,51100
20240221,10:49:00,0.5,1800,51100
20240221,10:49:49,0.55,250,51100
20240221,10:49:57,0.55,100,56350
20240221,10:49:58,0.55,250,56350
20240221,10:50:00,0.55,300,56350
20240221,10:50:14,0.55,150,56350
20240221,10:50:37,0.5,1800,56350
20240221,10:50:46,0.55,450,56350
20240221,10:51:10,0.5,300,56350
20240221,10:52:15,0.55,250,56350
20240221,10:53:49,0.55,650,58000
20240221,10:54:45,0.6,21150,58000
20240221,10:54:46,0.65,22350,58000
20240221,10:55:02,0.6,250,58000
20240221,10:55:05,0.6,50,58000
20240221,10:55:10,0.45,41200,83350
20240221,10:55:11,0.45,750,83350
20240221,10:55:13,0.45,3550,83350
20240221,10:55:26,0.5,3100,83350
20240221,10:55:28,0.55,2000,83350
20240221,10:55:29,0.5,1800,83350
20240221,10:55:30,0.5,2400,83350
20240221,10:55:31,0.5,600,83350
20240221,10:55:32,0.5,50,83350
20240221,10:55:33,0.5,100,83350
20240221,10:55:34,0.5,50,83350
20240221,10:55:35,0.5,300,83350
20240221,10:55:36,0.5,50,83350
20240221,10:55:39,0.5,600,83350
20240221,10:55:41,0.5,650,83350
20240221,10:55:48,0.5,50,83350
20240221,10:57:08,0.5,2050,83350
20240221,10:57:28,0.5,1500,83350
20240221,10:57:37,0.5,350,83350
20240221,10:58:32,0.5,400,83350
20240221,10:58:39,0.5,250,62650
20240221,10:58:44,0.5,3000,62650
20240221,10:59:17,0.5,300,62650
20240221,10:59:46,0.5,300,62650
20240221,11:00:13,0.5,1650,62650
20240221,11:02:59,0.5,1800,63200
20240221,11:03:01,0.5,1800,63200
20240221,11:03:04,0.5,1200,63200
20240221,11:05:18,0.5,300,61350
20240221,11:05:20,0.5,1800,61350
20240221,11:05:30,0.5,250,61350
20240221,11:05:45,0.5,850,61350
20240221,11:05:46,0.5,100,61350
20240221,11:07:05,0.5,2150,61350
20240221,11:07:15,0.5,900,61350
20240221,11:07:48,0.5,250,61050
20240221,11:07:49,0.5,400,61050
20240221,11:10:19,0.5,50,61050
20240221,11:10:20,0.55,1600,60950
20240221,11:14:35,0.6,100,62200
20240221,11:14:44,0.6,300,62200
20240221,11:14:45,0.6,100,62200
20240221,11:15:13,0.6,50,62200
20240221,11:15:18,0.55,50,62200
20240221,11:15:42,0.6,200,62200
20240221,11:15:56,0.6,50,62200
20240221,11:16:51,0.55,50,62750
20240221,11:16:56,0.6,50,62750
20240221,11:17:35,0.55,50,62750
20240221,11:18:30,0.55,450,62750
20240221,11:24:32,0.65,50,62200
20240221,11:24:32,0.6,350,62200
20240221,11:24:36,0.65,150,62200
20240221,11:24:41,0.6,500,62200
20240221,11:24:42,0.6,50,62200
20240221,11:24:43,0.65,200,62200
20240221,11:24:48,0.65,150,62200
20240221,11:25:04,0.65,50,62200
20240221,11:25:05,0.6,250,62200
20240221,11:25:06,0.65,100,62200
20240221,11:25:07,0.65,800,62200
20240221,11:25:11,0.6,250,62200
20240221,11:25:12,0.6,350,62200
20240221,11:25:21,0.6,400,62600
20240221,11:25:26,0.65,50,62600
20240221,11:29:04,0.6,100,62000
20240221,11:30:00,0.6,450,62000
20240221,11:30:16,0.6,100,62000
20240221,11:37:41,0.6,50,61600
20240221,11:37:55,0.55,150,61600
20240221,11:39:44,0.6,50,61600
20240221,11:39:46,0.6,400,61600
20240221,11:39:47,0.6,50,61600
20240221,11:41:39,0.6,50,61600
20240221,11:44:03,0.65,300,61950
20240221,11:44:05,0.65,250,61950
20240221,11:45:24,0.7,50,61950
20240221,11:48:59,0.65,350,61950
20240221,11:49:45,0.65,50,62200
20240221,11:49:45,0.65,250,62000
20240221,11:49:47,0.65,300,62000
20240221,11:49:48,0.65,50,62000
20240221,11:50:41,0.6,500,62000
20240221,11:50:56,0.6,450,62000
20240221,11:51:21,0.6,450,62000
20240221,11:52:22,0.65,300,61450
20240221,11:54:39,0.55,1650,61450
20240221,11:54:40,0.55,250,61450
20240221,11:54:46,0.6,700,61450
20240221,11:54:51,0.6,350,61450
20240221,11:54:51,0.6,700,61450
20240221,11:54:52,0.6,800,61450
20240221,11:55:42,0.65,250,61450
20240221,11:56:32,0.6,650,59200
20240221,12:01:31,0.65,250,58750
20240221,12:01:47,0.6,350,58750
20240221,12:04:29,0.65,200,58750
20240221,12:04:36,0.6,950,58750
20240221,12:04:48,0.65,1550,58750
20240221,12:04:53,0.6,550,58750
20240221,12:05:40,0.6,50,58750
20240221,12:08:26,0.6,50,58750
20240221,12:08:48,0.6,50,59050
20240221,12:08:53,0.6,50,59050
20240221,12:09:37,0.6,50,59050
20240221,12:09:52,0.6,100,59050
20240221,12:10:17,0.6,50,59050
20240221,12:10:32,0.6,150,59050
20240221,12:11:34,0.6,50,59250
20240221,12:13:07,0.55,250,59250
20240221,12:13:58,0.55,300,59250
20240221,12:15:55,0.6,2100,59100
20240221,12:15:56,0.6,1750,59100
20240221,12:16:01,0.6,2250,59100
20240221,12:16:06,0.65,2000,59100
20240221,12:16:30,0.6,50,57550
20240221,12:16:52,0.6,300,57550
20240221,12:16:55,0.6,50,57550
20240221,12:16:55,0.6,500,57550
20240221,12:16:56,0.65,1250,57550
20240221,12:16:57,0.7,4700,57550
20240221,12:16:59,0.7,200,57550
20240221,12:17:01,0.75,1950,57550
20240221,12:17:02,0.7,650,57550
20240221,12:17:04,0.75,2500,57550
20240221,12:17:05,0.75,1200,57550
20240221,12:17:07,0.75,1650,57550
20240221,12:17:10,0.75,3950,57550
20240221,12:17:11,0.75,200,57550
20240221,12:17:12,0.8,1700,57550
20240221,12:17:15,0.7,400,57550
20240221,12:17:36,0.7,250,57550
20240221,12:17:40,0.7,200,57550
20240221,12:17:47,0.7,250,57550
20240221,12:17:57,0.75,2600,57550
20240221,12:17:58,0.7,500,57550
20240221,12:18:05,0.7,1000,57550
20240221,12:18:28,0.7,100,57550
20240221,12:18:29,0.7,50,57550
20240221,12:18:49,0.7,50,57550
20240221,12:18:58,0.7,200,57550
20240221,12:19:00,0.7,800,57550
20240221,12:19:29,0.7,200,52400
20240221,12:19:46,0.7,200,52400
20240221,12:19:54,0.7,100,52400
20240221,12:20:59,0.7,250,52400
20240221,12:20:59,0.7,200,52400
20240221,12:21:00,0.7,600,52400
20240221,12:21:14,0.65,150,52400
20240221,12:21:17,0.65,50,52400
20240221,12:21:39,0.65,200,52400
20240221,12:22:09,0.65,500,52400
20240221,12:22:56,0.65,650,52400
20240221,12:24:20,0.65,50,51500
20240221,12:24:27,0.65,50,51500
20240221,12:24:40,0.65,50,51500
20240221,12:25:10,0.65,50,51500
20240221,12:32:19,0.6,250,51000
20240221,12:32:55,0.6,250,51000
20240221,12:33:12,0.6,50,51000
20240221,12:34:10,0.65,100,51000
20240221,12:42:14,0.65,50,50500
20240221,12:44:12,0.6,500,50500
20240221,12:52:41,0.55,100,50550
20240221,12:52:47,0.55,400,50300
20240221,12:54:42,0.6,350,50300
20240221,12:56:06,0.6,200,50300
20240221,12:57:09,0.6,250,49650
20240221,12:58:50,0.6,350,49750
20240221,12:58:56,0.55,500,49750
20240221,12:59:18,0.65,2650,49750
20240221,12:59:50,0.6,600,49750
20240221,12:59:57,0.6,250,49750
20240221,13:02:00,0.65,150,48500
20240221,13:09:47,0.55,50,48650
20240221,13:15:34,0.6,750,48650
20240221,13:24:43,0.6,150,48650
20240221,13:26:19,0.55,150,48500
20240221,13:26:24,0.55,100,48500
20240221,13:26:25,0.55,250,48500
20240221,13:26:26,0.55,50,48500
20240221,13:26:27,0.55,50,48500
20240221,13:26:28,0.55,50,48500
20240221,13:26:36,0.55,250,48500
20240221,13:27:04,0.55,200,48500
20240221,13:27:08,0.55,500,48500
20240221,13:27:08,0.6,600,48500
20240221,13:27:11,0.55,550,48500
20240221,13:27:11,0.6,550,48500
20240221,13:28:37,0.55,200,47650
20240221,13:28:42,0.55,50,47650
20240221,13:28:43,0.55,350,47650
20240221,13:28:43,0.6,50,47650
20240221,13:28:47,0.55,50,47650
20240221,13:28:49,0.6,250,47650
20240221,13:28:50,0.55,100,47650
20240221,13:28:51,0.55,250,47650
20240221,13:29:23,0.6,450,47650
20240221,13:32:35,0.6,100,47100
20240221,13:32:47,0.6,100,47100
20240221,13:33:47,0.55,150,47100
20240221,13:34:01,0.55,150,47100
20240221,13:40:26,0.6,300,47100
20240221,13:40:27,0.6,700,47100
20240221,13:40:29,0.6,400,47100
20240221,13:40:30,0.55,300,47100
20240221,13:40:54,0.6,400,47550
20240221,13:41:45,0.55,50,47550
20240221,13:41:56,0.55,200,47550
20240221,13:47:17,0.55,250,46800
20240221,13:47:23,0.6,50,46800
20240221,13:47:23,0.55,300,46800
20240221,13:50:21,0.5,300,46800
20240221,13:50:33,0.5,150,46800
20240221,13:50:38,0.55,50,46800
20240221,13:50:44,0.55,50,46800
20240221,13:50:59,0.5,250,46800
20240221,13:51:11,0.5,450,46800
20240221,13:51:12,0.5,600,46800
20240221,13:51:13,0.55,50,46800
20240221,13:51:33,0.45,50,46800
20240221,13:52:13,0.55,1000,46800
20240221,13:53:18,0.5,50,46800
20240221,13:55:10,0.5,550,46850
20240221,13:56:29,0.45,900,46850
20240221,13:56:31,0.45,300,46650
20240221,13:56:54,0.45,250,46650
20240221,14:01:08,0.45,500,47250
20240221,14:01:57,0.5,2350,46800
20240221,14:01:58,0.45,1950,46800
20240221,14:02:00,0.4,2800,46800
20240221,14:02:13,0.4,250,46800
20240221,14:02:28,0.45,1000,46800
20240221,14:02:30,0.45,2550,46800
20240221,14:03:01,0.4,1200,46800
20240221,14:04:37,0.4,50,46800
20240221,14:04:50,0.45,200,51300
20240221,14:08:55,0.45,250,51300
20240221,14:09:42,0.4,50,51300
20240221,14:10:57,0.45,400,51300
20240221,14:10:58,0.4,200,51050
20240221,14:10:59,0.45,300,51050
20240221,14:11:24,0.4,250,51050
20240221,14:11:40,0.4,250,51050
20240221,14:12:22,0.4,250,51050
20240221,14:12:34,0.4,450,51050
20240221,14:12:42,0.4,50,51050
20240221,14:12:43,0.4,50,51050
20240221,14:12:45,0.4,100,51050
20240221,14:12:56,0.4,1300,51050
20240221,14:13:23,0.45,450,51050
20240221,14:14:18,0.35,450,51050
20240221,14:16:56,0.35,50,51150
20240221,14:16:57,0.35,200,51150
20240221,14:17:19,0.35,250,51150
20240221,14:18:19,0.35,850,51150
20240221,14:18:20,0.3,2150,51150
20240221,14:18:21,0.3,250,51150
20240221,14:18:27,0.35,250,51150
20240221,14:19:22,0.35,50,51150
20240221,14:19:23,0.35,250,51150
20240221,14:20:19,0.35,500,51150
20240221,14:22:01,0.35,100,52400
20240221,14:23:31,0.35,500,52400
20240221,14:25:35,0.3,1800,52400
20240221,14:28:40,0.35,50,52400
20240221,14:29:09,0.3,50,52500
20240221,14:30:12,0.3,300,52500
20240221,14:30:42,0.3,500,52500
20240221,14:37:16,0.3,550,52200
20240221,14:37:44,0.3,1500,52200
20240221,14:37:46,0.3,250,51850
20240221,14:39:11,0.25,250,51850
20240221,14:39:17,0.25,250,51850
20240221,14:39:21,0.25,1800,51850
20240221,14:39:26,0.25,250,51850
20240221,14:39:53,0.25,250,51850
20240221,14:40:16,0.25,250,51850
20240221,14:40:31,0.25,50,51850
20240221,14:40:34,0.25,50,51850
20240221,14:41:09,0.25,50,54600
20240221,14:41:13,0.25,50,54600
20240221,14:42:05,0.25,250,54600
20240221,14:42:38,0.25,250,54600
20240221,14:43:00,0.25,250,54600
20240221,14:43:42,0.25,200,54600
20240221,14:44:06,0.25,650,54600
20240221,14:44:42,0.25,1800,55350
20240221,14:45:12,0.25,1950,55350
20240221,14:46:38,0.25,250,55350
20240221,14:48:51,0.3,650,55350
20240221,14:48:52,0.25,1200,53950
20240221,14:50:53,0.2,1200,55650
20240221,14:51:31,0.2,1500,55650
20240221,14:54:07,0.2,1800,55650
20240221,14:57:26,0.25,1850,55250
20240221,14:59:10,0.25,400,57050
20240221,15:03:45,0.25,50,56400
20240221,15:04:02,0.25,50,56700
20240221,15:07:36,0.2,50,56700
20240221,15:09:16,0.25,100,56750
20240221,15:09:24,0.25,200,56750
20240221,15:14:06,0.2,50,56900
20240221,15:14:39,0.25,50,56900
20240221,15:14:40,0.25,350,56900
20240221,15:15:01,0.2,1800,56900
20240221,15:15:01,0.2,1200,56900
20240221,15:15:30,0.25,1800,56900
20240221,15:15:55,0.25,450,56900
20240221,15:16:10,0.25,350,56900
20240221,15:17:21,0.2,200,56900
20240221,15:17:32,0.25,200,53500
20240221,15:17:32,0.25,300,53500
20240221,15:19:33,0.25,350,53500
20240221,15:19:38,0.25,400,53500
20240221,15:19:39,0.25,300,53500
20240221,15:19:44,0.25,250,53500
20240221,15:19:47,0.25,250,53500
20240221,15:22:38,0.2,150,52400
20240221,15:23:00,0.25,50,52250
20240221,15:24:43,0.25,600,52250
20240221,15:25:11,0.25,50,52250
20240221,15:27:14,0.2,500,52250
20240221,15:27:18,0.2,50,51600
20240221,15:28:09,0.2,250,51600
20240221,15:28:09,0.2,1800,51600
20240221,15:28:23,0.2,3600,51600
20240221,15:28:23,0.2,50,51600
20240221,15:28:26,0.2,50,51600
20240221,15:29:11,0.2,50,54050
20240221,15:29:12,0.25,150,54050
20240221,15:29:30,0.15,1950,54050
20240221,15:29:33,0.15,1800,54050
20240221,15:29:34,0.25,1750,54050
20240221,15:29:49,0.15,400,54050
20240221,15:29:53,0.2,50,54050
20240222,09:15:04,0.25,1,52300
20240222,09:15:04,0.25,50,52300
20240222,09:15:10,0.15,150,52300
20240222,09:15:11,0.15,1150,52300
20240222,09:15:13,0.2,1000,52300
20240222,09:15:26,0.25,2350,52300
20240222,09:15:39,0.2,200,52300
20240222,09:15:51,0.2,1200,51950
20240222,09:16:14,0.25,1800,51950
20240222,09:16:19,0.2,2700,51950
20240222,09:16:30,0.15,1800,51950
20240222,09:16:31,0.25,3600,51950
20240222,09:16:34,0.2,1800,51950
20240222,09:16:35,0.2,3450,51950
20240222,09:16:36,0.2,250,51950
20240222,09:16:38,0.15,1800,51950
20240222,09:16:41,0.2,1800,51950
20240222,09:16:43,0.2,50,51950
20240222,09:16:44,0.15,1800,51950
20240222,09:16:46,0.15,100,51950
20240222,09:16:47,0.15,1800,51950
20240222,09:16:54,0.15,1800,51950
20240222,09:16:59,0.2,1850,51950
20240222,09:17:10,0.15,100,51950
20240222,09:17:15,0.2,1800,51950
20240222,09:17:25,0.2,1750,51950
20240222,09:17:41,0.2,1000,51950
20240222,09:17:53,0.2,500,51950
20240222,09:18:07,0.25,1800,51950
20240222,09:18:08,0.15,100,51950
20240222,09:18:14,0.2,1400,51950
20240222,09:18:25,0.2,200,51950
20240222,09:18:46,0.2,1800,51950
20240222,09:18:47,0.2,1800,34600
20240222,09:18:51,0.25,1800,34600
20240222,09:18:54,0.2,1100,34600
20240222,09:18:56,0.25,1800,34600
20240222,09:19:07,0.2,100,34600
20240222,09:19:09,0.2,600,34600
20240222,09:19:22,0.2,150,34600
20240222,09:19:26,0.2,100,34600
20240222,09:19:28,0.2,200,34600
20240222,09:19:42,0.2,1000,34600
20240222,09:19:49,0.2,1050,34600
20240222,09:19:55,0.2,1950,34600
20240222,09:19:56,0.15,2550,34600
20240222,09:19:57,0.15,450,34600
20240222,09:20:03,0.2,1800,34600
20240222,09:20:06,0.2,1800,34600
20240222,09:20:08,0.2,1800,34600
20240222,09:20:32,0.15,500,34600
20240222,09:20:33,0.15,2600,34600
20240222,09:20:34,0.15,200,34600
20240222,09:21:16,0.2,100,34600
20240222,09:21:56,0.2,450,34600
20240222,09:22:59,0.2,150,27300
20240222,09:25:22,0.15,200,27450
20240222,09:25:23,0.15,1450,27450
20240222,09:25:24,0.15,100,27450
20240222,09:25:25,0.15,100,27450
20240222,09:25:26,0.15,250,27450
20240222,09:38:37,0.2,250,26750
20240222,09:39:01,0.2,50,26750
20240222,09:41:12,0.15,250,27050
20240222,09:42:09,0.15,150,27050
20240222,09:47:46,0.15,1800,26750
20240222,09:47:47,0.15,10800,26750
20240222,09:48:06,0.15,600,26750
20240222,10:01:15,0.2,500,26750
20240222,10:01:46,0.15,50,19700
20240222,10:02:05,0.15,50,19700
20240222,10:02:35,0.15,50,19700
20240222,10:02:41,0.2,3000,19700
20240222,10:05:53,0.2,50,19700
20240222,10:06:29,0.2,1000,20050
20240222,10:08:45,0.15,50,19050
20240222,10:09:21,0.2,200,19050
20240222,10:09:47,0.2,300,19050
20240222,10:11:13,0.2,100,19050
20240222,10:11:46,0.2,200,18650
20240222,10:14:49,0.2,3600,18350
20240222,10:16:58,0.2,50,20800
20240222,10:17:26,0.2,50,20800
20240222,10:17:54,0.15,50,20800
20240222,10:18:00,0.2,100,20800
20240222,10:32:07,0.15,3000,20800
20240222,10:32:27,0.15,50,21050
20240222,10:34:57,0.2,50,19800
20240222,10:35:18,0.15,3600,19800
20240222,10:35:37,0.15,50,19800
20240222,10:40:44,0.15,250,19800
20240222,10:40:55,0.15,50,17200
20240222,10:49:47,0.15,1400,17350
20240222,10:53:40,0.15,100,17350
20240222,10:55:01,0.15,50,18750
20240222,10:55:28,0.15,4650,18750
20240222,10:55:33,0.15,1000,18750
20240222,10:55:35,0.15,1000,18750
20240222,10:55:37,0.15,750,18750
20240222,11:04:47,0.15,50,22600
20240222,11:07:32,0.2,500,22600
20240222,11:16:31,0.15,50,22600
20240222,11:21:03,0.15,1550,22600
20240222,11:21:04,0.1,8100,22600
20240222,11:21:07,0.15,1550,22600
20240222,11:22:43,0.1,4650,22600
20240222,11:23:01,0.15,100,30400
20240222,11:44:41,0.15,13950,34950
20240222,11:44:42,0.1,10850,34950
20240222,11:44:43,0.1,3100,34950
20240222,11:45:04,0.15,15750,34950
20240222,11:45:05,0.15,2850,34950
20240222,11:47:57,0.15,50,34950
20240222,11:49:45,0.1,4700,25450
20240222,12:00:23,0.1,400,25450
20240222,12:00:53,0.1,250,30100
20240222,12:05:22,0.1,1400,30100
20240222,12:11:07,0.1,50,32150
20240222,12:11:43,0.1,50,32150
20240222,12:13:44,0.15,5150,32150
20240222,12:16:37,0.1,250,32150
20240222,12:23:31,0.1,250,31100
20240222,12:25:17,0.1,400,31100
20240222,12:25:18,0.1,50,31100
20240222,12:25:19,0.1,50,31100
20240222,12:25:20,0.1,50,31100
20240222,12:26:20,0.1,7050,31100
20240222,12:26:21,0.1,500,31100
20240222,12:27:45,0.1,1000,31100
20240222,12:28:51,0.1,1800,31100
20240222,12:29:16,0.1,450,25750
20240222,12:30:27,0.05,250,25750
20240222,12:31:27,0.05,4000,25750
20240222,12:32:17,0.1,2150,26100
20240222,12:32:19,0.1,1800,26100
20240222,12:32:27,0.1,450,26100
20240222,12:35:43,0.1,450,26100
20240222,12:36:56,0.1,250,26350
20240222,12:40:38,0.1,200,26450
20240222,12:40:42,0.1,150,26450
20240222,12:40:55,0.1,300,26450
20240222,12:41:10,0.1,300,26450
20240222,12:44:27,0.1,100,26450
20240222,12:44:27,0.1,50,26550
20240222,12:44:54,0.1,400,26550
20240222,12:45:58,0.05,1000,26550
20240222,12:46:40,0.1,800,26550
20240222,12:46:44,0.1,50,26550
20240222,12:46:46,0.1,50,26550
20240222,12:47:46,0.05,950,26550
20240222,12:47:50,0.05,950,26550
20240222,12:47:53,0.05,500,26550
20240222,12:48:16,0.05,50,26550
20240222,13:00:07,0.05,100,26550
20240222,13:03:12,0.1,1800,26550
