date,time,tick_price,volume,open_interest
20240220,10:51:51,503.65,1100,4300
20240220,10:52:01,506.9,2400,4300
20240220,10:52:11,509.9,1200,4300
20240220,10:52:27,509.25,800,4300
20240220,10:52:36,506.95,500,4300
20240220,10:53:57,507.25,400,4300
20240220,10:54:13,509.6,400,4300
20240220,10:55:25,509.5,400,6800
20240220,11:06:13,498.35,100,7200
20240220,11:07:58,498.35,200,7100
20240220,11:09:56,495.5,100,7100
20240220,11:20:41,475.75,400,7300
20240220,11:30:55,475.75,100,7300
20240220,11:33:04,464.2,100,7700
20240220,11:35:31,464.2,100,7800
20240220,11:46:40,473.6,100,7800
20240220,11:50:05,472.3,100,7900
20240220,11:55:07,471.75,100,7900
20240220,11:58:53,462.75,100,8000
20240220,12:17:03,443.15,100,7900
20240220,12:31:13,443.15,100,7900
20240220,12:49:29,441.0,100,7800
20240220,12:49:50,440.95,400,7900
20240220,12:58:58,440.95,100,7500
20240220,12:59:58,447.0,150,7500
20240220,13:03:29,449.8,100,7450
20240220,13:06:43,446.65,100,7450
20240220,13:34:23,444.0,100,7550
20240220,14:03:07,497.3,100,7550
20240220,14:03:33,492.25,100,7550
20240220,14:15:53,475.0,100,7450
20240220,14:21:47,469.25,50,7450
20240220,14:21:55,469.25,50,7450
20240220,14:22:24,464.0,100,7450
20240220,14:39:30,456.6,100,7450
20240220,14:39:53,462.35,50,7450
20240220,15:00:38,445.85,100,7500
20240220,15:01:04,449.85,100,7500
20240220,15:02:33,448.1,100,7550
20240220,15:02:41,446.55,100,7550
20240220,15:03:08,439.75,100,7550
20240220,15:24:23,420.45,50,7550
20240220,15:24:40,420.45,50,7550
20240220,15:25:35,420.0,50,7550
20240221,09:56:54,414.15,1,7500
20240221,09:56:54,414.15,50,7500
20240221,10:51:45,438.5,50,7550
20240221,11:54:30,438.5,50,7550
20240221,11:55:36,394.65,50,7550
20240221,13:47:23,402.05,50,7550
20240222,15:17:13,384.1,1,7600
20240222,15:17:13,384.1,50,7600
20240223,09:15:53,363.95,1,7600
20240223,09:15:53,363.95,100,7600
20240223,09:16:27,360.6,50,7650
20240223,09:18:58,353.3,250,7800
20240223,09:21:15,350.25,100,7800
20240223,09:23:46,347.3,50,8000
20240223,09:23:55,347.3,50,8000
20240223,09:24:17,347.3,150,8000
20240223,09:24:39,357.0,200,8000
20240223,09:25:00,354.05,400,8250
20240223,09:25:08,357.9,400,8250
20240223,09:25:16,356.5,2900,8250
20240223,09:26:15,355.0,50,8250
20240223,09:30:04,366.65,400,11900
20240223,09:30:06,367.05,100,11900
20240223,09:30:11,367.1,400,11900
20240223,09:30:14,367.1,50,11900
20240223,09:31:16,359.4,350,12750
20240223,09:31:23,360.45,400,12750
20240223,09:31:36,361.45,800,12750
20240223,09:33:01,368.7,50,12750
20240223,09:33:57,368.7,50,14350
20240223,09:35:28,368.7,50,14350
20240223,09:37:23,357.3,300,14400
20240223,09:37:33,356.65,400,14400
20240223,09:37:34,356.8,400,14400
20240223,09:37:38,358.45,300,14400
20240223,09:38:14,355.2,400,14400
20240223,09:38:33,351.95,250,14400
20240223,09:38:34,351.9,500,14400
20240223,09:38:36,351.75,400,14400
20240223,09:38:38,349.9,50,14400
20240223,09:38:44,350.95,50,14400
20240223,09:39:08,347.75,400,14400
20240223,09:39:52,343.1,400,17800
20240223,09:40:07,343.1,350,17800
20240223,09:40:43,348.8,150,17800
20240223,09:40:48,347.4,100,17800
20240223,09:40:56,346.7,150,17800
20240223,09:41:06,346.75,100,17800
20240223,09:41:18,346.2,200,17800
20240223,09:41:27,348.3,150,17800
20240223,09:41:29,347.0,200,17800
20240223,09:41:32,347.2,150,17800
20240223,09:41:39,345.6,100,17800
20240223,09:41:47,344.6,100,17800
20240223,09:41:48,344.55,50,17800
20240223,09:41:50,344.55,150,17800
20240223,09:41:55,343.9,300,17800
20240223,09:42:00,344.7,550,17800
20240223,09:42:01,344.75,50,17800
20240223,09:42:21,345.15,600,17800
20240223,09:46:37,344.9,100,19000
20240223,09:46:42,345.9,550,19000
20240223,09:46:59,346.2,300,19000
20240223,09:47:54,350.0,100,19000
20240223,09:49:20,353.6,50,19000
20240223,09:57:36,357.35,50,20050
20240223,09:58:21,359.6,50,20100
20240223,09:59:45,347.9,100,20100
20240223,09:59:59,347.95,50,20100
20240223,10:00:19,348.8,50,20100
20240223,10:01:00,345.25,50,20250
20240223,10:07:10,340.9,50,20250
20240223,10:07:11,340.9,50,20250
20240223,10:12:18,344.75,50,20250
20240223,10:12:19,344.9,400,20250
20240223,10:15:16,334.7,50,20700
20240223,10:15:53,333.85,400,20700
20240223,10:17:16,332.8,50,21100
20240223,10:17:21,332.8,50,21100
20240223,10:17:33,331.2,250,21100
20240223,10:18:32,321.6,300,21100
20240223,10:18:36,321.75,400,21100
20240223,10:18:37,322.55,250,21100
20240223,10:18:41,321.6,150,21100
20240223,10:18:42,321.6,550,21100
20240223,10:18:44,322.25,1600,21100
20240223,10:18:46,322.5,150,21100
20240223,10:18:52,322.55,50,21100
20240223,10:19:09,320.4,400,24700
20240223,10:19:11,320.25,1200,24700
20240223,10:19:14,319.6,400,24700
20240223,10:19:17,319.6,400,24700
20240223,10:19:22,319.25,400,24700
20240223,10:19:32,318.2,50,24700
20240223,10:19:40,317.1,450,24700
20240223,10:19:45,317.3,400,24700
20240223,10:19:50,315.45,100,24700
20240223,10:20:02,315.45,50,24700
20240223,10:20:15,314.15,350,24700
20240223,10:20:27,314.15,100,24700
20240223,10:20:37,315.8,50,24700
20240223,10:20:42,315.3,350,24700
20240223,10:20:52,314.6,350,24700
20240223,10:20:57,314.1,650,24700
20240223,10:21:12,315.35,350,24700
20240223,10:22:10,320.5,250,30650
20240223,10:22:18,319.1,350,30650
20240223,10:24:20,336.15,50,30650
20240223,10:24:48,341.6,50,30650
20240223,10:25:00,343.8,150,31200
20240223,10:25:03,344.85,100,31200
20240223,10:25:12,343.85,100,31200
20240223,10:25:50,348.2,50,31200
20240223,10:27:14,356.65,400,31200
20240223,10:27:55,360.0,50,31200
20240223,10:27:57,360.1,50,30500
20240223,10:30:20,361.7,50,30500
20240223,10:30:35,357.15,50,30500
20240223,10:30:42,356.1,50,30500
20240223,10:30:45,355.15,50,30500
20240223,10:30:52,353.9,50,30500
20240223,10:30:54,353.3,50,30500
20240223,10:31:37,364.15,100,30450
20240223,10:32:09,369.2,100,30450
20240223,10:33:07,371.5,100,30450
20240223,10:33:32,371.5,100,30450
20240223,10:40:19,363.1,50,30450
20240223,10:43:13,350.9,50,30450
20240223,10:44:36,352.8,50,30450
20240223,10:47:10,352.2,50,30450
20240223,10:47:34,350.7,50,30450
20240223,10:48:02,349.8,50,30450
20240223,10:59:14,342.75,100,30450
20240223,10:59:28,343.55,50,30450
20240223,10:59:53,341.25,50,30450
20240223,11:02:32,339.65,50,30550
20240223,11:03:34,329.4,1100,30550
20240223,11:04:41,320.15,400,31600
20240223,11:04:44,320.25,50,31600
20240223,11:05:03,317.95,50,31600
20240223,11:05:16,317.15,50,31600
20240223,11:06:11,309.0,350,31600
20240223,11:06:15,307.7,350,31600
20240223,11:06:18,307.5,400,31600
20240223,11:06:33,306.4,750,31600
20240223,11:06:40,306.4,50,31600
20240223,11:06:43,306.4,50,31600
20240223,11:06:48,308.4,50,31600
20240223,11:06:53,307.9,50,31600
20240223,11:06:56,307.7,50,31600
20240223,11:07:00,309.75,50,31600
20240223,11:07:03,308.95,100,31600
20240223,11:07:08,309.5,50,34400
20240223,11:07:10,310.7,350,34400
20240223,11:07:11,310.9,50,34400
20240223,11:07:14,311.05,50,34400
20240223,11:07:18,310.85,50,34400
20240223,11:07:37,312.6,100,34400
20240223,11:07:39,312.6,100,34400
20240223,11:07:42,312.45,50,34400
20240223,11:07:45,312.7,50,34400
20240223,11:07:49,311.25,50,34400
20240223,11:07:52,311.0,100,34400
20240223,11:07:57,310.85,50,34400
20240223,11:08:00,311.5,350,34400
20240223,11:08:02,311.2,50,34400
20240223,11:08:05,310.85,50,34400
20240223,11:08:09,311.1,50,34400
20240223,11:08:19,310.6,50,34400
20240223,11:08:26,313.5,50,34400
20240223,11:08:57,316.0,50,34400
20240223,11:09:04,317.45,50,34400
20240223,11:09:12,318.0,150,34400
20240223,11:09:16,317.95,50,34400
20240223,11:09:22,317.0,50,34400
20240223,11:09:53,320.6,50,34400
20240223,11:10:03,317.85,150,34400
20240223,11:10:10,318.85,150,35950
20240223,11:10:18,318.1,150,35950
20240223,11:10:22,316.6,150,35950
20240223,11:10:33,318.25,150,35950
20240223,11:11:29,323.8,150,35950
20240223,11:11:31,324.6,150,35950
20240223,11:12:06,321.85,150,35950
20240223,11:12:31,324.6,150,35950
20240223,11:13:24,324.5,150,36900
20240223,11:13:28,324.7,150,36900
20240223,11:13:45,327.3,150,36900
20240223,11:13:55,326.8,150,36900
20240223,11:14:01,327.9,50,36900
20240223,11:14:36,332.65,100,36900
20240223,11:14:40,333.15,100,36900
20240223,11:14:46,333.5,50,36900
20240223,11:14:51,333.8,150,36900
20240223,11:14:55,334.5,150,36900
20240223,11:14:56,334.2,350,36900
20240223,11:15:03,336.1,700,36900
20240223,11:15:18,333.95,150,36900
20240223,11:15:23,332.05,150,36900
20240223,11:15:31,333.1,50,36900
20240223,11:15:33,333.2,400,36900
20240223,11:15:35,332.6,950,36900
20240223,11:15:43,334.9,350,36900
20240223,11:16:03,337.6,1200,36900
20240223,11:16:30,340.9,600,35200
20240223,11:16:33,341.3,450,35200
20240223,11:16:35,340.8,50,35200
20240223,11:16:58,341.9,350,35200
20240223,11:17:06,341.3,150,35200
20240223,11:17:10,340.55,50,35200
20240223,11:17:47,342.8,50,35200
20240223,11:17:55,344.2,200,35200
20240223,11:18:16,343.2,100,35200
20240223,11:18:53,347.05,50,35200
20240223,11:18:56,346.85,50,35200
20240223,11:19:39,344.95,100,32600
20240223,11:20:08,344.4,500,32600
20240223,11:20:11,345.55,150,32600
20240223,11:21:29,344.8,50,32600
20240223,11:23:42,335.0,50,32350
20240223,11:24:27,331.0,350,32350
20240223,11:25:15,332.3,100,32000
20240223,11:26:56,336.1,50,32000
20240223,11:41:03,334.2,250,31950
20240223,11:49:04,330.0,50,32000
20240223,11:50:30,335.6,300,32000
20240223,11:50:58,340.75,100,32000
20240223,11:51:30,339.3,100,32000
20240223,11:52:50,349.05,150,31900
20240223,11:52:52,349.25,100,31900
20240223,11:52:55,350.5,50,31900
20240223,11:53:07,345.9,100,31900
20240223,11:55:13,350.0,50,31650
20240223,11:58:08,346.25,100,31650
20240223,12:11:59,352.55,50,31600
20240223,12:15:45,352.0,50,31550
20240223,12:26:00,332.95,100,31500
20240223,12:26:35,329.5,100,31500
20240223,12:26:50,331.05,100,31500
20240223,12:27:08,332.2,50,31500
20240223,12:28:30,332.45,300,31500
20240223,12:28:40,332.9,250,31500
20240223,12:28:50,331.6,100,31500
20240223,12:35:09,339.65,200,31850
20240223,12:40:28,335.55,150,31950
20240223,12:40:45,335.3,50,31950
20240223,12:52:52,330.3,50,31800
20240223,12:54:49,329.65,100,31800
20240223,12:55:19,330.55,50,31800
20240223,12:56:20,333.2,50,31800
20240223,12:56:22,333.25,100,31800
20240223,12:59:45,334.5,350,31700
20240223,13:03:41,334.45,700,31700
20240223,13:03:49,333.2,50,31700
20240223,13:06:53,338.7,200,31100
20240223,13:07:15,338.7,50,31100
20240223,13:12:11,342.0,50,31100
20240223,13:13:10,337.3,50,31100
20240223,13:13:41,336.75,50,31000
20240223,13:14:04,339.0,50,31000
20240223,13:15:23,339.95,50,31000
20240223,13:24:17,347.8,150,31000
20240223,13:24:32,349.55,150,30950
20240223,13:24:55,354.95,50,30950
20240223,13:25:07,356.55,350,30950
20240223,13:25:22,359.85,150,30950
20240223,13:25:40,365.95,100,30400
20240223,13:25:45,365.65,500,30400
20240223,13:25:57,370.7,50,30400
20240223,13:26:04,371.35,50,30400
20240223,13:26:38,370.45,100,30400
20240223,13:26:57,364.65,250,30400
20240223,13:27:05,367.5,50,30400
20240223,13:27:18,367.65,50,30400
20240223,13:28:22,369.05,50,30400
20240223,13:28:40,365.95,50,29750
20240223,13:30:05,355.55,150,29750
20240223,13:32:41,334.4,50,29750
20240223,13:32:45,334.3,50,29750
20240223,13:32:55,334.0,50,29750
20240223,13:33:45,337.3,100,29750
20240223,13:34:22,337.35,50,29750
20240223,13:34:26,337.0,50,29850
20240223,13:34:31,337.25,50,29850
20240223,13:35:30,339.3,50,29850
20240223,13:35:38,340.85,50,29850
20240223,13:35:45,341.3,50,29850
20240223,13:36:33,345.1,100,29850
20240223,13:37:48,345.1,100,29850
20240223,13:44:39,349.4,50,29750
20240223,13:46:53,349.8,50,29750
20240223,13:48:14,349.45,100,29750
20240223,13:48:24,349.4,50,29750
20240223,13:51:40,350.4,50,29550
20240223,13:51:43,350.1,50,29550
20240223,13:51:48,351.3,50,29550
20240223,13:53:18,350.95,100,29450
20240223,13:53:50,353.3,50,29450
20240223,13:53:53,354.05,50,29450
20240223,13:53:55,353.95,50,29450
20240223,13:54:00,352.35,50,29450
20240223,13:54:51,355.75,50,29450
20240223,13:57:46,353.65,50,29100
20240223,14:02:33,345.25,50,29100
20240223,14:02:42,346.3,50,29100
20240223,14:03:52,346.85,50,29100
20240223,14:04:20,343.2,50,29100
20240223,14:04:33,342.4,50,29050
20240223,14:05:53,341.7,50,29050
20240223,14:05:58,340.6,150,29050
20240223,14:06:01,341.7,50,29050
20240223,14:06:05,342.15,50,29050
20240223,14:06:10,342.45,50,29050
20240223,14:06:20,341.9,50,29050
20240223,14:06:23,342.85,50,29050
20240223,14:06:28,343.55,200,29050
20240223,14:06:43,345.15,150,29050
20240223,14:06:52,346.85,50,29050
20240223,14:07:41,352.55,150,28600
20240223,14:07:53,354.0,50,28600
20240223,14:08:43,349.55,50,28600
20240223,14:12:45,354.5,100,28550
20240223,14:19:10,353.7,50,28450
20240223,14:20:35,353.55,50,28450
20240223,14:20:40,354.05,50,28450
20240223,14:30:08,354.6,50,28450
20240223,14:30:32,354.75,50,28450
20240223,14:35:24,361.85,50,28450
20240223,14:38:22,355.0,50,28450
20240223,14:41:08,345.0,50,28450
20240223,14:43:08,342.25,50,28450
20240223,15:03:40,354.65,50,28450
20240223,15:04:40,364.6,50,28500
20240223,15:04:46,366.0,50,28500
20240223,15:05:18,358.3,50,28500
20240223,15:05:23,357.8,50,28500
20240223,15:05:38,356.5,150,28500
20240223,15:06:33,351.4,500,28500
20240223,15:06:35,351.9,100,28500
20240223,15:07:10,360.0,50,28500
20240223,15:07:23,360.45,500,28500
20240223,15:07:56,356.95,50,28950
20240223,15:09:27,361.4,100,28950
20240223,15:10:00,353.65,100,28950
20240223,15:12:50,357.8,50,28950
20240223,15:13:56,359.8,50,29000
20240223,15:15:39,360.2,50,29000
20240223,15:17:08,368.3,50,29050
20240223,15:17:33,370.3,50,29050
20240223,15:17:46,369.45,500,29050
20240223,15:18:34,367.4,100,29050
20240223,15:20:07,356.9,50,28900
20240223,15:21:56,355.05,50,28900
20240223,15:22:30,350.0,50,28900
20240223,15:22:32,350.1,100,28900
20240223,15:23:28,349.0,50,28950
20240223,15:24:02,351.7,100,28950
20240223,15:24:32,359.1,50,28950
20240223,15:25:02,357.4,350,28950
20240223,15:26:33,372.55,50,29000
20240223,15:26:50,372.55,50,29000
20240223,15:27:10,371.7,600,29000
20240223,15:28:29,372.1,500,29000
20240223,15:29:24,369.15,50,29500
20240223,15:29:35,364.75,100,29500
20240226,09:15:10,389.45,1,29450
20240226,09:15:10,389.45,100,29450
20240226,09:15:25,395.0,50,29450
20240226,09:16:38,395.0,50,29450
20240226,09:17:45,385.0,250,29450
20240226,09:20:00,381.0,150,29400
20240226,09:28:33,381.0,250,29400
20240226,09:35:18,382.8,100,29550
20240226,09:35:24,380.05,50,29550
20240226,09:40:39,380.05,100,29400
20240226,09:45:41,368.35,50,29500
20240226,09:47:01,368.35,50,29550
20240226,09:47:02,368.75,50,29550
20240226,09:47:34,370.6,50,29550
20240226,09:51:34,388.4,50,29550
20240226,09:52:02,392.55,50,29500
20240226,09:53:10,407.4,500,29500
20240226,09:55:11,400.45,100,29550
20240226,09:55:52,402.0,50,29550
20240226,09:57:15,406.0,100,29550
20240226,09:59:05,416.0,50,29600
20240226,10:02:59,416.0,100,29600
20240226,10:04:37,418.0,150,29500
20240226,10:06:43,418.0,50,29500
20240226,10:15:20,403.75,50,29550
20240226,10:28:48,411.15,50,29600
20240226,10:32:49,409.6,50,29550
20240226,10:38:27,399.75,50,29500
20240226,10:57:08,416.65,50,29500
20240226,11:05:58,411.65,150,29500
20240226,11:08:29,410.9,50,29650
20240226,11:22:00,421.2,50,29700
20240226,11:25:19,421.2,250,29700
20240226,11:41:30,427.45,50,29500
20240226,11:43:26,427.45,50,29500
20240226,11:45:25,420.0,50,29500
20240226,11:54:43,435.0,50,29500
20240226,11:57:32,439.45,500,29550
20240226,11:57:40,437.55,50,29550
20240226,12:03:22,433.5,50,29550
20240226,12:03:26,430.6,50,29550
20240226,12:06:09,437.95,150,29550
20240226,12:18:51,451.65,50,29750
20240226,12:20:02,451.65,50,29750
20240226,12:26:05,441.2,50,29700
20240226,12:32:44,428.9,50,29750
20240226,13:15:32,387.2,1750,29700
20240226,13:15:39,389.9,50,29700
20240226,13:17:02,375.0,50,29700
20240226,13:17:42,375.5,1750,29950
20240226,13:22:26,393.35,50,30950
20240226,13:22:47,392.65,50,30950
20240226,13:29:25,394.4,50,30950
20240226,13:30:15,390.0,50,30950
20240226,13:33:04,404.8,100,31000
20240226,13:36:29,397.35,100,30950
20240226,13:42:00,399.75,50,31000
20240226,13:47:39,392.0,50,30950
20240226,13:51:16,394.0,1000,30950
20240226,13:56:53,388.55,100,30850
20240226,13:57:39,392.65,100,30850
20240226,13:58:29,391.0,50,30850
20240226,14:09:35,383.7,50,30800
20240226,14:15:38,398.0,1750,30800
20240226,14:19:29,386.05,500,30250
20240226,14:20:27,384.35,100,30250
20240226,14:27:48,382.95,500,30550
20240226,14:31:24,378.0,500,30450
20240226,14:40:03,400.0,1800,30950
20240226,14:44:21,395.05,50,30150
20240226,14:48:57,407.0,50,30150
20240226,14:49:07,407.6,150,30150
20240226,14:49:31,412.0,50,30150
20240226,14:51:01,417.8,100,30050
20240226,14:51:22,415.5,150,30050
20240226,14:51:29,413.65,100,30050
20240226,14:51:40,413.9,50,30050
20240226,14:56:05,419.15,50,30050
20240226,14:56:34,420.35,100,30050
20240226,14:58:23,420.35,100,30050
20240226,15:00:01,416.85,100,29950
20240226,15:00:46,415.3,100,29950
20240226,15:01:47,414.1,100,29950
20240226,15:01:58,404.85,100,29950
20240226,15:02:07,401.0,50,29950
20240226,15:03:14,400.65,200,29950
20240226,15:03:49,407.0,100,29950
20240226,15:04:34,403.6,100,29950
20240226,15:12:51,407.0,50,29950
20240226,15:14:05,411.0,50,29900
20240226,15:15:21,407.0,5250,29900
20240226,15:15:26,410.15,50,29900
20240226,15:17:05,412.95,50,31150
20240226,15:20:15,413.15,50,31200
20240226,15:25:21,413.45,50,31200
20240226,15:26:09,410.0,50,31200
20240226,15:27:38,406.1,50,31200
20240226,15:28:43,406.1,50,31200
20240227,09:15:48,427.05,1,31250
20240227,09:15:48,427.0,150,31250
20240227,09:16:05,427.0,50,31250
20240227,09:16:35,421.6,50,31250
20240227,09:18:20,429.5,5250,31250
20240227,09:18:20,421.6,5250,31250
20240227,09:25:45,415.0,50,29800
20240227,10:00:41,405.0,50,29850
20240227,10:07:55,405.0,50,29900
20240227,10:09:39,422.55,100,29900
20240227,10:13:29,430.5,400,29800
20240227,10:15:19,433.0,500,29800
20240227,10:15:44,433.0,50,29800
20240227,10:22:03,432.3,100,30300
20240227,10:22:26,430.4,100,30300
20240227,10:24:02,440.0,50,30300
20240227,10:24:11,442.95,200,30300
20240227,10:30:04,442.95,50,30350
20240227,10:31:48,435.85,100,30300
20240227,10:34:59,432.45,50,30200
20240227,10:36:03,425.6,50,30200
20240227,10:36:49,429.9,100,30200
20240227,10:39:26,430.0,50,30100
20240227,10:49:05,421.2,100,30150
20240227,11:06:31,408.95,50,30200
20240227,11:08:08,405.45,50,30200
20240227,11:08:33,405.75,50,30200
20240227,11:09:18,409.4,100,30200
20240227,11:12:07,408.75,100,30300
20240227,11:21:37,408.75,100,30300
20240227,11:24:56,399.7,50,30300
20240227,11:25:31,393.15,100,30350
20240227,11:29:09,393.15,100,30350
20240227,11:29:16,392.6,50,30350
20240227,11:34:02,392.4,50,30500
20240227,11:34:08,390.0,50,30500
20240227,11:34:19,390.0,50,30550
20240227,11:38:38,390.0,50,30550
20240227,11:38:55,390.0,50,30550
20240227,11:39:16,392.45,100,30550
20240227,11:40:06,393.05,50,30550
20240227,11:40:28,385.8,100,30650
20240227,11:43:36,385.8,50,30650
20240227,11:43:42,393.7,50,30700
20240227,11:43:48,392.9,50,30700
20240227,11:44:52,393.5,50,30700
20240227,11:44:57,393.55,50,30700
20240227,11:46:37,397.7,50,30700
20240227,11:47:14,395.2,50,30700
20240227,11:48:19,395.65,50,30700
20240227,11:54:08,398.05,50,30750
20240227,11:55:34,397.0,100,30750
20240227,12:10:22,422.0,50,30750
20240227,12:11:55,421.0,50,30700
20240227,12:17:03,412.0,50,30650
20240227,12:26:14,410.6,50,30700
20240227,12:37:41,400.0,100,30650
20240227,12:40:37,391.45,100,30650
20240227,12:46:39,392.7,50,30650
20240227,12:48:34,382.25,150,30650
20240227,12:48:53,380.0,100,30650
20240227,12:49:13,374.2,150,30650
20240227,12:49:33,373.65,50,30900
20240227,12:49:44,371.1,350,30900
20240227,12:49:55,370.8,50,30900
20240227,12:50:05,370.25,250,30900
20240227,12:50:16,370.95,300,30900
20240227,12:50:25,370.35,100,30900
20240227,12:50:34,370.05,100,30900
20240227,12:51:00,374.35,200,30900
20240227,12:52:39,357.6,200,31700
20240227,12:52:47,357.6,200,31700
20240227,12:52:57,365.55,50,31700
20240227,12:55:03,357.85,100,31700
20240227,12:55:21,357.85,50,31700
20240227,12:57:46,360.95,850,31700
20240227,13:08:25,369.1,150,31000
20240227,13:12:50,362.3,50,30850
20240227,13:16:52,361.3,50,30800
20240227,13:20:09,354.3,500,30800
20240227,13:34:11,363.5,50,30600
20240227,13:37:18,370.8,100,30600
20240227,13:40:13,375.55,100,30600
20240227,13:42:30,374.45,50,30550
20240227,13:43:15,377.75,100,30550
20240227,13:44:18,374.45,100,30450
20240227,13:46:27,387.0,200,30450
20240227,13:48:06,387.0,50,30450
20240227,13:48:58,400.35,50,30450
20240227,13:49:05,400.35,50,30450
20240227,13:53:55,385.1,100,30400
20240227,13:55:02,392.55,300,30400
20240227,13:56:01,401.1,100,30100
20240227,13:57:34,405.5,100,30100
20240227,13:57:42,405.5,100,30100
20240227,13:58:12,400.0,50,30100
20240227,13:59:03,396.4,100,30100
20240227,13:59:49,392.6,100,30100
20240227,14:00:31,399.85,100,30100
20240227,14:00:54,402.0,100,30100
20240227,14:07:52,384.85,50,30100
20240227,14:08:22,385.5,100,30100
20240227,14:10:19,390.85,100,30100
20240227,14:13:10,383.0,50,30150
20240227,14:15:14,375.0,50,30150
20240227,14:16:31,365.0,50,30150
20240227,14:16:49,370.15,50,30200
20240227,14:23:15,368.0,200,30150
20240227,14:25:42,383.0,150,30150
20240227,14:31:57,387.6,200,30100
20240227,14:42:46,371.9,100,30100
20240227,14:43:04,370.65,100,30100
20240227,14:44:01,370.75,100,30100
20240227,14:48:14,370.05,100,30100
20240227,14:48:30,369.0,100,30100
20240227,14:50:57,381.3,50,30100
20240227,15:01:28,356.95,200,30100
20240227,15:06:05,350.4,50,30250
20240227,15:13:26,350.4,50,30250
20240227,15:23:59,364.5,100,30300
20240227,15:25:07,366.05,100,30300
20240227,15:29:56,366.0,50,30300
20240228,09:15:09,360.0,1,30300
20240228,09:15:09,360.0,50,30300
20240228,09:15:22,356.35,100,30300
20240228,09:15:32,352.5,100,30300
20240228,09:15:34,352.5,100,30300
20240228,09:15:49,356.35,100,30300
20240228,09:19:52,360.15,100,30450
20240228,09:20:15,360.8,100,30450
20240228,09:20:42,360.8,150,30450
20240228,09:21:02,360.3,150,30450
20240228,09:21:07,356.9,50,30450
20240228,09:36:10,363.85,50,30350
20240228,09:45:41,363.85,50,30350
20240228,09:48:24,355.0,50,30400
20240228,09:51:38,357.6,50,30400
20240228,09:53:32,358.25,100,30450
20240228,09:53:57,363.95,150,30450
20240228,10:02:24,366.15,150,30500
20240228,10:05:41,366.15,50,30500
20240228,10:06:14,355.0,50,30350
20240228,10:13:06,343.9,100,30450
20240228,10:13:32,343.8,600,30450
20240228,10:14:04,343.8,400,30450
20240228,10:14:26,349.15,500,30450
20240228,10:14:31,348.8,250,30450
20240228,10:14:34,348.5,300,30450
20240228,10:14:46,347.75,50,30450
20240228,10:15:17,345.45,300,30450
20240228,10:15:21,345.45,50,30450
20240228,10:15:24,344.25,300,30450
20240228,10:17:54,346.65,200,32250
20240228,10:17:55,345.1,200,32250
20240228,10:20:03,348.55,200,32250
20240228,10:20:41,350.45,50,32250
20240228,10:22:34,345.0,150,32250
20240228,10:22:37,344.0,50,32250
20240228,10:23:26,345.8,50,32250
20240228,10:24:05,350.35,400,32250
20240228,10:24:15,350.05,400,32250
20240228,10:24:21,350.55,100,32250
20240228,10:24:26,351.25,100,32250
20240228,10:24:43,351.75,200,32250
20240228,10:24:44,352.25,50,32250
20240228,10:24:48,351.85,200,32250
20240228,10:26:14,344.75,100,32900
20240228,10:27:05,344.45,300,32900
20240228,10:27:40,345.75,200,32900
20240228,10:28:05,347.6,50,32900
20240228,10:28:55,348.85,300,32950
20240228,10:29:00,347.7,100,32950
20240228,10:29:03,348.0,100,32950
20240228,10:30:45,349.95,100,32950
20240228,10:30:48,349.05,200,32950
20240228,10:33:38,350.65,50,32950
20240228,10:35:01,354.0,250,33200
20240228,10:35:23,354.05,200,33200
20240228,10:35:33,353.85,200,33200
20240228,10:35:53,355.7,150,33200
20240228,10:37:16,353.75,100,33600
20240228,10:37:36,355.0,50,33600
20240228,10:45:40,358.5,50,33550
20240228,10:47:03,366.95,400,33550
20240228,10:47:05,370.0,100,33550
20240228,10:47:36,370.15,50,33550
20240228,10:47:40,370.15,200,33550
20240228,10:47:46,368.0,250,33550
20240228,10:51:03,391.35,50,33500
20240228,10:51:05,401.75,300,33500
20240228,10:51:06,402.2,500,33500
20240228,10:51:08,405.1,100,33500
20240228,10:51:13,408.05,100,33500
20240228,10:51:25,411.6,100,33500
20240228,10:52:01,419.0,50,33500
20240228,10:52:11,421.1,200,32950
20240228,10:53:18,423.1,600,32950
20240228,10:53:26,423.1,100,32950
20240228,10:53:31,418.55,100,32950
20240228,10:53:58,424.15,100,32950
20240228,10:53:59,425.15,100,32950
20240228,10:54:51,425.15,100,32950
20240228,10:55:01,423.75,50,32950
20240228,10:55:54,417.55,100,32150
20240228,10:57:13,431.25,250,32150
20240228,10:57:18,431.25,1550,32150
20240228,10:57:26,435.0,100,32150
20240228,10:57:28,436.85,100,32150
20240228,10:57:30,437.55,100,32150
20240228,10:57:43,444.15,250,32150
20240228,10:58:03,454.95,500,32150
20240228,10:58:08,456.1,50,32150
20240228,10:58:09,457.2,50,32150
20240228,10:58:19,461.9,600,30600
20240228,10:58:21,458.9,50,30600
20240228,10:59:03,452.0,50,30600
20240228,10:59:25,453.75,100,30600
20240228,11:00:03,468.7,50,30600
20240228,11:00:05,468.7,50,30600
20240228,11:00:15,475.9,350,30600
20240228,11:00:16,476.35,50,30600
20240228,11:00:25,489.8,50,30600
20240228,11:00:28,489.8,100,30600
20240228,11:00:33,486.4,300,30600
20240228,11:00:35,489.05,50,30600
20240228,11:00:40,481.5,100,30600
20240228,11:00:46,481.9,50,30600
20240228,11:00:48,479.05,50,30600
20240228,11:00:53,478.05,50,30600
20240228,11:00:55,483.7,50,30600
20240228,11:01:00,483.15,100,30600
20240228,11:01:05,478.75,200,30600
20240228,11:01:16,483.95,50,29650
20240228,11:01:18,481.85,50,29650
20240228,11:01:35,473.9,50,29650
20240228,11:01:41,470.15,50,29650
20240228,11:01:43,471.95,250,29650
20240228,11:01:45,470.4,200,29650
20240228,11:01:48,468.1,50,29650
20240228,11:01:50,470.75,50,29650
20240228,11:01:53,466.6,150,29650
20240228,11:01:55,463.3,350,29650
20240228,11:01:56,464.75,50,29650
20240228,11:01:58,464.1,100,29650
20240228,11:02:00,466.35,100,29650
20240228,11:02:03,464.95,300,29650
20240228,11:02:05,466.35,300,29650
20240228,11:02:06,465.5,50,29650
20240228,11:02:08,466.2,100,29650
20240228,11:02:10,466.05,50,29650
20240228,11:02:11,465.9,50,29650
20240228,11:02:13,465.55,50,29650
20240228,11:02:15,464.5,350,29650
20240228,11:02:16,463.85,250,29650
20240228,11:02:18,463.0,100,29650
20240228,11:02:20,464.45,50,29650
20240228,11:02:21,463.45,100,29650
20240228,11:02:23,460.35,300,29650
20240228,11:02:26,464.0,50,29650
20240228,11:02:35,465.65,150,29650
20240228,11:02:38,462.75,50,29650
20240228,11:03:03,461.35,100,29650
20240228,11:03:08,474.5,50,29650
20240228,11:03:43,473.8,50,29650
20240228,11:04:01,479.65,50,29650
20240228,11:04:03,480.7,50,29650
20240228,11:04:50,485.0,100,27650
20240228,11:05:11,499.0,100,27650
20240228,11:05:18,499.0,400,27650
20240228,11:05:20,494.55,50,27650
20240228,11:05:50,492.35,50,27650
20240228,11:09:26,479.2,50,27150
20240228,11:19:51,459.55,50,27150
20240228,11:20:55,459.55,100,27150
20240228,11:21:38,469.45,50,27150
20240228,11:22:03,474.35,50,27150
20240228,11:26:50,476.6,50,27000
20240228,11:31:12,480.4,100,27000
20240228,11:34:01,461.5,100,26900
20240228,11:41:14,473.1,300,26900
20240228,11:42:42,478.1,50,26900
20240228,11:44:38,490.85,50,26600
20240228,11:44:49,496.9,50,26600
20240228,11:45:04,501.2,50,26600
20240228,11:45:20,511.75,400,26600
20240228,11:45:22,511.75,100,26600
20240228,11:45:27,507.5,50,26600
20240228,11:45:39,507.85,50,26600
20240228,11:46:08,520.0,50,26600
20240228,11:46:47,520.0,50,26100
20240228,11:46:50,510.25,50,26100
20240228,11:48:27,494.45,350,26100
20240228,11:48:29,492.75,400,26100
20240228,11:51:43,489.1,250,25350
20240228,11:58:40,494.0,400,25100
20240228,12:04:37,506.1,350,24700
20240228,12:08:00,503.95,400,24350
20240228,12:35:57,508.55,100,23950
20240228,12:38:51,495.0,50,23950
20240228,12:41:44,493.45,150,23800
20240228,12:42:41,492.0,100,23800
20240228,12:43:07,490.05,150,23800
20240228,12:43:24,491.0,150,23800
20240228,12:43:31,492.45,150,23400
20240228,12:43:39,494.5,100,23400
20240228,12:44:07,493.95,150,23400
20240228,12:44:28,490.9,50,23400
20240228,12:44:43,489.3,50,23400
20240228,12:44:57,488.8,100,23400
20240228,12:45:02,488.0,200,23400
20240228,12:45:17,488.25,200,23400
20240228,12:45:29,491.55,100,23400
20240228,12:45:41,492.95,250,23400
20240228,12:47:00,498.85,300,23400
20240228,12:47:18,496.45,200,22250
20240228,12:48:58,497.8,300,22250
20240228,12:49:26,496.3,250,22250
20240228,12:50:00,495.7,400,21300
20240228,12:51:15,493.1,400,21300
20240228,12:51:22,495.55,300,21300
20240228,12:52:08,495.1,100,21300
20240228,12:52:13,496.1,100,21300
20240228,12:53:04,498.3,50,20250
20240228,12:54:27,496.5,150,20250
20240228,12:54:37,503.15,100,20250
20240228,12:55:37,512.5,100,20100
20240228,12:58:35,526.85,200,20100
20240228,12:58:36,534.75,50,20100
20240228,12:58:41,539.0,200,20100
20240228,12:59:03,543.0,250,20100
20240228,13:00:50,556.4,100,20100
20240228,13:01:43,556.4,200,19400
20240228,13:02:01,548.15,200,19400
20240228,13:02:16,546.55,200,19400
20240228,13:06:04,544.2,50,19200
20240228,13:07:02,558.25,100,19200
20240228,13:07:04,560.9,200,19200
20240228,13:07:09,569.65,250,19200
20240228,13:07:11,573.55,50,19200
20240228,13:07:16,573.55,50,19200
20240228,13:07:27,573.55,50,19200
20240228,13:09:10,583.55,400,18650
20240228,13:09:59,571.6,100,18650
20240228,13:10:00,571.2,100,18650
20240228,13:10:15,568.45,100,18650
20240228,13:10:25,573.05,100,18650
20240228,13:10:44,573.95,100,18000
20240228,13:10:47,574.95,200,18000
20240228,13:10:50,575.5,200,18000
20240228,13:10:54,573.3,200,18000
20240228,13:11:02,572.95,200,18000
20240228,13:11:06,570.85,50,18000
20240228,13:11:09,572.1,200,18000
20240228,13:12:42,577.65,100,18000
20240228,13:12:49,576.7,100,18000
20240228,13:12:58,574.65,200,18000
20240228,13:14:04,583.95,100,16500
20240228,13:14:18,584.2,50,16500
20240228,13:15:20,584.2,50,16500
20240228,13:15:29,580.2,50,16500
20240228,13:17:04,559.65,50,16300
20240228,13:18:03,555.15,100,16300
20240228,13:21:18,537.4,50,16250
20240228,13:24:08,529.8,50,16250
20240228,13:27:25,537.1,50,16300
20240228,13:44:27,506.75,50,16300
20240228,14:09:07,487.5,50,16300
20240228,14:13:09,483.4,50,16350
20240228,14:13:46,486.55,50,16350
20240228,14:20:10,504.1,50,16450
20240228,14:33:57,539.25,50,16450
20240228,14:34:03,540.15,50,16450
20240228,14:34:17,539.3,50,16450
20240228,14:34:32,542.7,50,16450
20240228,14:34:42,539.9,50,16450
20240228,14:35:02,543.15,50,16450
20240228,14:35:03,546.4,50,16450
20240228,14:38:37,549.55,50,16450
20240228,14:44:31,550.15,50,16450
20240228,14:49:35,519.05,50,16450
20240228,14:51:12,516.0,50,16500
20240228,14:53:04,527.1,100,16550
20240228,14:59:35,550.0,50,16500
20240228,15:00:29,549.3,50,16500
20240228,15:01:56,525.0,50,16500
20240228,15:08:29,550.0,50,16450
20240228,15:09:09,556.5,50,16450
20240228,15:09:38,561.25,50,16450
20240228,15:09:43,561.05,50,16450
20240228,15:11:50,585.0,50,16450
20240228,15:19:01,599.4,200,16400
20240228,15:22:24,599.4,50,16450
20240228,15:22:42,586.8,50,16450
20240228,15:24:04,593.85,50,16450
20240228,15:24:38,600.7,50,16450
20240228,15:25:29,600.7,100,16450
20240228,15:25:48,600.25,50,16450
20240228,15:26:04,600.5,50,16400
20240228,15:26:08,599.75,150,16400
20240228,15:26:32,604.6,50,16400
20240228,15:27:09,604.6,200,16400
20240228,15:27:41,603.4,100,16400
20240228,15:27:51,604.05,250,16400
20240228,15:28:26,606.55,50,16400
20240228,15:29:06,606.55,100,16050
20240229,09:16:55,590.0,1,16000
20240229,09:16:55,590.0,50,16000
20240229,09:22:42,609.8,50,16000
20240229,09:26:19,609.8,450,16000
20240229,09:27:01,551.2,100,16000
20240229,09:27:31,551.2,50,16000
20240229,09:28:01,551.2,50,16000
20240229,09:32:05,550.0,250,16000
20240229,09:33:34,532.0,50,16000
20240229,09:33:43,529.05,50,16000
20240229,09:34:14,527.55,50,16000
20240229,09:38:48,527.55,50,16000
20240229,09:54:54,522.55,50,16050
20240229,09:55:01,522.55,50,16050
20240229,09:55:41,517.05,50,16050
20240229,09:55:44,514.45,50,16050
20240229,09:56:34,508.35,50,16050
20240229,09:58:42,508.35,50,16050
20240229,09:59:23,491.75,50,16050
20240229,10:01:20,491.75,50,16050
20240229,10:02:18,512.1,100,16050
20240229,10:03:02,513.9,50,16050
20240229,10:08:01,548.95,100,16200
20240229,10:08:25,559.5,50,16200
20240229,10:08:28,565.85,50,16200
20240229,10:08:31,571.0,50,16200
20240229,10:10:49,587.35,50,16100
20240229,10:12:02,600.0,250,16100
20240229,10:12:19,592.45,50,16100
20240229,10:13:16,616.8,50,15900
20240229,10:13:17,616.8,250,15900
20240229,10:13:52,619.0,50,15900
20240229,10:15:34,619.0,100,15900
20240229,10:18:10,601.85,50,16050
20240229,10:24:22,594.75,50,16050
20240229,10:37:33,589.35,150,16050
20240229,10:58:29,580.2,50,16050
20240229,11:09:15,564.45,200,15950
20240229,11:09:42,558.35,150,16000
20240229,11:15:05,512.75,50,16000
20240229,11:15:33,497.7,50,15650
20240229,11:16:05,510.5,50,15650
20240229,11:16:40,516.4,50,15650
20240229,11:16:45,522.15,50,15650
20240229,11:16:48,521.65,50,15650
20240229,11:18:45,525.05,50,15650
20240229,11:44:35,528.1,50,15600
20240229,11:57:19,528.1,200,15550
20240229,12:07:49,511.6,50,15550
20240229,12:24:20,558.55,50,15550
20240229,12:32:10,574.2,200,15550
20240229,12:33:03,570.7,100,15500
20240229,12:33:56,561.0,50,15500
20240229,12:34:56,547.4,50,15500
20240229,12:45:02,529.55,50,15500
20240229,12:54:46,530.0,50,15500
20240229,13:00:44,539.05,50,15450
20240229,13:14:51,516.0,50,15450
20240229,13:31:07,519.55,100,15450
20240229,13:39:08,526.2,50,15450
20240229,13:40:06,542.25,50,15450
20240229,13:40:23,541.05,50,15450
20240229,13:40:46,543.35,100,15450
20240229,13:49:37,516.0,50,15400
20240229,13:50:30,509.65,100,15350
20240229,13:50:50,509.65,50,15350
20240229,13:50:52,509.65,50,15350
20240229,13:58:36,522.7,50,15300
20240229,14:06:26,540.85,100,15250
20240229,14:09:20,535.7,50,15150
20240229,14:14:10,536.0,100,15200
20240229,14:23:05,539.3,200,15100
20240229,14:32:00,564.75,100,14900
20240229,14:43:11,523.2,50,14900
20240229,14:46:13,518.35,50,14900
20240229,14:55:28,526.7,50,14900
20240229,15:00:32,539.0,50,14850
20240229,15:07:54,533.15,50,14800
20240229,15:09:12,533.15,100,14750
20240229,15:14:08,499.0,450,14750
20240229,15:15:01,494.05,50,14750
20240229,15:15:16,487.95,150,14750
20240229,15:15:36,479.55,50,14750
20240229,15:18:44,479.55,100,14450
20240229,15:18:45,480.3,50,14450
20240229,15:19:54,474.35,100,14450
20240229,15:20:52,464.95,100,14450
20240229,15:22:39,460.55,100,14450
20240229,15:26:07,459.85,200,14450
20240229,15:26:30,458.55,50,14450
20240229,15:26:57,458.55,50,14450
20240229,15:27:22,458.55,50,14450
