date,time,tick_price,volume,open_interest
20231227,15:01:47,576.95,100,100
20231227,15:07:59,537.95,50,100
20231227,15:16:52,537.95,50,150
20231227,15:25:45,550.05,50,200
20231227,15:27:42,544.1,50,200
20231228,09:18:14,506.95,1,250
20231228,09:18:14,506.95,50,250
20231228,09:19:09,507.0,50,250
20231228,09:19:55,507.9,50,250
20231228,09:20:35,507.9,50,250
20231228,09:20:43,492.95,50,250
20231228,09:21:30,487.5,100,500
20231228,09:22:28,482.0,500,500
20231228,09:22:30,482.0,250,500
20231228,09:22:33,483.65,100,500
20231228,09:22:35,482.55,500,500
20231228,09:22:40,483.85,100,500
20231228,09:22:45,484.1,100,500
20231228,09:22:46,483.8,100,500
20231228,09:23:03,484.5,250,500
20231228,09:23:23,487.85,50,500
20231228,09:23:36,485.4,300,500
20231228,09:24:02,483.0,150,2500
20231228,09:24:04,484.85,50,2500
20231228,09:30:32,490.4,50,2700
20231228,09:32:15,492.75,50,2700
20231228,09:33:29,489.2,250,2800
20231228,09:34:30,508.1,50,2800
20231228,09:34:32,509.0,400,2800
20231228,09:41:52,509.0,50,2800
20231228,09:43:04,488.0,50,2800
20231228,09:49:03,486.5,250,2800
20231228,09:50:40,479.0,100,2800
20231228,09:52:14,479.0,50,3150
20231228,09:52:15,483.55,50,3150
20231228,09:54:03,486.35,50,3150
20231228,09:54:20,485.5,50,3150
20231228,09:54:22,486.15,50,3150
20231228,09:55:44,494.0,100,3150
20231228,09:55:46,501.65,800,3150
20231228,09:55:49,504.85,500,3150
20231228,09:55:51,507.45,200,3150
20231228,09:55:53,509.3,400,3150
20231228,09:56:13,495.55,50,3150
20231228,09:57:20,495.8,200,4600
20231228,10:03:00,505.65,50,4700
20231228,10:03:21,521.6,300,4700
20231228,10:03:26,527.4,200,4700
20231228,10:03:31,523.5,850,4700
20231228,10:04:04,518.55,50,4700
20231228,10:05:01,527.9,50,4700
20231228,10:07:25,550.0,100,5800
20231228,10:11:10,550.0,100,5900
20231228,10:11:31,537.6,50,5900
20231228,10:15:57,537.8,50,5950
20231228,10:17:57,527.9,50,5950
20231228,10:18:03,528.1,50,5950
20231228,10:18:08,522.6,50,5950
20231228,10:22:35,541.85,50,6050
20231228,10:23:40,530.0,50,6050
20231228,10:28:41,523.8,50,6100
20231228,10:31:14,516.3,50,6100
20231228,10:31:18,517.25,50,6100
20231228,10:36:36,536.35,400,6100
20231228,10:37:38,530.0,50,6100
20231228,10:37:44,527.6,50,6100
20231228,10:38:04,525.45,50,6100
20231228,10:41:16,530.0,50,6550
20231228,10:44:49,532.5,100,6500
20231228,10:46:56,521.0,50,6400
20231228,10:51:19,518.95,50,6400
20231228,10:51:31,519.35,100,6400
20231228,10:51:59,520.75,100,6400
20231228,10:54:17,531.0,50,6400
20231228,10:56:56,529.95,50,6400
20231228,10:58:24,544.6,50,6400
20231228,11:05:36,530.0,50,6350
20231228,11:07:32,523.05,100,6350
20231228,11:07:59,516.75,50,6350
20231228,11:08:34,509.0,100,6350
20231228,11:08:44,501.95,50,6350
20231228,11:51:11,485.5,50,6500
20231228,12:02:26,479.0,50,6500
20231228,12:02:28,478.5,150,6500
20231228,12:03:27,479.7,50,6700
20231228,12:04:12,474.55,50,6700
20231228,12:09:29,473.95,50,6700
20231228,12:14:35,473.95,50,6700
20231228,12:21:56,470.0,150,6800
20231228,12:27:54,460.0,50,6850
20231228,12:29:36,451.4,50,6850
20231228,12:30:11,451.4,150,6850
20231228,12:33:02,455.5,50,7050
20231228,12:34:06,454.35,400,6950
20231228,12:35:06,455.95,150,6950
20231228,12:37:18,456.05,50,7350
20231228,12:37:33,456.5,50,7350
20231228,12:39:28,455.9,50,7350
20231228,12:39:38,456.7,50,7350
20231228,12:39:41,456.6,400,7350
20231228,12:39:53,455.85,50,7350
20231228,12:45:07,455.0,500,7800
20231228,12:45:08,455.0,250,7800
20231228,12:45:10,455.0,300,7800
20231228,12:45:23,455.0,50,8850
20231228,12:45:25,453.1,1250,8850
20231228,12:45:43,453.2,50,8850
20231228,12:45:45,453.0,100,8850
20231228,12:45:48,453.0,200,8850
20231228,12:48:03,450.4,50,8850
20231228,12:50:27,450.4,150,9650
20231228,12:50:29,463.3,400,9650
20231228,12:50:31,466.05,100,9650
20231228,12:50:32,465.85,100,9650
20231228,12:50:57,475.0,50,9650
20231228,12:50:59,474.1,150,9650
20231228,12:51:01,477.1,100,9650
20231228,12:51:12,472.95,50,9650
20231228,12:51:50,467.55,150,9650
20231228,12:51:51,467.4,100,10100
20231228,12:51:53,465.05,100,10100
20231228,12:51:55,468.9,250,10100
20231228,12:52:19,469.15,150,10100
20231228,12:52:31,471.6,100,10100
20231228,12:52:33,469.95,100,10100
20231228,12:52:34,469.15,400,10100
20231228,12:52:41,470.55,200,10100
20231228,12:53:14,474.2,50,10100
20231228,12:53:19,471.25,50,10100
20231228,12:54:01,469.5,50,10100
20231228,12:58:24,465.7,50,10750
20231228,12:58:26,464.0,50,10750
20231228,12:59:35,471.0,150,10750
20231228,13:00:44,472.35,50,10800
20231228,13:07:46,467.85,50,10800
20231228,13:12:19,460.7,50,10800
20231228,13:13:43,456.05,50,10750
20231228,13:13:46,455.45,500,10750
20231228,13:16:02,462.75,200,11350
20231228,13:21:41,466.85,50,11250
20231228,13:24:02,472.35,50,11250
20231228,13:25:50,473.45,50,11250
20231228,13:28:25,489.85,250,11300
20231228,13:28:53,483.5,500,11300
20231228,13:28:58,482.45,100,11300
20231228,13:29:58,472.15,50,11300
20231228,13:30:32,472.8,50,11950
20231228,13:31:30,472.85,50,11950
20231228,13:32:18,476.8,100,11950
20231228,13:33:01,476.9,50,11950
20231228,13:33:26,481.9,500,12000
20231228,13:34:05,483.2,200,12000
20231228,13:34:52,480.35,50,12000
20231228,13:35:46,481.75,200,12000
20231228,13:36:48,486.75,100,11950
20231228,13:37:00,485.6,50,11950
20231228,13:38:11,477.3,50,11950
20231228,13:38:26,474.95,50,11950
20231228,13:38:46,474.6,300,11950
20231228,13:38:49,473.25,100,11950
20231228,13:39:03,473.9,350,11950
20231228,13:39:46,474.35,350,12900
20231228,13:39:49,474.85,50,12900
20231228,13:40:20,472.8,100,12900
20231228,13:40:50,471.65,50,12900
20231228,13:41:39,469.0,400,12900
20231228,13:41:40,469.25,200,12900
20231228,13:41:43,469.35,150,12900
20231228,13:41:58,468.55,100,12900
20231228,13:42:00,469.7,50,12900
20231228,13:42:02,469.85,150,12900
20231228,13:45:52,480.4,50,14400
20231228,13:46:19,484.4,400,14400
20231228,13:46:21,484.4,150,14400
20231228,13:46:39,479.75,50,14400
20231228,13:46:41,479.25,50,14400
20231228,13:46:43,479.25,100,14400
20231228,13:46:48,480.3,50,14400
20231228,13:47:03,479.15,100,14400
20231228,13:47:06,479.3,50,14400
20231228,13:47:11,478.55,50,14400
20231228,13:47:23,479.05,50,14400
20231228,13:47:49,480.3,50,14400
20231228,13:47:54,477.7,50,14400
20231228,13:47:56,479.6,50,14400
20231228,13:49:32,480.05,50,14900
20231228,13:49:37,479.25,200,14900
20231228,13:49:42,478.95,50,14900
20231228,13:50:00,476.75,50,14900
20231228,13:51:06,477.8,50,14900
20231228,13:52:04,480.35,50,15300
20231228,13:53:01,476.55,50,15300
20231228,13:53:30,476.1,50,15300
20231228,13:53:49,475.55,50,15300
20231228,13:54:27,475.25,50,15500
20231228,13:55:11,474.3,50,15500
20231228,13:55:17,474.95,50,15500
20231228,13:55:44,476.45,200,15500
20231228,13:56:31,478.85,50,15500
20231228,13:56:45,479.05,50,15500
20231228,13:56:51,478.4,50,15500
20231228,13:56:53,478.4,50,15500
20231228,13:56:54,478.4,50,15500
20231228,13:57:24,479.95,50,15500
20231228,13:57:37,479.65,150,16150
20231228,13:57:57,480.65,50,16150
20231228,13:58:31,480.25,50,16150
20231228,13:58:58,483.8,50,16150
20231228,13:59:00,485.85,50,16150
20231228,13:59:26,482.3,50,16150
20231228,13:59:32,481.75,50,16150
20231228,13:59:36,481.3,50,16150
20231228,14:02:20,475.0,50,16550
20231228,14:02:38,472.2,50,16550
20231228,14:02:40,472.0,100,16550
20231228,14:02:41,471.3,100,16550
20231228,14:02:43,470.55,100,16550
20231228,14:02:50,469.15,50,16550
20231228,14:02:51,468.9,50,16550
20231228,14:02:53,468.2,50,16550
20231228,14:02:56,468.55,50,16550
20231228,14:02:58,468.1,100,16550
20231228,14:03:09,464.65,50,16550
20231228,14:03:16,463.1,100,16550
20231228,14:03:49,460.0,400,17400
20231228,14:03:58,459.95,50,17400
20231228,14:04:09,461.4,150,17400
20231228,14:04:17,460.45,50,17400
20231228,14:04:25,459.7,50,17400
20231228,14:05:19,460.65,50,17400
20231228,14:06:28,466.65,50,17850
20231228,14:07:07,463.95,50,17850
20231228,14:07:08,464.15,50,17850
20231228,14:08:20,460.0,50,17850
20231228,14:08:58,462.55,50,17850
20231228,14:10:48,469.6,100,18100
20231228,14:11:11,469.95,200,18100
20231228,14:11:53,473.75,200,18100
20231228,14:12:18,473.65,150,18100
20231228,14:13:45,475.2,100,18050
20231228,14:13:57,476.6,100,18050
20231228,14:15:05,479.6,50,18050
20231228,14:16:30,476.15,50,18100
20231228,14:16:40,475.55,50,18100
20231228,14:16:48,474.9,50,18100
20231228,14:17:34,475.75,50,18100
20231228,14:18:06,476.5,50,18100
20231228,14:18:21,481.05,50,18100
20231228,14:18:32,482.35,100,18400
20231228,14:18:37,481.3,150,18400
20231228,14:18:46,480.7,100,18400
20231228,14:19:06,485.1,50,18400
20231228,14:19:09,487.55,250,18400
20231228,14:19:12,487.8,50,18400
20231228,14:21:37,480.6,100,18900
20231228,14:21:47,481.35,50,18900
20231228,14:23:36,475.45,50,18900
20231228,14:24:29,476.45,200,18900
20231228,14:24:42,475.45,50,19100
20231228,14:25:04,477.75,50,19100
20231228,14:25:45,476.75,50,19100
20231228,14:25:57,476.7,100,19100
20231228,14:26:00,475.55,100,19100
20231228,14:26:32,472.15,50,19100
20231228,14:28:59,467.65,50,19000
20231228,14:29:11,468.35,50,19000
20231228,14:30:23,475.8,100,19000
20231228,14:31:36,475.8,50,19200
20231228,14:31:49,470.85,50,19200
20231228,14:31:58,470.55,50,19200
20231228,14:38:32,475.85,150,19350
20231228,14:38:34,475.85,50,19350
20231228,14:41:52,477.75,10950,19550
20231228,14:41:54,472.55,16200,19550
20231228,14:41:55,477.5,5600,19550
20231228,14:42:03,477.15,50,19550
20231228,14:42:06,476.35,250,19550
20231228,14:42:19,476.4,50,19550
20231228,14:42:36,475.75,50,41450
20231228,14:43:19,477.5,50,41450
20231228,14:44:03,479.2,50,41450
20231228,14:44:11,480.5,50,41450
20231228,14:44:56,476.25,100,41450
20231228,14:45:00,477.05,50,41450
20231228,14:45:19,476.35,50,41450
20231228,14:45:20,475.9,150,41450
20231228,14:46:02,476.45,100,42000
20231228,14:46:37,477.35,100,42000
20231228,14:47:15,479.25,1650,42000
20231228,14:47:20,479.85,50,42000
20231228,14:47:21,481.0,100,42000
20231228,14:47:23,481.0,50,42000
20231228,14:47:54,482.6,50,42000
20231228,14:48:01,482.2,100,42000
20231228,14:48:25,485.7,50,42000
20231228,14:48:38,486.6,50,42350
20231228,14:48:39,487.25,550,42350
20231228,14:48:44,489.45,150,42350
20231228,14:48:46,489.45,50,42350
20231228,14:48:54,493.4,50,42350
20231228,14:48:57,494.9,50,42350
20231228,14:49:01,491.45,3000,42350
20231228,14:49:02,492.1,300,42350
20231228,14:49:04,492.75,50,42350
20231228,14:49:06,492.85,50,42350
20231228,14:49:24,490.7,50,42350
20231228,14:49:32,488.7,50,42350
20231228,14:50:09,482.0,50,42350
20231228,14:50:13,482.3,50,42350
20231228,14:51:55,482.95,50,44800
20231228,14:52:55,483.0,50,44800
20231228,14:53:22,484.55,50,44800
20231228,14:53:32,484.95,50,44800
20231228,14:53:37,485.0,50,44800
20231228,14:53:40,485.0,150,44800
20231228,14:54:24,486.65,100,44800
20231228,14:54:39,485.55,200,45000
20231228,14:54:41,485.15,100,45000
20231228,14:54:45,484.8,100,45000
20231228,14:55:11,482.6,100,45000
20231228,14:55:19,477.45,50,45000
20231228,14:55:21,476.55,50,45000
20231228,14:55:26,475.2,50,45000
20231228,14:55:31,474.05,50,45000
20231228,14:55:57,475.15,50,45000
20231228,14:55:59,474.3,100,45000
20231228,14:56:21,473.3,100,45000
20231228,14:56:24,473.65,50,45000
20231228,14:56:25,474.1,50,45000
20231228,14:56:30,474.85,100,45000
20231228,14:56:37,473.9,100,45000
20231228,14:56:42,473.75,50,45000
20231228,14:56:50,474.35,50,45000
20231228,14:56:53,472.85,2500,45000
20231228,14:56:55,474.6,50,45000
20231228,14:57:02,474.9,50,45000
20231228,14:57:13,473.7,50,45000
20231228,14:57:17,471.6,100,45000
20231228,14:57:20,467.9,50,45000
20231228,14:57:39,459.6,650,46150
20231228,14:57:40,461.6,900,46150
20231228,14:57:55,463.8,50,46150
20231228,14:58:05,460.9,900,46150
20231228,14:58:07,462.1,50,46150
20231228,14:58:10,460.65,200,46150
20231228,14:58:24,461.6,50,46150
20231228,14:58:29,460.0,50,46150
20231228,14:58:47,460.8,50,46150
20231228,14:58:49,460.95,100,46150
20231228,14:59:12,467.3,100,46150
20231228,14:59:17,467.8,50,46150
20231228,14:59:21,467.95,50,46150
20231228,14:59:33,469.95,50,46150
20231228,14:59:38,467.5,150,46150
20231228,14:59:44,467.6,100,46150
20231228,14:59:46,468.1,200,46150
20231228,15:00:01,468.4,100,46150
20231228,15:00:10,458.3,150,46150
20231228,15:00:31,455.5,100,46150
20231228,15:00:32,456.2,50,46150
20231228,15:00:35,456.5,50,46150
20231228,15:00:40,458.1,50,46000
20231228,15:00:43,458.35,100,46000
20231228,15:00:48,465.35,50,46000
20231228,15:00:59,467.35,100,46000
20231228,15:01:06,459.75,650,46000
20231228,15:01:08,460.3,50,46000
20231228,15:01:11,459.1,100,46000
20231228,15:01:29,467.6,50,46000
20231228,15:01:32,470.4,50,46000
20231228,15:01:50,475.2,100,46000
20231228,15:01:59,480.0,50,46000
20231228,15:02:00,479.9,50,46000
20231228,15:02:34,475.45,350,46000
20231228,15:02:54,470.55,250,46000
20231228,15:03:02,471.55,50,46000
20231228,15:03:07,472.75,50,46000
20231228,15:03:22,471.9,350,46000
20231228,15:03:58,466.05,300,46000
20231228,15:04:43,468.6,50,46000
20231228,15:05:18,466.75,50,46000
20231228,15:05:58,462.0,50,46000
20231228,15:06:00,461.5,150,46000
20231228,15:06:01,458.5,50,46000
20231228,15:06:13,462.0,50,46000
20231228,15:06:26,463.2,50,46000
20231228,15:06:44,464.4,50,46300
20231228,15:07:00,462.15,50,46300
20231228,15:07:25,462.0,50,46300
20231228,15:07:45,460.0,50,46300
20231228,15:08:05,459.75,200,46300
20231228,15:08:20,461.45,50,46300
20231228,15:08:33,460.1,50,46300
20231228,15:09:18,458.55,100,46300
20231228,15:11:35,466.3,50,46350
20231228,15:11:59,465.45,250,46350
20231228,15:12:12,466.65,50,46350
20231228,15:12:49,466.8,150,46350
20231228,15:14:00,473.7,150,46350
20231228,15:14:13,470.75,200,46350
20231228,15:14:15,471.25,50,46350
20231228,15:14:21,470.2,50,46350
20231228,15:14:31,469.95,150,46350
20231228,15:14:33,467.85,50,46350
20231228,15:15:49,461.05,100,46350
20231228,15:16:09,460.95,1100,46850
20231228,15:16:42,459.55,50,46850
20231228,15:17:00,459.0,50,46850
20231228,15:17:07,459.5,100,46850
20231228,15:17:08,460.9,100,46850
20231228,15:17:43,464.65,100,46850
20231228,15:19:33,464.3,50,46850
20231228,15:21:26,466.7,50,47400
20231228,15:21:33,467.3,50,47400
20231228,15:21:44,467.5,100,47400
20231228,15:21:55,468.5,150,47400
20231228,15:22:01,468.95,550,47400
20231228,15:22:58,475.0,50,47400
20231228,15:23:06,475.2,50,47400
20231228,15:24:11,496.3,250,47400
20231228,15:24:24,503.45,100,47400
20231228,15:24:26,503.95,100,47400
20231228,15:24:32,504.2,50,47400
20231228,15:24:37,504.05,50,47400
20231228,15:24:42,508.15,50,47400
20231228,15:24:57,503.2,50,46850
20231228,15:24:59,499.2,200,46850
20231228,15:25:04,498.0,50,46850
20231228,15:25:12,492.0,50,46850
20231228,15:25:16,489.75,250,46850
20231228,15:26:16,493.35,50,46850
20231228,15:26:45,502.05,50,46850
20231228,15:27:11,497.25,400,46850
20231228,15:27:18,494.85,600,46850
20231228,15:27:31,495.05,200,46850
20231228,15:27:33,495.05,150,46850
20231228,15:27:36,495.0,50,46850
20231228,15:27:38,495.0,50,46850
20231228,15:27:58,495.0,50,46550
20231228,15:28:32,498.05,200,46550
20231228,15:28:34,498.0,900,46550
20231228,15:28:59,495.95,200,46550
20231228,15:29:02,495.0,50,46550
20231228,15:29:11,495.0,50,46550
20231228,15:29:12,494.0,100,46550
20231228,15:29:26,494.5,1650,46550
20231228,15:29:28,493.0,850,46550
20231228,15:29:30,494.4,1200,46550
20231228,15:29:31,494.05,1500,46550
20231228,15:29:33,492.6,800,46550
20231228,15:29:35,493.3,500,46550
20231228,15:29:36,494.45,950,46550
20231228,15:29:38,494.4,650,46550
20231228,15:29:40,494.5,400,46550
20231228,15:29:41,497.0,900,46550
20231228,15:29:43,497.6,400,46550
20231228,15:29:45,498.55,200,46550
20231228,15:29:46,494.75,350,46550
20231228,15:29:48,494.1,400,46550
20231228,15:29:50,498.4,250,46550
20231228,15:29:51,494.5,300,46550
20231228,15:29:53,501.2,50,46550
20231229,09:15:18,534.95,1,47550
20231229,09:15:18,535.1,1,47550
20231229,09:15:18,534.15,600,47550
20231229,09:15:19,536.5,600,47550
20231229,09:15:23,545.4,50,47550
20231229,09:15:32,556.45,50,47550
20231229,09:15:44,556.45,100,47550
20231229,09:16:37,555.55,50,47550
20231229,09:16:56,553.7,50,47550
20231229,09:17:05,554.25,50,47550
20231229,09:18:07,562.05,50,47450
20231229,09:18:23,562.05,150,47450
20231229,09:18:26,562.65,50,47450
20231229,09:18:32,562.65,50,47450
20231229,09:18:34,560.55,200,47450
20231229,09:18:34,557.5,50,47450
20231229,09:18:36,559.3,50,47450
20231229,09:18:37,558.0,50,47450
20231229,09:18:50,557.25,500,47450
20231229,09:19:01,560.0,50,47450
20231229,09:19:06,561.5,50,47450
20231229,09:19:13,559.4,50,47450
20231229,09:19:16,554.05,200,47450
20231229,09:19:17,556.4,50,47450
20231229,09:19:20,556.25,200,47450
20231229,09:20:05,556.25,50,47450
20231229,09:20:10,554.25,50,47500
20231229,09:20:39,548.9,150,47500
20231229,09:20:48,540.0,50,47500
20231229,09:20:49,539.3,50,47500
20231229,09:21:45,552.95,50,47500
20231229,09:22:47,545.0,50,47500
20231229,09:22:52,544.7,50,47500
20231229,09:23:51,540.0,50,47550
20231229,09:23:58,537.7,100,47550
20231229,09:24:11,530.95,50,47550
20231229,09:24:12,529.65,100,47550
20231229,09:24:15,529.65,50,47550
20231229,09:25:26,532.95,50,47550
20231229,09:25:59,535.1,50,47550
20231229,09:26:03,532.0,100,47550
20231229,09:26:05,530.0,50,47550
20231229,09:26:09,530.6,250,47600
20231229,09:26:11,530.65,50,47600
20231229,09:27:10,529.3,50,47600
20231229,09:27:20,528.55,50,47600
20231229,09:28:31,528.55,150,47600
20231229,09:28:32,530.8,100,47600
20231229,09:28:34,531.2,100,47600
20231229,09:29:21,523.05,50,47000
20231229,09:29:49,520.0,100,47000
20231229,09:29:50,520.0,50,47000
20231229,09:29:51,519.75,50,47000
20231229,09:29:54,519.75,100,47000
20231229,09:30:01,523.6,150,47000
20231229,09:30:06,521.15,1100,47000
20231229,09:30:08,525.6,250,47000
20231229,09:30:17,526.05,50,47000
20231229,09:30:23,527.45,150,47000
20231229,09:30:32,528.0,100,47000
20231229,09:30:33,527.9,100,47000
20231229,09:30:52,520.0,50,47000
20231229,09:30:55,518.95,50,47000
20231229,09:30:55,518.95,200,47000
20231229,09:31:04,518.95,150,47000
20231229,09:31:09,521.7,50,47000
20231229,09:31:35,520.35,50,47000
20231229,09:31:53,523.35,50,47000
20231229,09:31:55,523.65,100,47000
20231229,09:32:30,522.2,50,46750
20231229,09:32:41,519.05,50,46750
20231229,09:32:43,520.25,50,46750
20231229,09:32:47,517.5,100,46750
20231229,09:32:48,516.3,100,46750
20231229,09:32:49,516.3,100,46750
20231229,09:32:49,518.1,50,46750
20231229,09:32:55,515.0,50,46750
20231229,09:33:22,510.8,50,46750
20231229,09:33:39,510.8,100,46750
20231229,09:33:48,510.8,50,46750
20231229,09:34:13,507.95,50,46750
20231229,09:34:37,503.25,100,46750
20231229,09:34:44,500.05,50,46750
20231229,09:34:54,500.05,200,46750
20231229,09:35:03,503.45,50,46750
20231229,09:35:32,502.1,100,46350
20231229,09:36:03,511.7,550,46350
20231229,09:36:04,510.1,650,46350
20231229,09:36:09,512.1,100,46350
20231229,09:36:24,510.0,450,46350
20231229,09:39:21,521.5,50,46300
20231229,09:39:31,523.0,50,46300
20231229,09:39:37,523.45,50,46300
20231229,09:40:20,527.45,50,46300
20231229,09:40:56,528.7,200,46300
20231229,09:42:02,533.0,600,46100
20231229,09:42:11,537.45,50,46100
20231229,09:42:12,538.45,50,46100
20231229,09:42:45,533.8,450,46100
20231229,09:42:47,531.9,100,46100
20231229,09:43:23,527.9,100,46100
20231229,09:43:29,533.2,50,46100
20231229,09:44:18,538.3,150,46250
20231229,09:44:26,537.5,100,46250
20231229,09:44:35,536.35,100,46250
20231229,09:45:58,539.4,100,46250
20231229,09:48:07,539.25,50,46250
20231229,09:48:14,535.5,150,46350
20231229,09:48:24,532.7,200,46350
20231229,09:50:03,540.55,50,46350
20231229,09:51:12,540.5,50,46300
20231229,09:51:15,540.55,50,46300
20231229,09:53:08,550.0,50,46300
20231229,09:53:33,542.15,50,46300
20231229,09:55:52,542.05,50,46300
20231229,09:55:58,545.6,1000,46300
20231229,09:56:02,543.45,50,46300
20231229,09:56:20,543.35,50,47200
20231229,09:58:51,552.95,50,47200
20231229,09:59:51,560.0,50,47200
20231229,10:00:25,554.05,50,47200
20231229,10:03:06,544.0,50,47200
20231229,10:03:31,543.7,500,47200
20231229,10:06:14,546.0,50,46750
20231229,10:07:17,551.15,100,46750
20231229,10:07:31,556.0,50,46750
20231229,10:07:38,560.95,100,46750
20231229,10:07:44,563.35,250,46750
20231229,10:07:56,574.75,650,46750
20231229,10:08:05,574.9,100,46750
20231229,10:08:11,577.2,150,46750
20231229,10:08:13,577.2,200,46750
20231229,10:08:25,577.95,50,46750
20231229,10:08:26,581.0,50,46750
20231229,10:08:31,582.5,100,46750
20231229,10:08:36,585.3,1450,46750
20231229,10:08:39,585.3,50,46750
20231229,10:09:17,582.65,250,46750
20231229,10:09:34,584.45,50,46750
20231229,10:09:35,585.0,100,46750
20231229,10:10:26,594.5,400,46750
20231229,10:11:54,594.5,50,47350
20231229,10:14:59,615.75,350,47300
20231229,10:15:01,610.85,50,47300
20231229,10:15:23,609.4,350,47300
20231229,10:15:24,607.6,550,47300
20231229,10:15:25,608.05,50,47300
20231229,10:15:48,606.8,50,47300
20231229,10:15:57,609.1,50,47300
20231229,10:16:35,605.0,300,47300
20231229,10:17:36,595.1,50,47300
20231229,10:17:39,598.3,50,47300
20231229,10:18:28,595.55,150,47300
20231229,10:19:05,589.7,50,47300
20231229,10:19:23,589.65,100,47300
20231229,10:19:46,586.15,50,47300
20231229,10:19:51,585.45,50,47300
20231229,10:20:25,588.85,100,47300
20231229,10:20:33,593.4,150,47300
20231229,10:21:40,576.8,150,47300
20231229,10:21:42,574.0,250,47300
20231229,10:21:53,575.7,100,47300
20231229,10:22:01,579.45,100,47300
20231229,10:22:13,568.7,50,47300
20231229,10:22:18,572.3,50,47300
20231229,10:22:31,574.75,250,47300
20231229,10:22:57,578.5,1000,47300
20231229,10:23:06,579.15,150,47300
20231229,10:23:25,576.05,50,48500
20231229,10:24:06,564.0,50,48500
20231229,10:24:30,567.35,50,48500
20231229,10:25:49,557.65,50,48500
20231229,10:26:18,558.0,50,48550
20231229,10:26:45,563.35,50,48550
20231229,10:27:05,567.45,50,48550
20231229,10:33:34,542.0,50,48550
20231229,10:33:52,538.0,50,48500
20231229,10:34:09,537.5,50,48500
20231229,10:34:13,538.65,50,48500
20231229,10:35:19,538.6,100,48600
20231229,10:35:45,544.0,50,48600
20231229,10:37:08,530.7,100,48600
20231229,10:37:12,531.95,50,48600
20231229,10:37:13,533.65,50,48600
20231229,10:37:19,534.95,50,48600
20231229,10:37:38,534.6,50,48600
20231229,10:37:40,535.1,150,48600
20231229,10:37:41,533.75,400,48600
20231229,10:38:29,537.4,50,48500
20231229,10:38:40,539.5,200,48500
20231229,10:39:12,539.3,50,48500
20231229,10:39:27,537.65,50,48500
20231229,10:39:56,536.95,50,48500
20231229,10:41:55,541.25,50,48650
20231229,10:43:10,538.55,50,48650
20231229,10:46:11,534.35,50,48500
20231229,10:46:29,534.25,50,48500
20231229,10:46:37,528.1,250,48500
20231229,10:46:44,524.75,150,48500
20231229,10:46:46,524.3,100,48500
20231229,10:46:47,521.95,500,48500
20231229,10:46:48,522.9,200,48500
20231229,10:47:30,528.0,50,47850
20231229,10:48:10,533.75,50,47850
20231229,10:49:09,540.75,50,47850
20231229,10:50:27,538.65,50,47750
20231229,10:54:25,556.0,50,47750
20231229,10:57:05,542.75,50,47750
20231229,10:57:25,546.65,50,47750
20231229,10:58:53,548.0,200,47750
20231229,10:59:48,553.2,50,47950
20231229,11:02:58,555.8,400,47950
20231229,11:04:14,558.55,50,47950
20231229,11:11:21,559.75,100,47950
20231229,11:14:31,547.9,100,47850
20231229,11:14:41,551.3,50,47850
20231229,11:14:56,550.65,50,47850
20231229,11:16:59,539.65,50,47850
20231229,11:17:52,540.65,100,47850
20231229,11:19:19,535.95,100,47850
20231229,11:19:51,535.65,50,47850
20231229,11:20:09,532.0,50,47850
20231229,11:20:14,532.05,250,47850
20231229,11:23:09,538.4,100,47800
20231229,11:24:28,532.0,50,47800
20231229,11:24:35,529.2,100,47800
20231229,11:28:43,522.35,50,47800
20231229,11:30:37,528.1,50,47800
20231229,11:31:31,526.65,50,47800
20231229,11:32:47,530.3,50,47850
20231229,11:32:56,531.8,50,47850
20231229,11:34:38,520.0,50,47850
20231229,11:35:54,511.05,200,47850
20231229,11:36:10,510.45,50,47850
20231229,11:39:28,519.05,50,47800
20231229,11:40:24,526.45,350,47800
20231229,11:42:04,520.0,50,47700
20231229,11:42:53,522.05,50,47700
20231229,11:50:20,535.0,50,47750
20231229,11:55:35,527.1,1000,47750
20231229,11:57:18,525.9,50,47750
20231229,11:59:04,519.0,50,47750
20231229,12:01:25,527.65,900,47750
20231229,12:03:19,524.25,50,48000
20231229,12:05:39,524.65,50,48000
20231229,12:09:19,520.25,50,48000
20231229,12:09:36,515.0,50,48000
20231229,12:11:12,521.0,50,48000
20231229,12:11:23,520.2,50,48000
20231229,12:11:32,519.35,50,48000
20231229,12:11:53,514.65,50,48000
20231229,12:14:44,516.9,100,47950
20231229,12:16:45,507.4,100,47950
20231229,12:17:41,511.0,150,48050
20231229,12:18:41,510.0,150,48050
20231229,12:18:58,509.75,50,48050
20231229,12:19:35,503.0,100,48050
20231229,12:19:50,506.85,50,48050
20231229,12:20:14,505.0,50,48050
20231229,12:20:58,504.7,50,48050
20231229,12:21:13,497.8,150,48100
20231229,12:27:06,497.8,50,48150
20231229,12:28:34,508.85,50,48150
20231229,12:29:17,511.25,50,48150
20231229,12:30:02,516.15,50,48200
20231229,12:30:17,522.3,50,48200
20231229,12:32:32,523.2,100,48200
20231229,12:32:37,527.15,50,48150
20231229,12:32:48,526.35,50,48150
20231229,12:33:59,524.35,50,48150
20231229,12:34:40,527.45,50,48150
20231229,12:35:37,527.1,200,48150
20231229,12:35:58,529.8,50,48150
20231229,12:36:05,528.7,50,48150
20231229,12:37:31,525.2,100,48150
20231229,12:39:42,538.6,200,48350
20231229,12:39:47,540.8,50,48350
20231229,12:39:53,540.8,50,48350
20231229,12:40:08,537.85,50,48350
20231229,12:40:09,538.4,150,48350
20231229,12:40:10,538.6,150,48350
20231229,12:40:11,538.05,250,48350
20231229,12:40:23,538.6,50,48350
20231229,12:40:39,541.1,100,48350
20231229,12:40:41,539.75,50,48350
20231229,12:41:01,536.55,100,48350
20231229,12:43:16,541.4,50,49000
20231229,12:43:56,544.55,50,49000
20231229,12:44:17,547.55,50,49000
20231229,12:45:19,541.35,50,49050
20231229,12:47:05,543.4,1000,49050
20231229,12:52:09,547.2,100,50000
20231229,12:53:13,545.2,100,50000
20231229,12:56:01,545.75,50,50000
20231229,12:58:09,540.95,50,50050
20231229,12:58:49,539.6,100,50050
20231229,12:59:43,543.95,50,50000
20231229,12:59:55,548.9,50,50000
20231229,13:04:05,533.35,50,50000
20231229,13:04:06,532.35,50,50000
20231229,13:05:48,530.55,50,50100
20231229,13:13:49,523.3,150,50050
20231229,13:14:52,522.35,50,50200
20231229,13:16:07,520.05,100,50200
20231229,13:17:29,518.0,150,50200
20231229,13:18:26,516.7,300,50250
20231229,13:20:16,526.65,50,50250
20231229,13:31:07,549.8,150,50550
20231229,13:31:57,542.85,150,50550
20231229,13:32:43,540.05,150,50450
20231229,13:34:16,540.85,100,50450
20231229,13:34:23,539.1,50,50450
20231229,13:35:15,535.65,50,50450
20231229,13:39:01,546.3,150,50500
20231229,13:39:10,549.55,150,50500
20231229,13:39:25,549.15,150,50500
20231229,13:41:11,545.45,50,50500
20231229,13:47:12,521.75,50,50600
20231229,13:49:21,537.35,50,50550
20231229,13:53:42,530.4,50,50600
20231229,14:02:32,530.05,50,50600
20231229,14:04:21,517.45,50,50600
20231229,14:04:52,520.1,150,50600
20231229,14:04:53,521.5,100,50600
20231229,14:07:33,532.0,100,50650
20231229,14:08:39,536.05,50,50650
20231229,14:11:25,540.75,50,50600
20231229,14:11:39,537.0,50,50600
20231229,14:12:44,545.0,100,50600
20231229,14:13:36,553.05,150,50600
20231229,14:14:06,560.0,50,50600
20231229,14:14:37,561.15,200,50600
20231229,14:15:39,563.65,50,50400
20231229,14:15:50,558.65,50,50400
20231229,14:15:51,565.3,450,50400
20231229,14:15:52,564.65,300,50400
20231229,14:16:28,564.65,50,50400
20231229,14:16:59,567.2,50,50400
20231229,14:17:07,565.25,600,50400
20231229,14:17:09,562.55,150,50400
20231229,14:19:53,567.0,50,50850
20231229,14:21:38,559.2,150,50850
20231229,14:23:16,569.75,50,50850
20231229,14:23:39,569.4,50,50850
20231229,14:24:35,576.0,50,50900
20231229,14:24:55,584.0,50,50900
20231229,14:25:28,580.35,150,50900
20231229,14:28:47,568.3,50,50900
20231229,14:28:52,568.55,50,50950
20231229,14:30:03,567.55,50,50900
20231229,14:30:40,558.9,50,50900
20231229,14:34:44,548.9,50,50900
20231229,14:35:20,540.9,50,50900
20231229,14:41:13,532.85,100,50950
20231229,14:44:01,544.0,50,51000
20231229,14:44:06,541.7,50,51000
20231229,14:44:10,542.1,50,51000
20231229,14:44:14,543.65,50,51000
20231229,14:44:18,543.9,50,51000
20231229,14:44:22,543.9,50,51000
20231229,14:44:25,544.8,50,51000
20231229,14:44:30,546.7,50,51000
20231229,14:44:34,544.6,100,51000
20231229,14:44:38,544.7,50,51000
20231229,14:44:42,544.0,50,51000
20231229,14:44:46,544.5,50,51000
20231229,14:44:49,544.9,50,51000
20231229,14:44:53,545.65,50,51000
20231229,14:44:57,546.0,50,51100
20231229,14:45:01,547.2,50,51100
20231229,14:45:06,542.9,50,51100
20231229,14:45:09,540.35,50,51100
20231229,14:45:14,539.85,50,51100
20231229,14:45:17,539.8,50,51100
20231229,14:46:15,536.5,50,51100
20231229,14:48:10,530.5,150,51250
20231229,14:48:16,533.4,50,51250
20231229,14:48:20,534.7,100,51250
20231229,14:48:26,536.7,950,51250
20231229,14:48:29,535.75,150,51250
20231229,14:51:06,531.35,800,50000
20231229,14:51:53,524.0,50,50000
20231229,14:52:12,519.4,200,50000
20231229,14:52:37,515.85,50,50000
20231229,14:53:51,526.0,50,50000
20231229,14:58:20,514.2,50,50000
20231229,14:59:57,511.1,100,50750
20231229,15:00:17,499.55,50,50750
20231229,15:01:38,490.0,50,50750
20231229,15:01:50,484.2,1800,50750
20231229,15:02:01,484.2,250,50750
20231229,15:02:02,490.4,50,50750
20231229,15:02:31,506.05,50,50750
20231229,15:02:56,505.75,50,50850
20231229,15:04:00,503.45,50,50850
20231229,15:04:43,500.0,200,50850
20231229,15:05:07,501.65,100,50850
20231229,15:06:25,516.75,600,50700
20231229,15:06:26,516.3,50,50700
20231229,15:06:28,516.25,50,50700
20231229,15:07:38,503.05,50,50700
20231229,15:07:51,508.0,100,50700
20231229,15:09:21,524.25,250,50150
20231229,15:10:26,524.0,100,50150
20231229,15:10:30,523.45,50,50150
20231229,15:11:32,515.2,100,50150
20231229,15:11:47,517.7,50,50150
20231229,15:14:21,530.5,50,49800
20231229,15:14:34,530.6,250,49800
20231229,15:14:40,529.45,1800,49800
20231229,15:14:41,529.3,600,49800
20231229,15:15:03,525.5,150,51550
20231229,15:15:12,523.85,100,51550
20231229,15:15:58,518.5,150,51550
20231229,15:17:46,530.0,50,51550
20231229,15:18:03,528.55,100,51850
20231229,15:19:03,528.55,200,51850
20231229,15:19:40,530.1,100,51850
20231229,15:19:55,532.0,100,51850
20231229,15:20:01,531.0,50,51850
20231229,15:22:33,530.0,100,51900
20231229,15:24:20,542.5,50,51900
20231229,15:24:41,539.4,50,52000
20231229,15:24:47,542.1,50,52000
20231229,15:25:05,538.4,50,52000
20231229,15:25:25,541.0,150,52000
20231229,15:25:51,541.75,50,52000
20231229,15:26:03,543.55,100,52000
20231229,15:26:10,541.0,100,52000
20231229,15:26:32,539.85,150,52000
20231229,15:26:33,539.05,350,52000
20231229,15:26:41,539.95,150,52000
20231229,15:26:44,540.35,150,52000
20231229,15:27:05,539.05,50,52250
20231229,15:27:12,540.0,300,52250
20231229,15:27:15,539.55,500,52250
20231229,15:27:17,538.7,150,52250
20231229,15:27:20,537.9,100,52250
20231229,15:27:46,532.55,100,52250
20231229,15:28:09,532.25,50,52250
20231229,15:28:28,529.65,100,52250
20231229,15:29:54,539.1,50,52250
20240101,09:15:03,564.15,1,51750
20240101,09:15:03,564.15,50,51750
20240101,09:16:34,574.0,600,51750
20240101,09:16:47,574.05,100,51750
20240101,09:17:57,578.9,50,51250
20240101,09:18:01,578.9,50,51250
20240101,09:18:10,571.15,50,51250
20240101,09:19:08,579.6,50,51250
20240101,09:20:16,589.05,50,51250
20240101,09:20:23,590.4,50,51300
20240101,09:27:26,590.4,50,51300
20240101,09:29:15,583.6,50,51300
20240101,09:30:04,581.15,100,51350
20240101,09:30:19,589.4,50,51350
20240101,09:31:58,588.65,50,51350
20240101,09:35:00,575.0,100,51300
20240101,09:35:39,569.55,100,51200
20240101,09:35:49,567.85,50,51200
20240101,09:36:10,573.05,100,51200
20240101,09:36:21,571.6,250,51200
20240101,09:38:10,576.0,1800,51200
20240101,09:39:59,592.9,50,49750
20240101,09:40:05,597.1,450,49750
20240101,09:40:22,597.1,450,49750
20240101,09:40:23,590.5,150,49750
20240101,09:44:20,577.25,50,49650
20240101,09:45:05,571.6,50,49650
20240101,09:45:36,572.5,50,49650
20240101,09:45:38,572.55,50,49650
20240101,09:45:44,572.4,50,49650
20240101,09:46:32,572.4,500,49650
20240101,09:46:58,558.2,500,49650
20240101,09:47:35,558.2,50,49200
20240101,09:47:59,561.85,50,49200
20240101,09:49:45,551.35,50,49200
20240101,09:49:49,550.55,100,49200
20240101,09:50:03,550.55,50,49200
20240101,09:50:07,549.85,50,49200
20240101,09:50:10,549.85,50,49200
20240101,09:50:16,550.75,200,49200
20240101,09:50:24,552.45,50,49050
20240101,09:50:26,552.75,50,49050
20240101,09:50:28,553.95,50,49050
20240101,09:50:36,553.55,50,49050
20240101,09:50:41,553.1,100,49050
20240101,09:50:43,553.45,100,49050
20240101,09:50:49,556.65,50,49050
20240101,09:50:51,557.0,50,49050
20240101,09:50:53,556.15,50,49050
20240101,09:51:36,550.65,50,49050
20240101,09:52:03,549.0,50,49050
20240101,09:52:04,548.6,50,49050
20240101,09:52:09,547.0,100,49050
20240101,09:52:13,547.0,50,49050
20240101,09:52:16,548.35,50,49050
20240101,09:52:25,550.65,50,49050
20240101,09:52:46,549.45,100,49050
20240101,09:52:47,549.3,50,49050
20240101,09:53:00,548.95,50,49050
20240101,09:53:07,546.2,100,49050
20240101,09:53:11,546.2,50,49050
20240101,09:53:14,548.55,50,49050
20240101,09:53:16,548.3,150,49050
20240101,09:53:17,548.3,50,49050
20240101,09:53:18,548.15,50,49050
20240101,09:53:22,547.5,150,49800
20240101,09:53:25,547.45,50,49800
20240101,09:53:26,546.45,250,49800
20240101,09:53:29,547.15,100,49800
20240101,09:53:30,546.8,50,49800
20240101,09:53:32,546.15,100,49800
20240101,09:53:37,545.75,50,49800
20240101,09:53:41,543.15,50,49800
20240101,09:53:43,542.0,50,49800
20240101,09:53:45,542.0,50,49800
20240101,09:53:49,541.8,100,49800
20240101,09:53:52,541.8,50,49800
20240101,09:53:54,540.95,250,49800
20240101,09:53:55,540.3,150,49800
20240101,09:54:00,538.55,100,49800
20240101,09:54:05,535.2,50,49800
20240101,09:54:08,535.2,100,49800
20240101,09:54:13,539.6,50,49800
20240101,09:54:16,538.3,50,49800
20240101,09:54:18,538.1,50,49800
20240101,09:54:20,537.7,50,49800
20240101,09:54:23,538.55,50,49800
20240101,09:54:30,537.55,50,49800
20240101,09:54:36,538.1,50,49800
20240101,09:54:40,537.45,50,49800
20240101,09:54:41,536.0,250,49800
20240101,09:54:43,537.35,50,49800
20240101,09:54:44,537.7,100,49800
20240101,09:54:45,537.65,50,49800
20240101,09:54:46,537.45,50,49800
20240101,09:55:07,540.05,400,49800
20240101,09:56:20,535.2,50,49800
20240101,09:57:49,535.2,50,52550
20240101,10:00:02,536.75,50,52600
20240101,10:05:48,547.0,350,52600
20240101,10:12:02,563.3,50,48450
20240101,10:14:14,560.55,50,48450
20240101,10:15:12,560.45,50,48450
20240101,10:17:14,568.0,50,48450
20240101,10:24:03,575.45,50,48450
20240101,10:32:49,556.9,50,48500
20240101,10:33:47,555.9,50,48500
20240101,10:45:05,539.8,50,48450
20240101,10:46:50,536.55,50,48450
20240101,10:46:54,536.55,50,48450
20240101,10:57:04,530.6,50,48450
20240101,10:57:12,530.6,50,48450
20240101,10:59:04,536.85,50,48450
20240101,10:59:20,536.85,50,48450
20240101,11:00:02,536.5,50,48600
20240101,11:01:04,525.0,200,48600
20240101,11:02:39,525.0,50,48550
20240101,11:03:46,539.0,50,48550
20240101,11:17:06,542.0,200,48550
20240101,11:27:06,533.0,1000,48450
20240101,11:29:37,529.05,50,49450
20240101,11:29:56,527.7,50,49450
20240101,11:30:52,525.0,300,49450
20240101,11:33:29,535.05,50,49450
20240101,11:36:40,538.9,100,49450
20240101,11:38:23,540.0,50,49450
20240101,11:45:47,540.35,50,49550
20240101,11:46:46,545.2,50,49550
20240101,11:52:04,537.75,50,49550
20240101,12:01:55,559.75,50,49500
20240101,12:02:03,555.8,50,49500
20240101,12:02:07,553.5,50,49500
20240101,12:05:20,544.95,50,49600
20240101,12:06:04,544.35,100,49550
20240101,12:10:42,525.0,100,49600
20240101,12:11:16,527.95,50,49600
20240101,12:12:24,521.3,50,49600
20240101,12:16:36,521.3,50,49550
20240101,12:18:52,521.3,50,49600
20240101,12:20:07,535.7,50,49600
20240101,12:21:19,537.0,100,49550
20240101,12:21:31,537.85,50,49550
20240101,12:22:25,539.05,250,49550
20240101,12:23:29,544.75,50,49550
20240101,12:23:37,542.35,250,49550
20240101,12:25:55,549.45,150,49600
20240101,12:27:24,546.0,150,49700
20240101,12:28:30,547.85,50,49700
20240101,12:28:40,550.05,50,49700
20240101,12:29:09,550.05,200,49700
20240101,12:29:20,549.1,50,49700
20240101,12:30:23,553.0,100,49750
20240101,12:31:19,553.0,100,49750
20240101,12:32:25,549.4,100,49750
20240101,12:33:11,545.25,150,49750
20240101,12:34:52,542.7,150,49750
20240101,12:36:22,540.05,100,49750
20240101,12:37:23,542.6,50,49750
20240101,12:37:50,542.7,100,49750
20240101,12:39:52,539.05,150,49700
20240101,12:46:30,536.25,100,49700
20240101,12:47:00,531.05,50,49700
20240101,12:47:08,529.7,50,49700
20240101,12:56:16,520.0,200,49600
20240101,13:05:22,520.0,50,49600
20240101,13:06:43,523.7,50,49600
20240101,13:09:27,527.7,50,49650
20240101,13:15:04,520.0,50,49650
20240101,13:15:11,518.55,100,49650
20240101,13:22:02,518.1,50,49550
20240101,13:30:01,510.0,100,49550
20240101,13:31:29,510.0,150,49550
20240101,13:33:23,517.65,50,49550
20240101,13:34:56,523.5,50,49550
20240101,13:41:53,523.1,50,49600
20240101,13:42:00,523.5,100,49600
20240101,13:42:44,524.6,50,49600
20240101,13:43:01,526.3,50,49600
20240101,13:44:43,528.4,100,49600
20240101,13:44:49,530.0,300,49600
20240101,13:49:39,516.4,150,49550
20240101,13:50:41,508.95,50,49550
20240101,13:50:44,507.95,1800,49550
20240101,13:50:48,509.65,50,49550
20240101,13:50:54,508.55,50,49550
20240101,13:51:14,508.35,100,49750
20240101,13:52:51,517.0,100,49750
20240101,13:53:46,514.5,100,49750
20240101,13:57:10,501.0,50,49850
20240101,13:58:06,489.4,50,49850
20240101,13:58:27,489.4,200,49850
20240101,14:00:02,489.4,50,49650
20240101,14:00:22,489.0,50,49650
20240101,14:01:06,485.1,150,49650
20240101,14:01:44,482.95,250,49650
20240101,14:02:02,473.1,1400,49650
20240101,14:02:03,471.55,1300,49650
20240101,14:02:37,467.25,150,49650
20240101,14:02:39,467.0,50,49650
20240101,14:02:44,462.95,50,49650
20240101,14:02:46,462.95,900,49650
20240101,14:03:12,465.0,50,49450
20240101,14:03:32,467.45,300,49450
20240101,14:05:15,451.0,450,49450
20240101,14:05:30,451.0,150,49450
20240101,14:06:33,455.7,250,49950
20240101,14:07:48,460.4,50,49950
20240101,14:08:39,457.8,50,49950
20240101,14:10:04,456.0,150,50200
20240101,14:10:29,460.85,300,50200
20240101,14:11:47,445.0,100,50200
20240101,14:11:50,445.0,150,50200
20240101,14:11:54,444.5,300,50200
20240101,14:11:55,442.0,100,50200
20240101,14:12:07,442.0,50,49750
20240101,14:12:56,440.55,50,49750
20240101,14:13:11,440.55,50,49750
20240101,14:13:31,436.75,50,49750
20240101,14:13:35,436.75,50,49750
20240101,14:14:28,437.75,150,49750
20240101,14:16:17,440.3,50,49850
20240101,14:16:24,437.75,300,49850
20240101,14:19:11,440.0,100,49850
20240101,14:19:54,442.15,100,49850
20240101,14:20:18,440.0,50,49850
20240101,14:21:39,447.5,150,49650
20240101,14:22:10,447.5,50,49650
20240101,14:22:22,450.0,50,49650
20240101,14:22:49,448.1,100,49650
20240101,14:22:59,448.1,100,49650
20240101,14:23:05,448.1,50,49650
20240101,14:24:27,440.3,50,49450
20240101,14:25:01,448.1,50,49450
20240101,14:27:56,455.0,50,49450
20240101,14:28:08,449.45,150,49450
20240101,14:28:09,449.45,350,49450
20240101,14:28:11,450.0,100,49450
20240101,14:28:52,448.1,50,49450
20240101,14:29:38,446.15,100,49450
20240101,14:30:11,442.95,100,49450
20240101,14:30:37,442.95,50,49450
20240101,14:31:56,448.25,100,49450
20240101,14:33:26,450.65,100,49550
20240101,14:33:48,449.0,500,49550
20240101,14:34:43,448.0,100,49550
20240101,14:36:28,438.0,50,49550
20240101,14:38:11,447.15,1800,49550
20240101,14:38:30,448.0,50,49550
20240101,14:39:22,448.6,100,49700
20240101,14:40:28,445.25,50,49700
20240101,14:40:39,442.1,1800,49700
20240101,14:40:42,442.85,50,49700
20240101,14:41:43,443.0,500,49700
20240101,14:41:57,430.0,50,49700
20240101,14:42:15,425.15,100,49650
20240101,14:42:27,419.6,50,49650
20240101,14:42:29,417.1,50,49650
20240101,14:42:44,417.1,50,49650
20240101,14:42:49,412.5,50,49650
20240101,14:42:52,412.5,50,49650
20240101,14:42:58,413.2,50,49650
20240101,14:43:58,406.35,200,49650
20240101,14:44:04,402.45,100,49650
20240101,14:44:18,402.45,50,49650
20240101,14:44:36,402.95,50,49650
20240101,14:44:40,400.7,50,49650
20240101,14:44:48,398.95,100,49650
20240101,14:45:24,398.95,50,49600
20240101,14:45:28,398.95,150,49600
20240101,14:45:29,399.15,500,49600
20240101,14:45:30,398.25,50,49600
20240101,14:45:51,398.25,50,49600
20240101,14:45:57,405.15,50,49600
20240101,14:46:04,403.0,500,49600
20240101,14:46:15,402.4,100,49600
20240101,14:46:52,404.95,50,49600
20240101,14:46:53,404.05,50,49600
20240101,14:47:00,403.0,500,49600
20240101,14:47:21,401.05,250,49600
20240101,14:47:42,402.8,100,49600
20240101,14:47:56,404.05,50,49600
20240101,14:48:12,405.0,500,49600
20240101,14:48:23,401.05,50,49600
20240101,14:49:02,403.75,50,49600
20240101,14:49:12,394.5,150,49600
20240101,14:49:16,394.5,150,49600
20240101,14:49:17,393.75,150,49600
20240101,14:49:18,391.75,350,49600
20240101,14:49:29,392.55,50,49600
20240101,14:49:41,390.0,50,49600
20240101,14:49:52,388.1,300,49600
20240101,14:50:28,377.3,50,49600
20240101,14:50:29,375.75,50,49600
20240101,14:50:37,375.75,200,49600
20240101,14:51:12,387.15,200,49700
20240101,14:51:13,388.1,100,49700
20240101,14:51:23,384.0,500,49700
20240101,14:51:59,384.0,500,49700
20240101,14:52:38,386.0,500,49700
20240101,14:53:40,390.0,200,49700
20240101,14:53:45,388.0,100,49700
20240101,14:53:51,387.15,50,49700
20240101,14:54:06,391.2,50,49850
20240101,14:54:10,392.45,50,49850
20240101,14:55:02,392.0,200,49850
20240101,14:55:12,394.0,200,49850
20240101,14:55:30,390.8,50,49850
20240101,14:55:53,394.0,500,49850
20240101,14:56:42,395.5,150,49850
20240101,14:57:00,394.0,950,49850
20240101,14:57:30,395.95,500,49750
20240101,14:57:47,396.4,100,49750
20240101,14:58:47,390.85,50,49750
20240101,14:58:57,392.95,500,49750
20240101,14:59:12,393.0,300,49750
20240101,14:59:17,393.0,100,49750
20240101,14:59:29,394.6,50,49750
20240101,14:59:35,393.85,50,49750
20240101,14:59:48,391.55,200,49750
20240101,15:00:23,386.0,50,49600
20240101,15:00:35,386.2,250,49600
20240101,15:00:42,383.7,250,49600
20240101,15:01:15,396.5,50,49600
20240101,15:01:31,424.0,500,49600
20240101,15:01:34,421.4,50,49600
20240101,15:01:35,421.35,200,49600
20240101,15:02:09,410.15,150,49600
20240101,15:02:27,416.55,450,49600
20240101,15:02:45,408.95,150,49600
20240101,15:03:34,420.0,50,50100
20240101,15:03:52,421.3,150,50100
20240101,15:03:55,420.0,400,50100
20240101,15:04:24,416.75,150,50100
20240101,15:05:10,415.6,50,50100
20240101,15:06:10,413.05,50,50450
20240101,15:06:38,417.0,400,50450
20240101,15:07:14,418.55,50,50450
20240101,15:07:32,422.8,50,50450
20240101,15:07:34,425.0,50,50450
20240101,15:07:35,425.05,50,50450
20240101,15:07:44,431.75,50,50450
20240101,15:08:06,444.9,300,50450
20240101,15:08:16,444.8,50,50450
20240101,15:08:23,439.1,150,50450
20240101,15:08:27,447.15,200,50450
20240101,15:08:31,447.95,150,50450
20240101,15:08:37,456.4,50,50450
20240101,15:09:03,470.85,200,50450
20240101,15:09:12,470.3,50,50800
20240101,15:09:13,467.1,150,50800
20240101,15:09:15,466.05,150,50800
20240101,15:09:25,465.3,100,50800
20240101,15:09:33,467.85,500,50800
20240101,15:09:47,468.7,50,50800
20240101,15:09:59,473.25,50,50800
20240101,15:10:18,484.65,50,50800
20240101,15:10:30,499.8,100,50800
20240101,15:10:38,491.55,150,50800
20240101,15:10:41,493.05,50,50800
20240101,15:10:42,497.0,500,50800
20240101,15:10:44,502.3,150,50800
20240101,15:10:50,499.35,200,50800
20240101,15:11:03,496.35,100,50800
20240101,15:11:04,496.15,200,50800
20240101,15:11:12,493.65,100,50800
20240101,15:11:26,501.7,100,50800
20240101,15:11:29,504.5,50,50800
20240101,15:11:55,507.7,50,50800
20240101,15:12:28,499.65,500,50550
20240101,15:12:39,507.7,150,50550
20240101,15:12:43,512.0,500,50550
20240101,15:12:58,511.0,550,50550
20240101,15:13:14,511.65,150,50550
20240101,15:13:38,519.1,50,50550
20240101,15:14:09,514.95,100,50550
20240101,15:14:31,522.0,50,50550
20240101,15:14:34,519.1,100,50550
20240101,15:14:37,515.0,100,50550
20240101,15:15:02,514.0,150,50550
20240101,15:15:06,513.0,100,50550
20240101,15:15:10,514.65,50,49850
20240101,15:15:14,515.25,100,49850
20240101,15:15:26,515.0,50,49850
20240101,15:15:41,513.05,50,49850
20240101,15:15:51,511.95,100,49850
20240101,15:17:03,511.15,50,49850
20240101,15:17:41,506.45,50,49850
20240101,15:19:08,510.0,50,49900
20240101,15:20:10,515.65,50,49900
20240101,15:20:21,524.45,50,49900
20240101,15:20:29,528.95,50,49900
20240101,15:20:52,533.9,50,49900
20240101,15:20:53,535.05,100,49900
20240101,15:21:02,537.95,150,49900
20240101,15:21:08,534.7,50,49900
20240101,15:21:22,537.95,50,50000
20240101,15:21:55,555.0,50,50000
20240101,15:22:32,565.0,200,50000
20240101,15:22:49,561.45,50,50000
20240101,15:23:50,565.2,250,50000
20240101,15:24:05,567.0,200,50000
20240101,15:24:10,566.35,150,50000
20240101,15:24:27,567.25,50,50150
20240101,15:24:41,566.35,50,50150
20240101,15:25:02,565.95,50,50150
20240101,15:25:03,567.3,250,50150
20240101,15:25:51,567.8,150,50150
20240101,15:26:04,570.45,50,50150
20240101,15:26:37,567.8,150,50150
20240101,15:27:00,569.55,250,50150
20240101,15:27:06,571.0,150,50150
20240101,15:27:28,573.1,50,49750
20240101,15:27:29,574.6,50,49750
20240101,15:27:42,579.8,150,49750
20240101,15:27:43,582.0,1050,49750
20240101,15:27:59,576.25,400,49750
20240101,15:28:01,577.05,50,49750
20240101,15:28:14,574.75,100,49750
20240101,15:28:22,571.1,100,49750
20240101,15:28:42,574.25,50,49750
20240101,15:28:45,575.0,50,49750
20240101,15:29:06,579.0,50,49750
20240101,15:29:11,578.0,50,49750
20240101,15:29:17,576.0,50,49750
20240101,15:29:20,575.1,50,49750
20240101,15:29:28,574.95,50,49750
20240101,15:29:41,574.3,50,49750
20240102,09:16:27,547.35,1,48850
20240102,09:16:27,547.35,50,48850
20240102,09:16:29,561.2,50,48850
20240102,09:17:01,561.2,50,48850
20240102,09:18:28,564.65,50,48850
20240102,09:20:09,564.65,100,48850
20240102,09:20:30,550.75,50,48850
20240102,09:20:33,554.0,50,48850
20240102,09:21:03,555.9,50,48850
20240102,09:22:43,566.4,50,48850
20240102,09:22:54,570.0,100,48850
20240102,09:24:23,577.3,50,48900
20240102,09:24:35,577.3,50,48900
20240102,09:24:36,577.35,50,48900
20240102,09:26:05,577.35,50,48900
20240102,09:26:06,567.95,50,48900
20240102,09:26:16,566.15,50,48900
20240102,09:27:06,557.0,50,48950
20240102,09:27:34,560.0,50,48950
20240102,09:28:20,554.15,50,48950
20240102,09:29:33,555.55,100,48850
20240102,09:29:35,554.15,50,48850
20240102,09:30:36,549.1,50,48850
20240102,09:31:25,555.35,100,48850
20240102,09:35:13,561.55,50,48900
20240102,09:38:33,554.05,50,48950
20240102,09:38:45,556.15,50,48950
20240102,09:38:57,556.0,50,48950
20240102,09:39:44,551.7,50,48950
20240102,09:40:49,551.25,50,48950
20240102,09:41:25,540.0,100,48800
20240102,09:41:48,536.7,50,48800
20240102,09:43:10,532.2,100,48800
20240102,09:44:23,532.2,400,48800
20240102,09:44:36,539.25,150,48950
20240102,09:46:12,542.25,100,48950
20240102,09:46:53,541.8,150,48950
20240102,09:47:38,537.0,50,48950
20240102,09:54:33,560.0,50,48900
20240102,09:54:53,566.0,200,48900
20240102,09:55:10,569.25,50,48900
20240102,09:56:20,586.05,50,48900
20240102,09:56:33,592.7,50,49100
20240102,09:56:37,595.0,50,49100
20240102,09:56:47,601.9,50,49100
20240102,09:57:01,601.9,50,49100
20240102,09:57:02,601.3,50,49100
20240102,09:57:28,619.25,50,49100
20240102,09:57:40,619.25,50,49100
20240102,09:57:41,611.45,200,49100
20240102,09:58:05,611.9,100,49100
20240102,09:58:46,622.85,50,49100
20240102,09:58:52,622.85,100,49100
20240102,09:59:07,626.65,50,49100
20240102,09:59:21,630.0,100,49100
20240102,09:59:31,632.95,50,49050
20240102,09:59:40,632.95,50,49050
20240102,09:59:44,630.25,100,49050
20240102,10:00:06,639.9,900,49050
20240102,10:00:13,642.3,100,49050
20240102,10:00:24,642.3,50,49050
20240102,10:00:54,633.65,50,49050
20240102,10:00:59,632.75,500,49050
20240102,10:01:00,635.05,50,49050
20240102,10:01:17,644.35,50,49050
20240102,10:01:45,644.35,50,49050
20240102,10:01:47,627.35,50,49050
20240102,10:02:03,633.35,50,49050
20240102,10:02:04,630.8,50,49050
20240102,10:03:01,624.3,50,48600
20240102,10:06:34,619.1,100,48600
20240102,10:07:00,613.35,50,48600
20240102,10:07:40,613.35,500,48600
20240102,10:09:16,613.15,50,48150
20240102,10:10:01,620.3,100,48150
20240102,10:10:11,615.1,100,48150
20240102,10:10:23,622.55,50,48150
20240102,10:11:00,622.65,50,48150
20240102,10:12:12,621.85,50,48100
20240102,10:13:22,621.85,50,48100
20240102,10:15:01,610.75,200,48150
20240102,10:15:02,606.95,50,48150
20240102,10:16:02,611.55,50,48150
20240102,10:17:58,619.15,50,48200
20240102,10:18:11,611.9,100,48200
20240102,10:19:59,618.85,100,48200
20240102,10:20:18,615.85,50,48200
20240102,10:20:23,616.1,50,48200
20240102,10:20:31,617.75,50,48200
20240102,10:20:36,615.5,50,48200
20240102,10:20:46,615.95,250,48200
20240102,10:20:56,618.0,100,48200
20240102,10:21:11,625.0,50,48200
20240102,10:22:16,625.0,50,48200
20240102,10:22:54,630.0,300,48200
20240102,10:23:52,636.65,50,48200
20240102,10:24:01,633.65,50,48150
20240102,10:25:54,649.45,50,48150
20240102,10:26:31,658.8,100,48100
20240102,10:27:00,658.8,50,48100
20240102,10:27:15,660.15,50,48100
20240102,10:27:58,660.15,50,48100
20240102,10:29:15,657.0,50,48100
20240102,10:29:22,659.9,50,48100
20240102,10:29:53,662.65,250,48150
20240102,10:30:00,665.0,50,48150
20240102,10:30:48,665.0,50,48150
20240102,10:31:05,660.2,50,48150
20240102,10:37:16,696.6,200,48150
20240102,10:37:44,696.6,400,48100
20240102,10:37:55,696.4,50,48100
20240102,10:40:01,710.7,50,47800
20240102,10:40:06,711.7,50,47800
20240102,10:41:04,716.75,50,47800
20240102,10:42:09,716.75,1000,47900
20240102,10:42:13,698.6,50,47900
20240102,10:42:14,698.5,1000,47900
20240102,10:42:44,687.0,100,47900
20240102,10:44:38,682.0,50,46900
20240102,10:48:31,672.15,50,46900
20240102,10:55:43,668.8,50,46900
20240102,10:57:21,679.9,50,46850
20240102,10:57:37,669.0,50,46850
20240102,10:57:38,667.3,50,46850
20240102,10:59:17,651.15,50,46850
20240102,11:03:35,672.2,10500,46800
20240102,11:06:32,678.2,1400,50250
20240102,11:06:33,679.15,5600,50250
20240102,11:06:42,676.2,50,50250
20240102,11:07:51,669.45,100,50250
20240102,11:08:58,672.5,500,54250
20240102,11:10:08,670.5,1800,54250
20240102,11:10:14,670.85,1800,54250
20240102,11:10:18,672.15,1800,54250
20240102,11:10:24,673.35,350,54250
20240102,11:11:10,670.5,50,54250
20240102,11:11:46,669.45,100,57200
20240102,11:12:15,673.0,600,57200
20240102,11:13:31,680.0,50,57200
20240102,11:15:03,681.9,100,56500
20240102,11:15:35,690.25,50,56500
20240102,11:16:51,691.35,50,56500
20240102,11:17:08,690.05,50,56500
20240102,11:18:11,682.85,100,56500
20240102,11:21:00,673.8,250,56500
20240102,11:21:18,669.25,50,56500
20240102,11:22:34,663.85,100,56500
20240102,11:24:32,664.2,50,56650
20240102,11:30:29,667.65,50,56600
20240102,11:30:47,665.8,100,56600
20240102,11:33:08,679.6,50,56450
20240102,11:34:08,675.95,50,56450
20240102,11:36:57,700.95,100,56400
20240102,11:38:51,663.5,50,56450
20240102,11:39:45,664.55,100,56450
20240102,11:40:52,664.45,50,56450
20240102,11:50:55,688.35,50,56300
20240102,12:13:05,668.75,50,56250
20240102,12:17:06,640.25,50,56200
20240102,12:18:59,640.7,500,56150
20240102,12:19:38,637.2,50,56150
20240102,12:20:17,641.05,200,56150
20240102,12:22:26,660.0,250,56100
20240102,12:22:56,656.95,200,56100
20240102,12:23:08,650.0,50,56100
20240102,12:35:34,636.95,50,56100
20240102,12:35:48,638.2,50,56150
20240102,12:37:34,638.2,50,56200
20240102,12:37:45,639.05,100,56200
20240102,12:40:14,642.95,50,56200
20240102,12:41:30,635.85,50,56200
20240102,12:43:42,635.8,200,56200
20240102,12:47:02,639.7,200,56250
20240102,12:55:01,640.3,400,56050
20240102,12:57:57,656.0,50,55650
20240102,12:59:57,656.25,100,55650
20240102,13:02:17,664.3,150,55650
20240102,13:03:24,664.0,50,55450
20240102,13:03:56,679.3,50,55450
20240102,13:04:01,680.0,250,55450
20240102,13:04:05,683.2,50,55450
20240102,13:09:44,670.0,50,55700
20240102,13:17:30,668.5,250,55650
20240102,13:18:46,666.15,50,55400
20240102,13:25:48,663.25,50,55450
20240102,13:30:15,668.65,50,55450
20240102,13:34:29,650.45,50,55450
20240102,13:35:10,650.45,50,55450
20240102,13:38:21,649.8,50,55400
20240102,14:10:11,621.45,50,55400
20240102,14:10:13,621.6,200,55400
20240102,14:10:14,622.65,400,55400
20240102,14:10:15,621.6,50,55400
20240102,14:10:17,621.0,50,55400
20240102,14:10:18,619.2,50,55400
20240102,14:10:40,621.35,250,55400
20240102,14:10:46,619.2,50,55400
20240102,14:11:05,615.3,50,55400
20240102,14:11:26,612.9,50,55400
20240102,14:11:45,608.25,50,55400
20240102,14:11:48,610.0,50,55400
20240102,14:12:12,610.0,250,54800
20240102,14:13:56,592.95,200,54800
20240102,14:15:40,603.7,200,54800
20240102,14:16:18,606.15,200,54800
20240102,14:17:59,610.0,200,54800
20240102,14:24:04,621.55,250,54750
20240102,14:25:50,620.5,50,54500
20240102,14:41:23,586.2,250,54500
20240102,14:42:13,586.2,250,54650
20240102,14:48:32,595.0,250,54650
20240102,14:48:38,595.0,50,54650
20240102,14:55:39,618.0,50,54850
20240102,14:59:10,623.0,50,54850
20240102,14:59:31,630.0,250,54850
20240102,15:00:49,610.75,250,55100
20240102,15:06:44,614.85,50,55100
20240102,15:07:17,628.1,50,55100
20240102,15:08:21,641.35,50,55100
20240102,15:08:30,645.95,250,55100
20240102,15:12:25,662.1,500,55250
20240102,15:15:11,636.55,150,55250
20240102,15:16:58,636.0,100,55800
20240102,15:17:55,637.2,50,55800
20240102,15:19:04,641.05,50,55500
20240102,15:19:16,643.0,50,55500
20240102,15:20:05,645.05,50,55500
20240102,15:21:34,643.4,250,55500
20240102,15:22:37,648.55,50,55500
20240102,15:25:02,649.25,50,55450
20240102,15:27:41,653.2,50,55400
20240102,15:27:47,653.95,100,55400
20240102,15:29:16,650.1,250,55400
20240103,09:15:07,684.6,1,55400
20240103,09:15:07,684.55,500,55400
20240103,09:16:19,691.35,50,55400
20240103,09:17:31,691.35,50,55400
20240103,09:18:52,686.0,50,55400
20240103,09:19:23,684.5,50,55400
20240103,09:19:48,683.7,50,55400
20240103,09:22:22,683.7,50,55450
20240103,09:23:39,694.0,50,55450
20240103,09:24:58,691.55,50,55450
20240103,09:28:54,683.35,50,55450
20240103,09:33:52,683.35,2000,55400
20240103,09:33:53,682.4,4000,55400
20240103,09:33:54,681.75,5250,55400
20240103,09:33:55,681.15,1500,55400
20240103,09:33:56,680.9,4250,55400
20240103,09:33:57,682.4,500,55400
20240103,09:37:13,705.55,100,51900
20240103,09:37:17,705.55,50,51900
20240103,09:37:20,703.6,200,51900
20240103,09:37:21,703.75,1600,51900
20240103,09:37:27,705.45,1800,51900
20240103,09:37:32,705.1,1800,51900
20240103,09:37:37,705.9,400,51900
20240103,09:39:55,714.05,50,51900
20240103,09:40:06,714.05,50,46200
20240103,09:40:42,711.85,50,46200
20240103,09:43:51,734.5,50,46100
20240103,09:47:07,734.5,50,46100
20240103,09:53:44,714.5,50,46100
20240103,09:55:11,714.45,300,46100
20240103,10:01:07,725.0,50,45800
20240103,10:01:50,722.15,50,45800
20240103,10:04:22,700.0,50,45850
20240103,10:05:21,725.0,100,45850
20240103,10:05:44,726.75,50,45850
20240103,10:18:01,713.0,500,45800
20240103,10:18:15,712.0,50,45800
20240103,10:20:45,733.6,250,45800
20240103,10:20:55,743.15,150,45800
20240103,10:22:33,749.0,50,45800
20240103,10:24:58,749.0,100,45650
20240103,10:29:00,716.0,50,45550
20240103,10:29:42,726.95,200,45550
20240103,10:37:55,704.0,50,45350
20240103,10:40:58,721.0,50,45300
20240103,10:44:14,724.0,50,45300
20240103,10:47:53,730.4,100,45300
20240103,10:50:47,740.0,50,45200
20240103,10:56:44,725.0,100,45200
20240103,11:07:48,718.0,50,45100
20240103,11:07:51,717.0,50,45100
20240103,11:08:12,716.0,50,45100
20240103,11:08:13,715.0,50,45100
20240103,11:19:17,713.0,50,45100
20240103,11:19:45,711.0,100,45100
20240103,11:19:46,712.05,50,45100
20240103,11:22:22,705.0,50,45100
20240103,11:29:27,720.6,50,45100
20240103,11:30:19,718.7,400,45100
20240103,11:30:59,718.3,50,45100
20240103,11:32:58,730.0,50,45050
20240103,11:45:25,710.0,50,45050
20240103,11:47:20,700.0,50,45050
20240103,11:51:17,688.0,50,45050
20240103,11:51:51,685.0,50,45050
20240103,12:05:28,710.0,50,45000
20240103,12:08:39,725.0,100,45000
20240103,12:14:35,719.75,250,45000
20240103,12:15:24,721.25,250,45250
20240103,12:45:29,753.1,50,45000
20240103,12:57:18,753.1,50,45000
20240103,13:00:02,726.45,50,45000
20240103,13:00:06,726.9,50,44950
20240103,13:00:10,727.05,50,44950
20240103,13:00:13,727.1,50,44950
20240103,13:00:17,725.75,50,44950
20240103,13:00:21,726.4,50,44950
20240103,13:00:26,728.75,50,44950
20240103,13:00:30,729.05,50,44950
20240103,13:00:33,728.5,50,44950
20240103,13:00:37,728.65,50,44950
20240103,13:00:42,728.3,50,44950
20240103,13:00:46,727.35,50,44950
20240103,13:00:50,725.35,50,44950
20240103,13:00:54,723.8,50,44950
20240103,13:00:57,715.85,50,44950
20240103,13:01:02,718.8,50,44950
20240103,13:01:06,716.7,50,44950
20240103,13:01:10,715.95,50,44950
20240103,13:01:14,718.4,50,44950
20240103,13:01:18,718.85,50,44950
20240103,13:01:21,717.85,50,44950
20240103,13:01:26,719.0,50,44950
20240103,13:01:29,720.8,50,44950
20240103,13:01:33,720.7,50,44950
20240103,13:01:37,719.1,50,44950
20240103,13:01:42,717.65,50,44950
20240103,13:01:45,719.05,50,44950
20240103,13:01:49,719.55,50,44950
20240103,13:01:53,720.4,50,44950
20240103,13:01:57,718.8,50,44950
20240103,13:02:01,718.85,50,44950
20240103,13:02:06,719.6,50,44950
20240103,13:02:10,720.7,50,44950
20240103,13:02:14,723.5,50,44950
20240103,13:02:18,723.5,50,44950
20240103,13:02:22,721.4,50,44950
20240103,13:02:26,722.4,50,44950
20240103,13:02:29,723.0,50,44950
20240103,13:02:33,725.25,50,44950
20240103,13:02:37,725.95,50,44950
20240103,13:02:41,723.85,50,44950
20240103,13:16:09,722.0,50,44750
20240103,13:38:53,715.0,50,44750
20240103,13:53:28,727.0,700,44750
20240103,13:53:53,724.0,250,44750
20240103,13:57:35,740.0,50,44750
20240103,13:58:08,740.0,50,44750
20240103,13:58:32,740.75,50,44750
20240103,13:59:09,733.5,250,44750
20240103,14:00:40,727.65,500,44750
20240103,14:04:46,726.6,50,44750
20240103,14:07:37,721.25,50,44750
20240103,14:20:10,758.5,50,44750
20240103,14:50:07,766.4,150,44750
20240103,15:15:02,799.75,50,44750
20240103,15:15:08,801.35,50,44750
20240103,15:15:10,802.25,50,44750
20240103,15:15:16,804.9,50,44750
20240103,15:15:20,804.9,50,44750
20240103,15:15:22,801.0,50,44750
20240103,15:15:27,802.75,50,44750
20240103,15:15:30,803.95,50,44750
20240103,15:15:33,803.55,50,44750
20240103,15:15:38,802.7,50,44750
20240103,15:15:49,804.05,50,44750
20240103,15:16:55,814.65,50,44750
20240103,15:18:32,814.65,150,44700
20240103,15:18:36,811.3,50,44700
20240103,15:20:02,796.2,50,44700
20240103,15:20:06,796.25,50,44700
20240103,15:20:11,797.0,50,44700
20240103,15:20:14,796.5,50,44700
20240103,15:20:18,798.95,50,44700
20240103,15:20:25,797.0,100,44700
20240103,15:20:33,796.55,100,44700
20240103,15:20:39,797.15,50,44700
20240103,15:22:37,798.05,50,44550
20240103,15:25:10,795.85,50,44550
20240103,15:26:55,794.45,100,44550
20240103,15:29:16,789.5,50,44550
20240104,09:17:12,709.9,1,44550
20240104,09:17:12,709.9,50,44550
20240104,09:17:41,720.95,50,44550
20240104,09:20:53,720.95,50,44550
20240104,09:28:03,696.5,50,44550
20240104,09:28:24,695.1,50,44550
20240104,09:28:52,694.85,100,44550
20240104,09:30:37,692.9,1250,44550
20240104,09:30:39,692.0,1250,44450
20240104,09:37:17,699.25,100,41950
20240104,09:37:26,692.35,500,41950
20240104,09:37:39,689.4,500,41950
20240104,09:38:45,687.55,100,41600
20240104,09:38:50,686.65,300,41600
20240104,09:39:53,691.6,100,41600
20240104,09:45:59,686.0,50,41100
20240104,09:47:10,686.0,50,41100
20240104,09:48:34,700.0,500,41050
20240104,09:51:33,694.05,2450,41050
20240104,09:53:29,700.85,50,38800
20240104,09:58:52,700.0,50,38800
20240104,10:00:57,695.85,50,38800
20240104,10:14:13,666.35,400,38800
20240104,10:18:31,660.2,150,38700
20240104,10:21:07,650.8,100,38700
20240104,10:25:08,650.8,100,38700
20240104,10:38:27,660.65,50,38650
20240104,10:48:33,660.45,50,38650
20240104,10:48:36,660.5,50,38650
20240104,11:07:35,654.3,100,38600
20240104,11:08:23,654.25,100,38600
20240104,11:12:32,657.0,500,38600
20240104,11:13:41,657.0,150,38600
20240104,11:13:41,657.0,350,38600
20240104,11:15:04,655.0,500,38600
20240104,11:18:33,655.7,500,38600
20240104,11:19:15,664.9,50,38600
20240104,11:19:53,660.65,500,38600
20240104,11:23:00,662.0,500,38550
20240104,11:23:50,662.0,500,38550
20240104,11:24:57,661.75,50,38550
20240104,11:25:10,663.0,500,38550
20240104,11:25:13,662.85,50,38550
20240104,11:26:10,664.0,500,38550
20240104,11:27:33,665.0,500,38600
20240104,11:31:40,662.0,400,38600
20240104,11:33:29,665.0,450,38600
20240104,11:42:05,655.8,50,38600
20240104,12:08:34,654.1,1700,38600
20240104,12:08:36,654.05,1700,38600
20240104,12:08:42,653.7,400,38600
20240104,12:08:48,653.5,300,34800
20240104,12:23:07,644.85,250,34500
20240104,12:24:04,638.7,50,34500
20240104,12:39:19,638.7,400,34500
20240104,12:42:31,644.8,100,34900
20240104,12:50:43,646.35,50,34900
20240104,12:51:01,647.4,50,34900
20240104,12:54:01,648.7,9000,34900
20240104,12:54:02,648.85,23400,34900
20240104,12:54:02,648.6,100,34900
20240104,12:54:10,647.85,1100,34900
20240104,12:54:15,646.35,250,34900
20240104,13:00:14,653.45,50,34900
20240104,13:00:23,652.0,50,24700
20240104,13:11:09,642.85,50,24700
20240104,13:12:10,645.7,50,24700
20240104,13:18:50,649.0,50,24650
20240104,13:27:12,647.2,1000,24650
20240104,13:29:06,653.45,50,24600
20240104,13:30:51,653.05,400,23600
20240104,13:35:56,653.05,400,23300
20240104,13:37:31,647.0,50,23300
20240104,13:40:06,641.15,100,22900
20240104,13:41:08,641.0,50,22900
20240104,13:43:00,645.0,50,22800
20240104,13:53:39,648.75,100,22800
20240104,14:03:58,654.3,50,22700
20240104,14:05:28,652.35,50,22700
20240104,14:11:12,649.0,50,22650
20240104,14:21:14,652.0,50,22650
20240104,14:26:46,657.35,50,22600
20240104,14:27:01,658.9,500,22600
20240104,14:27:43,657.9,50,22550
20240104,14:27:58,661.45,50,22550
20240104,14:28:42,661.55,50,22550
20240104,14:29:00,661.55,50,22550
20240104,14:29:09,660.5,500,22550
20240104,14:31:13,656.05,50,21950
20240104,14:33:34,659.05,50,21900
20240104,14:46:23,654.8,50,21900
20240104,15:00:44,651.05,50,21850
20240104,15:00:51,649.9,50,21850
20240104,15:04:20,651.35,150,21800
20240104,15:07:37,648.35,50,21750
20240104,15:08:05,648.9,50,21750
20240104,15:08:06,649.0,50,21750
20240104,15:09:02,651.05,100,21750
20240104,15:10:50,650.9,50,21600
20240104,15:13:22,650.35,150,21550
20240104,15:13:36,650.2,100,21550
20240104,15:14:01,650.4,100,21550
20240104,15:15:27,650.05,50,21500
20240104,15:16:00,648.3,200,21500
20240104,15:16:21,648.15,50,21500
20240104,15:16:45,648.2,50,21500
20240104,15:17:05,648.4,100,21500
20240104,15:17:28,649.0,50,21500
20240104,15:19:58,647.15,100,21450
20240104,15:20:57,645.9,50,21450
20240104,15:21:08,646.0,50,21450
20240104,15:23:23,644.15,50,21250
20240104,15:24:09,642.3,50,21250
20240104,15:26:04,640.8,100,21300
20240104,15:29:30,639.3,100,21300
