date,time,tick_price,volume,open_interest
20240215,12:33:42,1.25,1,750
20240215,12:33:42,1.2,750,750
20240215,12:36:30,1.25,250,750
20240215,12:38:31,1.3,350,1000
20240215,12:42:58,1.3,250,1350
20240215,13:00:30,1.3,250,1600
20240215,13:00:48,1.3,50,1600
20240215,13:03:18,1.3,400,1850
20240215,13:03:24,1.3,50,1850
20240215,13:11:02,1.3,150,2100
20240215,13:57:47,1.3,1000,2250
20240215,13:58:02,1.65,50,2250
20240215,14:27:28,1.65,200,2250
20240215,14:54:55,1.5,50,2250
20240215,14:55:24,1.3,50,2250
20240215,14:57:28,1.5,50,2250
20240215,15:00:39,1.5,200,2250
20240215,15:04:15,1.85,2200,2050
20240215,15:04:31,1.55,550,2050
20240215,15:11:18,1.5,500,3800
20240215,15:22:57,1.5,900,3800
20240215,15:24:05,1.5,200,3800
20240216,09:15:25,1.4,1,3800
20240216,09:15:25,1.4,50,3800
20240216,09:16:20,1.35,50,3700
20240216,09:16:50,1.3,100,3700
20240216,09:17:29,1.3,500,3700
20240216,09:17:56,1.35,500,3700
20240216,09:21:15,1.3,100,3700
20240216,09:22:04,1.3,100,3800
20240216,09:23:22,1.3,50,3800
20240216,09:23:24,1.3,50,3800
20240216,09:23:25,1.3,50,3800
20240216,09:23:34,1.3,50,3800
20240216,09:23:49,1.3,50,3800
20240216,09:25:36,1.3,500,3950
20240216,09:27:20,1.2,1800,3950
20240216,09:27:37,1.2,50,3950
20240216,09:27:40,1.25,50,6150
20240216,09:27:42,1.25,50,6150
20240216,09:28:10,1.25,200,6150
20240216,09:28:17,1.25,300,6150
20240216,09:28:39,1.25,50,6150
20240216,09:28:48,1.25,50,6150
20240216,09:29:25,1.25,100,6150
20240216,09:29:26,1.25,150,6150
20240216,09:29:52,1.3,100,6150
20240216,09:29:55,1.3,50,6150
20240216,09:30:16,1.25,50,6150
20240216,09:30:19,1.3,1800,6150
20240216,09:32:10,1.25,50,7500
20240216,09:32:49,1.25,50,7500
20240216,09:33:08,1.25,50,7500
20240216,09:34:05,1.25,100,7500
20240216,09:35:23,1.25,100,7400
20240216,09:35:50,1.25,50,7400
20240216,09:37:09,1.3,400,7400
20240216,09:37:24,1.2,100,7400
20240216,09:37:40,1.15,600,7400
20240216,09:38:18,1.15,100,7400
20240216,09:38:34,1.15,100,7400
20240216,09:38:38,1.15,50,7400
20240216,09:39:02,1.2,100,7400
20240216,09:40:56,1.15,150,7400
20240216,09:41:42,1.1,100,7800
20240216,09:46:38,1.1,50,7750
20240216,09:46:58,1.2,500,7750
20240216,09:47:09,1.15,400,7750
20240216,09:47:31,1.1,100,7750
20240216,09:47:55,1.1,850,7750
20240216,09:47:59,1.0,250,7750
20240216,09:48:00,1.0,50,7750
20240216,09:48:01,1.1,50,7750
20240216,09:48:06,1.05,1250,7750
20240216,09:48:19,1.0,100,7750
20240216,09:49:14,0.95,200,7750
20240216,09:49:48,0.95,950,9250
20240216,09:49:49,1.05,2700,9250
20240216,09:49:50,1.05,50,9250
20240216,09:52:23,1.0,1400,9250
20240216,09:54:10,1.1,150,9750
20240216,09:55:18,1.0,300,9750
20240216,09:57:54,1.1,100,11550
20240216,09:58:23,1.1,400,11550
20240216,09:58:24,1.2,100,11550
20240216,09:58:29,1.05,100,11550
20240216,09:58:33,1.05,100,11550
20240216,09:58:34,1.05,50,11550
20240216,09:59:11,1.15,2800,11550
20240216,10:05:02,1.15,100,9800
20240216,10:06:10,1.15,50,9800
20240216,10:06:44,1.2,2150,9800
20240216,10:07:40,1.2,100,9950
20240216,10:07:42,1.2,250,9950
20240216,10:08:59,1.2,600,9950
20240216,10:10:09,1.25,4150,9750
20240216,10:10:12,1.2,700,9750
20240216,10:12:46,1.2,1100,9750
20240216,10:13:12,1.3,5600,9400
20240216,10:13:29,1.25,50,9400
20240216,10:15:10,1.25,3200,9400
20240216,10:15:21,1.2,1900,9400
20240216,10:15:32,1.2,100,9400
20240216,10:16:14,1.15,500,9400
20240216,10:17:25,1.25,300,15650
20240216,10:19:41,1.2,300,15600
20240216,10:19:53,1.15,1000,15600
20240216,10:21:06,1.2,100,15600
20240216,10:21:11,1.15,100,15600
20240216,10:21:30,1.2,50,15600
20240216,10:22:24,1.2,1000,15350
20240216,10:23:13,1.2,50,15350
20240216,10:23:49,1.15,300,15350
20240216,10:29:34,1.2,50,15250
20240216,10:29:36,1.15,50,15250
20240216,10:31:05,1.2,50,15250
20240216,10:37:13,1.2,100,15250
20240216,10:38:11,1.15,1800,15250
20240216,10:45:21,1.2,100,13700
20240216,10:45:24,1.2,50,13700
20240216,10:45:37,1.2,300,13700
20240216,10:46:31,1.2,200,13700
20240216,10:47:32,1.2,50,13850
20240216,10:51:43,1.15,250,13850
20240216,10:52:23,1.15,300,13900
20240216,10:53:47,1.15,400,13900
20240216,10:53:49,1.2,950,13900
20240216,10:58:00,1.15,500,13750
20240216,11:00:05,1.1,1800,13750
20240216,11:00:32,1.15,500,13750
20240216,11:00:45,1.1,350,11700
20240216,11:00:46,1.05,200,11700
20240216,11:01:39,1.05,2050,11700
20240216,11:01:40,1.1,2200,11700
20240216,11:01:43,1.1,900,11700
20240216,11:01:50,1.05,50,11700
20240216,11:02:05,1.05,550,11700
20240216,11:02:07,1.0,300,11700
20240216,11:03:03,1.1,50,11700
20240216,11:03:37,1.1,250,11700
20240216,11:04:02,1.1,200,11700
20240216,11:04:08,1.1,500,8950
20240216,11:04:33,1.1,50,8950
20240216,11:06:35,1.0,2500,8950
20240216,11:06:36,1.05,2000,8950
20240216,11:06:37,1.05,3300,8950
20240216,11:07:07,1.05,100,9650
20240216,11:11:30,1.1,50,9650
20240216,11:13:03,0.95,350,9650
20240216,11:14:01,1.1,50,9650
20240216,11:15:32,1.0,6100,9650
20240216,11:15:47,1.1,50,9650
20240216,11:16:08,1.05,950,8250
20240216,11:16:09,1.05,850,8250
20240216,11:16:15,1.05,300,8250
20240216,11:16:47,1.0,50,8250
20240216,11:21:37,1.1,300,8250
20240216,11:26:09,1.0,800,9900
20240216,11:31:40,1.0,50,10500
20240216,11:32:15,1.0,400,10500
20240216,11:32:38,1.05,50,10500
20240216,11:33:21,1.05,300,10500
20240216,11:33:22,1.0,2450,10500
20240216,11:33:58,0.95,100,10500
20240216,11:34:25,0.95,50,12600
20240216,11:35:25,0.95,1800,12600
20240216,11:36:19,0.95,50,12600
20240216,11:36:40,1.0,600,12600
20240216,11:39:44,1.05,250,12600
20240216,11:41:06,0.95,1850,13900
20240216,11:41:09,1.0,50,14000
20240216,11:41:11,1.0,50,14000
20240216,11:42:12,1.0,50,14000
20240216,11:42:12,0.95,100,14000
20240216,11:42:29,0.95,350,14000
20240216,11:43:17,0.95,100,14000
20240216,11:43:25,1.0,1100,14450
20240216,11:43:42,1.0,100,14450
20240216,11:44:03,1.0,50,14450
20240216,11:45:07,0.95,400,14450
20240216,11:45:08,0.9,3600,14450
20240216,11:45:22,0.9,350,14450
20240216,11:45:23,0.95,50,14450
20240216,11:45:27,0.95,50,14450
20240216,11:45:31,0.95,50,14450
20240216,11:45:36,0.95,50,14450
20240216,11:46:03,0.95,50,17850
20240216,11:46:36,0.95,200,17850
20240216,11:46:42,0.95,1600,17850
20240216,11:46:42,0.95,300,17850
20240216,11:47:12,1.0,200,17850
20240216,11:48:07,0.9,250,17850
20240216,11:51:17,0.9,50,17850
20240216,11:53:05,0.9,50,17800
20240216,11:55:21,1.0,50,17800
20240216,11:56:36,1.0,100,17800
20240216,11:56:57,1.0,50,17800
20240216,11:58:09,0.95,2100,17800
20240216,11:58:21,0.95,50,17800
20240216,11:58:38,0.95,100,17800
20240216,11:58:55,0.95,100,17800
20240216,11:59:05,0.95,100,17800
20240216,12:00:07,0.95,500,17800
20240216,12:02:35,0.95,450,17800
20240216,12:02:38,0.95,100,19350
20240216,12:06:19,1.0,50,19350
20240216,12:06:30,0.95,350,19450
20240216,12:06:33,0.95,100,19450
20240216,12:06:53,0.9,50,19350
20240216,12:11:53,1.0,50,19350
20240216,12:13:05,1.0,50,19350
20240216,12:13:16,0.9,950,19350
20240216,12:13:17,0.9,200,19350
20240216,12:13:59,0.95,1100,19350
20240216,12:14:10,0.95,100,19350
20240216,12:16:14,1.0,100,19350
20240216,12:17:22,1.0,50,19350
20240216,12:17:41,0.95,100,19350
20240216,12:18:19,0.95,200,19350
20240216,12:19:10,0.95,250,19500
20240216,12:20:01,0.95,950,19500
20240216,12:20:01,0.95,2100,19500
20240216,12:20:02,0.9,3600,19500
20240216,12:20:03,0.9,1800,19500
20240216,12:20:06,0.95,1100,19500
20240216,12:20:14,0.95,50,19500
20240216,12:20:16,0.95,950,19500
20240216,12:20:16,0.95,50,19500
20240216,12:20:22,0.95,950,19500
20240216,12:20:23,0.9,1800,19500
20240216,12:20:30,0.95,50,19500
20240216,12:20:31,0.95,50,19500
20240216,12:20:46,0.9,1800,19500
20240216,12:20:47,0.9,300,19500
20240216,12:20:49,0.9,500,19500
20240216,12:20:56,0.9,2000,19500
20240216,12:21:07,0.9,1900,19500
20240216,12:21:08,0.9,150,19500
20240216,12:21:10,0.9,1200,19500
20240216,12:21:11,0.85,8400,19500
20240216,12:21:12,0.85,450,19500
20240216,12:21:13,0.8,8800,19500
20240216,12:21:15,0.85,2450,19500
20240216,12:21:17,0.85,50,19500
20240216,12:21:18,0.9,50,19500
20240216,12:21:35,0.9,350,19500
20240216,12:21:36,0.85,50,19500
20240216,12:21:57,0.9,250,46550
20240216,12:21:59,0.9,250,46550
20240216,12:22:03,0.85,1900,46550
20240216,12:22:06,0.9,1300,46550
20240216,12:22:26,0.9,1000,46550
20240216,12:22:43,0.85,650,46550
20240216,12:22:56,0.85,4300,46550
20240216,12:22:57,0.8,1800,46550
20240216,12:23:00,0.85,1300,46550
20240216,12:23:08,0.85,50,46550
20240216,12:23:12,0.85,500,46550
20240216,12:23:17,0.9,1250,46550
20240216,12:23:18,0.9,500,46550
20240216,12:23:25,0.85,500,46550
20240216,12:23:29,0.85,250,46550
20240216,12:23:34,0.85,100,46550
20240216,12:23:46,0.85,750,46550
20240216,12:24:10,0.85,50,46550
20240216,12:24:18,0.9,50,46550
20240216,12:24:40,0.9,50,46550
20240216,12:26:07,0.9,250,46550
20240216,12:35:45,0.85,200,52950
20240216,12:35:46,0.85,1800,52950
20240216,12:36:59,0.8,100,52950
20240216,12:37:20,0.8,50,52950
20240216,12:37:31,0.8,50,52950
20240216,12:39:29,0.8,50,52950
20240216,12:47:05,0.8,350,52950
20240216,12:51:06,0.85,250,52750
20240216,12:56:15,0.85,200,52500
20240216,12:57:44,0.85,50,52500
20240216,13:05:03,0.85,50,52500
20240216,13:05:33,0.9,50,52450
20240216,13:07:47,0.85,50,52450
20240216,13:16:19,0.85,200,52450
20240216,13:19:39,0.85,50,52400
20240216,13:26:43,0.85,250,52400
20240216,13:26:49,0.85,250,52350
20240216,13:27:02,0.85,100,52350
20240216,13:27:18,0.85,50,52350
20240216,13:27:42,0.85,50,52350
20240216,13:30:34,0.8,50,52450
20240216,13:32:51,0.9,50,52450
20240216,13:33:14,0.85,250,52450
20240216,13:33:17,0.85,100,52450
20240216,13:33:17,0.85,150,52450
20240216,13:35:40,0.85,50,52450
20240216,13:36:40,0.85,150,52500
20240216,13:37:36,0.8,1800,52500
20240216,13:37:39,0.8,500,52700
20240216,13:38:04,0.8,50,52700
20240216,13:40:06,0.8,50,52700
20240216,13:40:32,0.75,1850,54250
20240216,13:40:33,0.75,100,54250
20240216,13:40:34,0.75,1950,54250
20240216,13:40:53,0.8,250,54250
20240216,13:41:13,0.8,50,54250
20240216,13:41:25,0.8,300,54250
20240216,13:41:27,0.8,100,54250
20240216,13:41:37,0.8,550,54250
20240216,13:41:51,0.8,350,54250
20240216,13:43:29,0.8,1050,57800
20240216,13:44:04,0.8,50,57800
20240216,13:44:06,0.8,100,57800
20240216,13:46:32,0.75,1250,58000
20240216,13:46:33,0.75,50,58000
20240216,13:46:51,0.75,850,58000
20240216,13:47:10,0.75,1900,58000
20240216,13:47:11,0.7,7200,58000
20240216,13:47:13,0.7,1800,58000
20240216,13:47:17,0.7,500,58000
20240216,13:47:18,0.75,50,58000
20240216,13:47:20,0.75,50,58000
20240216,13:47:25,0.75,50,58000
20240216,13:47:32,0.75,500,58000
20240216,13:47:58,0.75,500,58000
20240216,13:48:23,0.75,250,58000
20240216,13:49:13,0.75,350,68700
20240216,13:49:31,0.75,450,68700
20240216,13:49:42,0.7,100,68700
20240216,13:49:50,0.7,100,68700
20240216,13:54:57,0.75,200,68700
20240216,13:55:37,0.7,50,69100
20240216,13:56:48,0.75,650,69150
20240216,13:57:58,0.75,150,69150
20240216,13:58:06,0.7,50,69150
20240216,13:58:16,0.7,50,69150
20240216,13:58:31,0.7,50,69150
20240216,13:58:55,0.75,350,69150
20240216,13:59:09,0.75,3200,69150
20240216,13:59:17,0.7,50,69150
20240216,13:59:49,0.7,50,69150
20240216,14:00:47,0.75,50,69150
20240216,14:01:29,0.7,50,69150
20240216,14:01:39,0.7,50,69150
20240216,14:04:20,0.75,100,69150
20240216,14:07:44,0.75,550,69150
20240216,14:07:49,0.75,50,69150
20240216,14:13:50,0.7,50,69150
20240216,14:13:52,0.75,250,69150
20240216,14:14:11,0.75,1000,69150
20240216,14:15:49,0.75,500,69150
20240216,14:17:01,0.75,50,69150
20240216,14:17:08,0.75,750,69150
20240216,14:17:14,0.8,200,69150
20240216,14:18:38,0.8,900,69150
20240216,14:19:20,0.75,100,68700
20240216,14:20:16,0.7,50,68700
20240216,14:20:20,0.8,250,68700
20240216,14:21:23,0.75,250,68700
20240216,14:25:17,0.8,1700,68700
20240216,14:25:28,0.75,350,68700
20240216,14:28:52,0.75,50,68700
20240216,14:30:54,0.8,250,69650
20240216,14:30:55,0.8,550,69650
20240216,14:30:55,0.8,1100,69650
20240216,14:31:23,0.75,1150,69650
20240216,14:31:29,0.75,450,69650
20240216,14:31:37,0.75,50,69650
20240216,14:32:07,0.75,550,69650
20240216,14:33:42,0.8,50,69650
20240216,14:34:18,0.75,50,69200
20240216,14:34:48,0.75,100,69200
20240216,14:35:48,0.75,500,69200
20240216,14:37:12,0.75,1850,68700
20240216,14:39:27,0.75,250,68700
20240216,14:42:03,0.8,50,68700
20240216,14:42:34,0.75,250,68300
20240216,14:44:54,0.75,250,68300
20240216,14:47:13,0.75,200,68300
20240216,14:48:24,0.75,50,68300
20240216,14:48:39,0.75,250,68300
20240216,14:48:41,0.75,50,68300
20240216,14:54:14,0.7,150,68300
20240216,14:54:17,0.75,50,68300
20240216,14:57:01,0.8,50,68300
20240216,14:57:44,0.7,100,68300
20240216,14:58:13,0.75,50,68300
20240216,14:58:21,0.7,50,68300
20240216,14:58:24,0.7,850,68300
20240216,14:58:44,0.75,50,68300
20240216,15:00:02,0.7,600,68300
20240216,15:00:03,0.7,150,68300
20240216,15:00:26,0.7,100,68300
20240216,15:00:29,0.7,100,68300
20240216,15:00:30,0.7,1650,68300
20240216,15:00:31,0.7,1300,68300
20240216,15:00:32,0.7,200,68300
20240216,15:01:10,0.75,50,68300
20240216,15:01:46,0.7,1000,68300
20240216,15:01:46,0.7,2050,68300
20240216,15:01:47,0.7,400,68300
20240216,15:01:48,0.7,50,68300
20240216,15:02:08,0.75,250,68300
20240216,15:02:23,0.65,250,68300
20240216,15:04:51,0.65,50,71750
20240216,15:08:24,0.65,1800,71750
20240216,15:11:22,0.75,300,71750
20240216,15:11:35,0.65,50,71750
20240216,15:12:32,0.7,250,71750
20240216,15:13:15,0.7,500,71750
20240216,15:13:34,0.7,500,71750
20240216,15:15:12,0.7,100,72000
20240216,15:15:13,0.7,300,72000
20240216,15:16:13,0.65,100,72000
20240216,15:16:14,0.65,250,72000
20240216,15:19:42,0.65,100,72000
20240216,15:19:43,0.7,50,72450
20240216,15:20:08,0.65,100,72450
20240216,15:21:08,0.7,250,72450
20240216,15:21:48,0.65,50,72450
20240216,15:22:17,0.65,100,72450
20240216,15:22:30,0.7,150,72450
20240216,15:23:24,0.7,50,72450
20240216,15:24:55,0.65,50,72450
20240216,15:25:29,0.7,250,72450
20240216,15:25:37,0.65,500,72450
20240216,15:25:45,0.7,700,72450
20240216,15:26:05,0.75,50,72450
20240216,15:26:27,0.7,300,72450
20240216,15:26:31,0.75,500,72450
20240216,15:27:10,0.75,200,72450
20240216,15:28:27,0.75,1500,72450
20240216,15:28:32,0.75,500,72050
20240216,15:28:35,0.8,1600,72050
20240216,15:28:36,0.8,600,72050
20240216,15:28:37,0.75,350,72050
20240216,15:29:11,0.75,850,72050
20240216,15:29:30,0.7,200,72050
20240216,15:29:32,0.75,100,72050
20240216,15:29:40,0.75,500,72050
20240216,15:29:43,0.75,400,72050
20240219,09:15:06,0.75,1,72600
20240219,09:15:06,0.95,1,72600
20240219,09:15:06,0.8,250,72600
20240219,09:15:07,0.9,50,72600
20240219,09:15:08,0.75,200,72600
20240219,09:15:09,0.75,50,72600
20240219,09:15:10,0.75,150,72600
20240219,09:15:13,0.75,350,72600
20240219,09:15:16,0.75,250,72600
20240219,09:15:18,0.8,50,72600
20240219,09:15:34,0.8,50,72600
20240219,09:15:36,0.85,200,72600
20240219,09:15:38,0.8,50,72600
20240219,09:15:40,0.75,300,72600
20240219,09:15:56,0.8,50,72600
20240219,09:16:01,0.75,300,72600
20240219,09:16:05,0.75,50,72600
20240219,09:16:09,0.75,50,72600
20240219,09:16:12,0.75,50,72600
20240219,09:16:14,0.75,100,72600
20240219,09:16:15,0.75,400,72600
20240219,09:16:21,0.75,50,72600
20240219,09:16:23,0.75,50,72600
20240219,09:16:25,0.75,100,72600
20240219,09:16:28,0.75,50,72600
20240219,09:16:36,0.75,1400,72600
20240219,09:16:43,0.7,250,72600
20240219,09:17:23,0.7,100,72600
20240219,09:18:11,0.75,100,72600
20240219,09:19:01,0.75,250,72600
20240219,09:19:47,0.75,50,74000
20240219,09:21:14,0.75,50,74000
20240219,09:21:27,0.75,100,74000
20240219,09:22:11,0.75,800,74150
20240219,09:22:16,0.75,200,74150
20240219,09:22:46,0.75,900,74150
20240219,09:23:14,0.75,250,74150
20240219,09:24:21,0.75,50,74150
20240219,09:24:53,0.75,100,76350
20240219,09:24:53,0.75,50,76350
20240219,09:25:26,0.75,250,76350
20240219,09:25:35,0.7,50,76350
20240219,09:26:26,0.75,250,76350
20240219,09:26:33,0.75,50,76350
20240219,09:26:44,0.7,150,76350
20240219,09:26:51,0.75,250,76350
20240219,09:27:28,0.75,250,76350
20240219,09:27:49,0.75,50,77550
20240219,09:28:26,0.75,150,77550
20240219,09:28:53,0.75,50,77550
20240219,09:29:36,0.7,150,77550
20240219,09:29:47,0.75,300,77550
20240219,09:29:52,0.7,50,77550
20240219,09:30:01,0.75,50,77550
20240219,09:30:14,0.65,5100,77550
20240219,09:30:15,0.65,2300,77550
20240219,09:30:16,0.65,500,77550
20240219,09:30:17,0.7,50,77550
20240219,09:30:56,0.65,2000,83250
20240219,09:30:57,0.65,1500,83250
20240219,09:31:04,0.65,1300,83250
20240219,09:31:16,0.6,1800,83250
20240219,09:31:18,0.6,1800,83250
20240219,09:31:19,0.6,50,83250
20240219,09:31:26,0.65,650,83250
20240219,09:31:28,0.65,50,83250
20240219,09:31:52,0.65,100,83250
20240219,09:31:54,0.65,250,83250
20240219,09:32:11,0.65,100,83250
20240219,09:32:43,0.6,50,83250
20240219,09:33:10,0.6,50,83250
20240219,09:33:11,0.6,100,83250
20240219,09:33:43,0.6,50,83250
20240219,09:34:07,0.6,1900,88550
20240219,09:34:08,0.6,2400,88550
20240219,09:34:55,0.6,250,88550
20240219,09:35:03,0.6,100,88550
20240219,09:35:27,0.6,50,88550
20240219,09:35:32,0.6,50,88550
20240219,09:36:11,0.55,50,88550
20240219,09:36:15,0.55,250,88550
20240219,09:36:22,0.55,250,88550
20240219,09:36:47,0.55,850,88550
20240219,09:37:02,0.55,50,91300
20240219,09:37:16,0.55,50,91300
20240219,09:38:37,0.6,50,91300
20240219,09:38:38,0.6,50,91300
20240219,09:40:12,0.6,1800,91300
20240219,09:40:28,0.55,250,91300
20240219,09:41:05,0.55,1800,91300
20240219,09:42:07,0.55,1800,91300
20240219,09:42:08,0.6,250,91300
20240219,09:43:04,0.55,1800,91300
20240219,09:43:05,0.55,1800,94900
20240219,09:43:54,0.6,50,94900
20240219,09:44:05,0.55,1800,94900
20240219,09:44:07,0.55,250,94900
20240219,09:44:12,0.6,2550,94900
20240219,09:44:12,0.55,2400,94900
20240219,09:44:35,0.5,1800,94900
20240219,09:44:52,0.5,50,94900
20240219,09:45:08,0.55,2400,94900
20240219,09:45:08,0.55,100,94900
20240219,09:45:12,0.55,1200,94900
20240219,09:46:13,0.55,250,101300
20240219,09:47:12,0.55,50,101300
20240219,09:47:40,0.55,300,101300
20240219,09:49:51,0.55,50,101300
20240219,09:50:13,0.55,50,101300
20240219,09:50:38,0.55,50,101300
20240219,09:51:02,0.5,50,101300
20240219,09:51:03,0.5,50,101300
20240219,09:52:21,0.55,50,101300
20240219,09:52:31,0.55,250,101300
20240219,09:53:08,0.55,1200,101300
20240219,09:55:05,0.55,200,101300
20240219,09:55:52,0.6,50,100300
20240219,09:58:08,0.55,100,100300
20240219,09:59:53,0.55,100,100350
20240219,10:02:05,0.5,50,100350
20240219,10:04:07,0.5,400,100350
20240219,10:04:19,0.5,150,100350
20240219,10:08:29,0.55,250,100350
20240219,10:08:45,0.55,1900,100350
20240219,10:10:06,0.55,50,101350
20240219,10:10:21,0.55,50,101350
20240219,10:12:00,0.6,50,101350
20240219,10:13:12,0.55,50,101300
20240219,10:14:27,0.55,50,101300
20240219,10:16:03,0.55,100,101200
20240219,10:18:36,0.55,50,101200
20240219,10:20:12,0.6,50,101050
20240219,10:20:42,0.6,100,101050
20240219,10:22:01,0.65,11750,101200
20240219,10:22:02,0.65,3200,101200
20240219,10:22:11,0.65,100,101200
20240219,10:22:20,0.65,300,101200
20240219,10:23:41,0.65,4500,101200
20240219,10:24:29,0.7,50,101200
20240219,10:24:30,0.6,50,101200
20240219,10:25:19,0.6,50,94100
20240219,10:27:08,0.6,3500,94100
20240219,10:27:09,0.6,1450,94100
20240219,10:27:11,0.65,500,94100
20240219,10:27:12,0.65,50,94100
20240219,10:29:37,0.65,550,94100
20240219,10:29:39,0.6,450,96350
20240219,10:29:51,0.65,50,96350
20240219,10:29:54,0.65,100,96350
20240219,10:29:55,0.65,50,96350
20240219,10:30:27,0.65,50,96350
20240219,10:31:43,0.65,50,97000
20240219,10:31:48,0.6,50,97000
20240219,10:32:02,0.65,700,97000
20240219,10:32:07,0.65,50,97000
20240219,10:33:01,0.65,1150,97000
20240219,10:33:01,0.65,2850,97000
20240219,10:33:02,0.6,500,97000
20240219,10:33:28,0.6,50,97000
20240219,10:34:05,0.65,50,96200
20240219,10:34:24,0.65,950,96200
20240219,10:34:25,0.6,500,96200
20240219,10:36:33,0.6,100,96200
20240219,10:38:00,0.65,50,97050
20240219,10:39:07,0.65,50,97050
20240219,10:39:37,0.6,50,97050
20240219,10:39:41,0.6,50,97050
20240219,10:41:01,0.6,200,97050
20240219,10:41:06,0.6,100,97000
20240219,10:41:51,0.65,400,97000
20240219,10:44:05,0.6,50,97000
20240219,10:44:06,0.6,50,97100
20240219,10:44:07,0.6,50,97100
20240219,10:44:08,0.6,50,97100
20240219,10:44:09,0.6,50,97100
20240219,10:44:10,0.6,50,97100
20240219,10:44:11,0.6,50,97100
20240219,10:44:12,0.6,50,97100
20240219,10:44:13,0.6,50,97100
20240219,10:44:14,0.6,50,97100
20240219,10:44:15,0.6,50,97100
20240219,10:44:16,0.6,50,97100
20240219,10:44:17,0.6,50,97100
20240219,10:44:18,0.6,150,97100
20240219,10:46:28,0.65,150,97900
20240219,10:46:43,0.6,450,97900
20240219,10:47:57,0.6,1450,97900
20240219,10:48:13,0.65,50,97900
20240219,10:53:39,0.6,200,98450
20240219,10:53:46,0.6,200,98450
20240219,10:54:25,0.6,400,98450
20240219,10:55:30,0.65,550,98450
20240219,10:55:32,0.65,50,98450
20240219,10:55:52,0.65,100,98450
20240219,10:57:05,0.65,50,98450
20240219,10:57:06,0.65,1050,98450
20240219,10:57:11,0.65,200,98450
20240219,10:57:22,0.65,250,98450
20240219,10:58:18,0.65,500,99050
20240219,10:58:19,0.6,500,99050
20240219,10:58:38,0.7,2350,99050
20240219,10:58:39,0.65,3450,99050
20240219,10:58:40,0.65,350,99050
20240219,11:00:09,0.7,300,99050
20240219,11:05:27,0.65,250,99050
20240219,11:05:52,0.65,50,98200
20240219,11:07:01,0.65,250,98200
20240219,11:11:40,0.6,50,98750
20240219,11:15:07,0.65,2500,98750
20240219,11:15:08,0.6,500,98700
20240219,11:16:45,0.7,1400,98700
20240219,11:17:00,0.7,250,98700
20240219,11:17:04,0.7,50,98700
20240219,11:17:04,0.7,100,98700
20240219,11:17:14,0.75,2350,98700
20240219,11:17:16,0.65,4950,98700
20240219,11:17:16,0.6,500,98700
20240219,11:17:25,0.6,50,98700
20240219,11:18:06,0.65,250,98700
20240219,11:18:16,0.7,250,98700
20240219,11:18:51,0.7,250,102900
20240219,11:18:52,0.7,2150,102900
20240219,11:18:53,0.7,350,102900
20240219,11:19:12,0.7,1850,102900
20240219,11:19:13,0.7,1050,102900
20240219,11:19:20,0.7,1750,102900
20240219,11:19:21,0.7,300,102900
20240219,11:19:22,0.7,250,102900
20240219,11:21:09,0.75,250,102900
20240219,11:21:14,0.7,2000,102900
20240219,11:23:09,0.75,50,106000
20240219,11:24:06,0.75,250,106000
20240219,11:24:36,0.75,50,106000
20240219,11:26:52,0.75,50,106000
20240219,11:27:16,0.75,50,106000
20240219,11:27:48,0.75,100,106000
20240219,11:29:48,0.65,400,106000
20240219,11:31:58,0.65,450,106000
20240219,11:32:15,0.65,100,106000
20240219,11:32:16,0.65,50,106000
20240219,11:32:22,0.65,200,106000
20240219,11:32:26,0.65,700,106000
20240219,11:32:27,0.65,1050,106000
20240219,11:32:29,0.7,100,106000
20240219,11:32:31,0.65,50,106000
20240219,11:32:32,0.65,250,106000
20240219,11:32:35,0.65,650,106000
20240219,11:32:36,0.7,1100,106000
20240219,11:34:59,0.65,100,106000
20240219,11:35:29,0.65,1500,110400
20240219,11:35:29,0.65,100,110400
20240219,11:35:49,0.65,250,110400
20240219,11:36:28,0.65,250,110400
20240219,11:38:33,0.65,450,110500
20240219,11:38:44,0.65,600,110500
20240219,11:41:23,0.65,500,110500
20240219,11:41:42,0.6,200,110500
20240219,11:41:50,0.6,450,110500
20240219,11:43:49,0.65,50,110500
20240219,11:44:47,0.6,50,110700
20240219,11:49:53,0.65,250,110700
20240219,11:51:04,0.65,250,110700
20240219,11:52:29,0.65,200,110700
20240219,11:55:05,0.65,500,110700
20240219,11:57:27,0.65,100,110700
20240219,11:58:25,0.65,100,111150
20240219,11:58:38,0.65,100,111150
20240219,11:58:40,0.7,50,111150
20240219,12:03:12,0.7,2300,111100
20240219,12:03:14,0.75,3600,111100
20240219,12:03:19,0.75,50,111100
20240219,12:04:55,0.65,2100,107150
20240219,12:06:08,0.75,1800,107150
20240219,12:06:26,0.75,50,107150
20240219,12:07:09,0.75,250,103450
20240219,12:11:15,0.75,50,103450
20240219,12:12:01,0.65,50,103450
20240219,12:13:08,0.7,50,103450
20240219,12:13:33,0.7,250,103450
20240219,12:14:47,0.7,50,103450
20240219,12:15:32,0.7,1150,103450
20240219,12:16:15,0.75,50,103450
20240219,12:16:57,0.75,50,103200
20240219,12:17:13,0.75,1650,103200
20240219,12:17:14,0.8,1800,103200
20240219,12:18:11,0.75,1050,103200
20240219,12:18:42,0.8,100,103200
20240219,12:18:47,0.8,100,103200
20240219,12:19:22,0.8,500,101000
20240219,12:19:32,0.75,50,101000
20240219,12:20:03,0.8,100,101000
20240219,12:20:38,0.75,250,101000
20240219,12:22:17,0.75,250,100600
20240219,12:22:24,0.75,200,100600
20240219,12:23:33,0.75,300,100600
20240219,12:23:52,0.75,1100,100600
20240219,12:23:53,0.75,200,100600
20240219,12:23:54,0.7,150,100600
20240219,12:25:10,0.75,50,100600
20240219,12:25:24,0.75,50,101550
20240219,12:25:37,0.7,50,101550
20240219,12:25:44,0.75,150,101550
20240219,12:26:10,0.7,50,101550
20240219,12:26:14,0.75,100,101550
20240219,12:27:44,0.75,50,101550
20240219,12:29:24,0.75,250,101800
20240219,12:31:01,0.75,50,101800
20240219,12:31:04,0.7,50,101800
20240219,12:42:02,0.75,500,101800
20240219,12:42:17,0.7,50,101800
20240219,12:43:07,0.75,400,101800
20240219,12:44:45,0.75,100,101800
20240219,12:45:34,0.75,50,101800
20240219,12:45:54,0.75,350,101800
20240219,12:47:53,0.75,50,101800
20240219,12:50:38,0.7,150,101800
20240219,12:50:38,0.7,350,101850
20240219,12:50:39,0.7,50,101850
20240219,12:50:41,0.7,50,101850
20240219,12:50:43,0.7,900,101850
20240219,12:50:44,0.7,50,101850
20240219,12:50:46,0.7,50,101850
20240219,12:50:48,0.7,50,101850
20240219,12:50:50,0.7,50,101850
20240219,12:50:58,0.7,300,101850
20240219,12:51:08,0.7,1000,101850
20240219,12:51:09,0.7,2300,101850
20240219,12:51:11,0.7,250,101850
20240219,12:51:12,0.7,200,101850
20240219,12:51:13,0.7,150,101850
20240219,12:51:14,0.7,50,101850
20240219,12:51:15,0.7,50,101850
20240219,12:51:16,0.7,50,101850
20240219,12:51:45,0.7,350,101850
20240219,12:51:46,0.7,450,101850
20240219,12:51:47,0.7,150,101850
20240219,12:51:48,0.7,300,101850
20240219,12:51:50,0.7,50,101850
20240219,12:53:15,0.7,200,108200
20240219,12:54:35,0.7,50,108200
20240219,12:54:38,0.7,50,108200
20240219,12:54:40,0.7,50,108200
20240219,12:55:07,0.7,500,108400
20240219,13:01:22,0.7,50,108400
20240219,13:03:49,0.75,50,108750
20240219,13:04:36,0.75,150,108750
20240219,13:04:36,0.75,250,108750
20240219,13:04:41,0.7,300,108750
20240219,13:07:01,0.7,250,108750
20240219,13:07:51,0.7,50,108750
20240219,13:10:27,0.7,250,108750
20240219,13:11:35,0.7,250,108750
20240219,13:11:38,0.7,250,108750
20240219,13:11:50,0.7,150,108750
20240219,13:12:57,0.65,3900,108750
20240219,13:13:07,0.7,350,108750
20240219,13:13:12,0.65,500,109100
20240219,13:13:21,0.65,1950,109100
20240219,13:13:22,0.65,150,109100
20240219,13:13:23,0.65,100,109100
20240219,13:14:09,0.7,250,109100
20240219,13:15:06,0.7,750,109100
20240219,13:16:13,0.7,550,108200
20240219,13:16:26,0.7,150,108200
20240219,13:18:40,0.7,250,108200
20240219,13:19:01,0.7,350,108200
20240219,13:24:02,0.65,50,108200
20240219,13:27:16,0.65,50,108500
20240219,13:27:54,0.7,750,108500
20240219,13:34:10,0.65,50,108500
20240219,13:37:33,0.65,400,108600
20240219,13:38:55,0.65,900,108600
20240219,13:39:51,0.65,250,108600
20240219,13:42:26,0.65,1400,108450
20240219,13:42:38,0.65,100,108450
20240219,13:42:39,0.65,50,108450
20240219,13:43:10,0.6,350,108200
20240219,13:43:39,0.65,50,108200
20240219,13:43:50,0.65,50,108200
20240219,13:45:06,0.65,1950,108200
20240219,13:45:07,0.65,50,108200
20240219,13:45:23,0.7,250,108200
20240219,13:47:52,0.65,850,108800
20240219,13:52:03,0.65,3100,108250
20240219,13:52:32,0.65,500,108250
20240219,13:53:17,0.65,2150,108250
20240219,13:53:18,0.55,3900,108250
20240219,13:53:35,0.6,1450,108250
20240219,13:53:36,0.6,500,108250
20240219,13:56:12,0.7,1500,108250
20240219,13:56:13,0.65,100,108100
20240219,13:56:34,0.7,50,108100
20240219,13:58:14,0.7,1800,108550
20240219,13:58:31,0.7,1150,108550
20240219,13:58:32,0.7,150,108550
20240219,13:58:33,0.7,500,108550
20240219,14:01:12,0.7,250,109800
20240219,14:01:33,0.75,2700,109800
20240219,14:01:40,0.7,50,109800
20240219,14:01:46,0.7,50,109800
20240219,14:02:07,0.75,100,109800
20240219,14:02:18,0.7,50,109800
20240219,14:02:27,0.75,50,109800
20240219,14:02:37,0.75,50,109800
20240219,14:02:39,0.75,50,109800
20240219,14:03:03,0.7,50,109800
20240219,14:03:07,0.75,200,109800
20240219,14:03:37,0.75,250,109800
20240219,14:03:54,0.7,50,109800
20240219,14:04:01,0.75,250,109800
20240219,14:04:07,0.75,650,109800
20240219,14:04:08,0.75,2100,109800
20240219,14:04:18,0.7,450,109800
20240219,14:04:34,0.7,300,105950
20240219,14:05:38,0.75,50,105950
20240219,14:07:02,0.75,400,105950
20240219,14:07:07,0.8,50,105950
20240219,14:07:08,0.8,50,105950
20240219,14:07:08,0.8,150,105950
20240219,14:07:09,0.75,550,105950
20240219,14:07:13,0.75,850,105450
20240219,14:07:15,0.75,100,105450
20240219,14:07:16,0.75,50,105450
20240219,14:07:37,0.8,1600,105450
20240219,14:07:40,0.8,650,105450
20240219,14:07:51,0.7,2250,105450
20240219,14:07:52,0.8,100,105450
20240219,14:07:57,0.8,2550,105450
20240219,14:07:58,0.9,6750,105450
20240219,14:08:03,0.85,100,105450
20240219,14:08:11,0.85,700,105450
20240219,14:08:17,0.85,50,105450
20240219,14:08:19,0.85,150,105450
20240219,14:08:21,0.8,300,105450
20240219,14:08:37,0.9,300,105450
20240219,14:08:40,0.8,50,105450
20240219,14:09:07,0.9,300,105450
20240219,14:09:18,0.85,300,105450
20240219,14:09:31,0.85,350,105450
20240219,14:09:41,0.85,350,105450
20240219,14:09:43,0.9,50,105450
20240219,14:10:02,0.9,1900,105450
20240219,14:10:34,0.85,50,105450
20240219,14:11:30,0.85,2250,100950
20240219,14:11:41,0.9,100,100950
20240219,14:12:02,0.9,250,100950
20240219,14:12:22,0.9,500,100950
20240219,14:12:28,0.9,1450,100950
20240219,14:12:34,0.9,50,100950
20240219,14:12:35,0.9,100,100950
20240219,14:12:38,0.95,350,100950
20240219,14:12:39,0.9,50,100950
20240219,14:12:44,0.9,400,100950
20240219,14:13:08,0.9,1500,100950
20240219,14:13:10,0.9,250,100950
20240219,14:13:11,0.9,200,100950
20240219,14:13:13,0.9,500,100950
20240219,14:13:14,0.9,50,100950
20240219,14:13:25,0.9,100,100950
20240219,14:13:32,0.9,1500,100100
20240219,14:14:05,0.95,750,100100
20240219,14:14:07,0.95,400,100100
20240219,14:14:13,0.85,1800,100100
20240219,14:14:33,0.9,1700,100100
20240219,14:14:40,0.95,50,100100
20240219,14:15:05,0.9,550,100100
20240219,14:15:06,0.9,50,100100
20240219,14:15:30,0.9,50,100100
20240219,14:15:37,0.9,450,100100
20240219,14:15:38,0.9,500,100100
20240219,14:15:39,0.95,50,100100
20240219,14:16:02,0.95,150,100100
20240219,14:16:08,0.95,50,100100
20240219,14:16:15,0.9,50,100650
20240219,14:16:37,0.95,100,100650
20240219,14:16:40,0.95,900,100650
20240219,14:16:48,0.9,50,100650
20240219,14:17:16,0.95,450,100650
20240219,14:17:21,0.95,1400,100650
20240219,14:17:27,0.9,50,100650
20240219,14:17:37,1.0,250,100650
20240219,14:17:42,1.0,100,100650
20240219,14:17:48,0.95,150,100650
20240219,14:17:51,0.95,250,100650
20240219,14:18:17,0.95,300,100650
20240219,14:18:22,0.9,50,100650
20240219,14:18:29,0.95,50,100650
20240219,14:18:30,0.9,50,100650
20240219,14:18:34,1.0,50,100650
20240219,14:18:37,0.95,50,100650
20240219,14:18:38,1.0,250,100650
20240219,14:18:39,0.95,50,100650
20240219,14:18:42,0.95,250,100650
20240219,14:18:47,0.9,600,100650
20240219,14:19:01,0.95,250,100650
20240219,14:19:02,0.95,50,100650
20240219,14:19:02,0.95,250,100650
20240219,14:19:03,0.95,300,100650
20240219,14:19:15,1.0,250,100000
20240219,14:19:23,0.95,200,100000
20240219,14:20:06,1.0,50,100000
20240219,14:20:24,1.0,300,100000
20240219,14:20:44,1.0,100,100000
20240219,14:20:46,0.95,700,100000
20240219,14:20:49,0.9,2400,100000
20240219,14:21:07,0.9,300,100000
20240219,14:21:31,0.95,100,100000
20240219,14:21:47,0.95,100,100000
20240219,14:21:50,0.95,1000,100000
20240219,14:21:56,0.95,2050,100000
20240219,14:22:40,0.95,1150,100000
20240219,14:22:58,0.9,100,100000
20240219,14:23:05,0.9,500,100000
20240219,14:23:08,0.95,900,100000
20240219,14:23:20,0.95,500,100000
20240219,14:23:29,0.95,1850,100000
20240219,14:23:32,1.0,450,100000
20240219,14:23:36,0.95,250,100000
20240219,14:23:39,0.95,50,100000
20240219,14:23:43,0.95,50,100000
20240219,14:24:07,1.0,250,100000
20240219,14:24:11,1.0,150,100000
20240219,14:24:12,1.0,100,100000
20240219,14:24:13,1.0,50,100000
20240219,14:24:14,1.0,50,100000
20240219,14:24:15,1.0,50,100000
20240219,14:24:25,1.0,50,100000
20240219,14:24:37,0.95,3000,100000
20240219,14:24:38,1.0,250,100000
20240219,14:24:39,1.0,50,100000
20240219,14:24:40,1.0,250,100000
20240219,14:24:44,0.95,100,100000
20240219,14:24:45,1.0,100,100000
20240219,14:24:50,0.95,500,100000
20240219,14:24:51,0.95,250,100000
20240219,14:24:59,1.0,1700,100000
20240219,14:25:02,1.0,150,100000
20240219,14:25:18,1.05,700,100000
20240219,14:25:23,1.05,250,100300
20240219,14:25:28,1.05,500,100300
20240219,14:25:29,1.0,100,100300
20240219,14:25:36,1.0,250,100300
20240219,14:25:45,1.05,50,100300
20240219,14:26:13,1.05,200,100300
20240219,14:26:31,1.05,150,100300
20240219,14:26:53,0.95,400,100300
20240219,14:27:13,0.95,450,100300
20240219,14:27:15,1.0,1100,100300
20240219,14:27:17,1.0,650,100300
20240219,14:27:18,1.0,50,100300
20240219,14:27:19,1.0,50,100300
20240219,14:27:29,1.0,100,100300
20240219,14:27:37,1.05,200,100300
20240219,14:27:39,1.05,50,100300
20240219,14:27:40,1.0,50,100300
20240219,14:27:41,1.05,50,100300
20240219,14:27:47,1.0,250,100300
20240219,14:28:34,1.0,100,100050
20240219,14:28:38,1.0,1550,100050
20240219,14:28:44,1.0,100,100050
20240219,14:28:49,1.0,350,100050
20240219,14:28:50,1.05,2200,100050
20240219,14:28:51,1.0,2150,100050
20240219,14:29:02,1.05,1050,100050
20240219,14:29:19,1.0,50,100050
20240219,14:29:40,1.0,300,100050
20240219,14:30:15,1.0,500,100050
20240219,14:30:28,1.0,1800,100050
20240219,14:30:29,1.05,250,100050
20240219,14:30:30,1.0,1800,100050
20240219,14:30:34,0.95,250,100050
20240219,14:30:43,1.05,400,100050
20240219,14:31:08,1.05,300,100050
20240219,14:31:17,1.05,600,100050
20240219,14:31:24,1.0,500,98250
20240219,14:31:27,1.05,300,98250
20240219,14:31:29,1.05,150,98250
20240219,14:31:31,1.05,150,98250
20240219,14:31:32,1.05,900,98250
20240219,14:31:33,1.0,200,98250
20240219,14:31:52,1.0,200,98250
20240219,14:31:54,1.05,150,98250
20240219,14:32:05,1.0,700,98250
20240219,14:32:06,1.0,500,98250
20240219,14:32:09,1.05,250,98250
20240219,14:32:13,1.05,600,98250
20240219,14:32:18,1.0,250,98250
20240219,14:32:31,1.05,50,98250
20240219,14:32:32,1.05,1600,98250
20240219,14:32:44,1.0,200,98250
20240219,14:33:04,1.0,350,98250
20240219,14:33:10,1.05,250,98250
20240219,14:33:25,1.05,500,98250
20240219,14:33:56,1.0,550,98250
20240219,14:34:09,1.05,50,98250
20240219,14:34:33,1.0,550,98250
20240219,14:34:39,1.0,100,98250
20240219,14:34:46,1.05,100,98250
20240219,14:34:50,1.0,500,98250
20240219,14:34:52,1.05,900,98250
20240219,14:34:58,1.05,50,98250
20240219,14:35:01,1.05,50,98250
20240219,14:35:04,1.05,350,98250
20240219,14:35:05,1.1,50,98250
20240219,14:35:06,1.1,550,98250
20240219,14:35:07,1.1,2350,98250
20240219,14:35:10,1.0,50,98250
20240219,14:35:21,1.05,200,98250
20240219,14:35:32,1.0,300,98250
20240219,14:35:37,1.05,250,98250
20240219,14:35:38,1.05,50,98250
20240219,14:35:40,1.05,50,98250
20240219,14:35:43,1.05,1300,98250
20240219,14:35:44,1.05,50,98250
20240219,14:35:48,1.05,50,98250
20240219,14:35:50,1.05,500,98250
20240219,14:35:56,1.1,50,98250
20240219,14:36:45,1.05,200,98250
20240219,14:36:50,1.1,350,98250
20240219,14:36:55,1.1,1500,98250
20240219,14:37:08,1.05,250,98250
20240219,14:37:12,1.05,900,98250
20240219,14:37:23,1.05,750,98250
20240219,14:37:31,1.05,50,99450
20240219,14:37:54,1.0,1550,99450
20240219,14:38:04,1.0,50,99450
20240219,14:38:33,1.05,50,99450
20240219,14:40:16,1.05,50,99450
20240219,14:40:23,1.0,500,99450
20240219,14:41:24,1.0,50,99450
20240219,14:41:57,1.0,250,99450
20240219,14:42:01,1.0,1800,99450
20240219,14:43:11,1.0,100,99450
20240219,14:43:31,1.0,50,99450
20240219,14:44:03,0.95,100,99250
20240219,14:44:59,0.95,2200,99250
20240219,14:45:09,0.95,300,99250
20240219,14:45:10,0.95,50,99250
20240219,14:45:13,0.95,50,99250
20240219,14:45:14,0.95,50,99250
20240219,14:45:41,0.95,300,99250
20240219,14:46:05,0.95,750,99250
20240219,14:47:22,0.9,1150,98600
20240219,14:47:24,0.9,700,98600
20240219,14:47:26,0.9,1000,98600
20240219,14:47:27,0.9,900,98600
20240219,14:47:28,0.9,50,98600
20240219,14:47:50,0.9,50,98600
20240219,14:47:56,0.85,750,98600
20240219,14:47:58,0.85,1150,98600
20240219,14:47:59,0.85,300,98600
20240219,14:48:06,0.85,1100,98600
20240219,14:48:07,0.85,50,98600
20240219,14:48:12,0.85,150,98600
20240219,14:48:39,0.8,100,98600
20240219,14:48:40,0.8,600,98600
20240219,14:48:45,0.85,200,98600
20240219,14:48:49,0.8,50,98600
20240219,14:48:55,0.8,1050,98600
20240219,14:48:57,0.8,800,98600
20240219,14:48:59,0.8,1000,98600
20240219,14:49:00,0.8,100,98600
20240219,14:49:03,0.85,100,98600
20240219,14:49:12,0.75,1300,98600
20240219,14:49:13,0.8,100,98600
20240219,14:49:33,0.8,950,98400
20240219,14:49:37,0.8,900,98400
20240219,14:49:39,0.8,1350,98400
20240219,14:49:40,0.8,200,98400
20240219,14:49:56,0.75,50,98400
20240219,14:50:29,0.75,100,98400
20240219,14:51:31,0.85,550,98400
20240219,14:51:32,0.85,1300,98400
20240219,14:53:02,0.85,500,98400
20240219,14:53:02,0.85,100,100100
20240219,14:53:04,0.9,200,100100
20240219,14:53:10,0.9,100,100100
20240219,14:53:15,0.85,950,100100
20240219,14:53:16,0.85,400,100100
20240219,14:55:58,0.85,500,100100
20240219,14:57:38,0.85,550,98900
20240219,14:57:49,0.85,200,98900
20240219,14:57:50,0.85,50,98900
20240219,14:57:51,0.85,100,98900
20240219,14:57:52,0.85,100,98900
20240219,14:58:35,0.8,1000,98400
20240219,14:59:43,0.9,250,98400
20240219,14:59:44,0.9,50,98400
20240219,15:00:13,0.9,1950,98400
20240219,15:01:13,0.95,900,98400
20240219,15:01:43,0.95,500,98400
20240219,15:01:57,0.95,500,99100
20240219,15:02:13,0.95,3050,99100
20240219,15:02:14,0.95,250,99100
20240219,15:02:18,0.95,1200,99100
20240219,15:02:24,0.95,50,99100
20240219,15:02:42,0.95,250,99100
20240219,15:03:01,0.95,250,99100
20240219,15:03:02,0.95,1950,99100
20240219,15:03:03,0.9,2300,99100
20240219,15:03:04,0.9,1800,99100
20240219,15:03:25,0.95,50,99100
20240219,15:03:43,0.95,1500,99100
20240219,15:03:48,0.95,350,99100
20240219,15:03:49,0.95,50,99100
20240219,15:03:50,0.95,100,99100
20240219,15:03:51,0.9,150,99100
20240219,15:04:13,0.95,2400,99100
20240219,15:04:14,0.95,550,99100
20240219,15:04:24,0.95,50,99100
20240219,15:04:30,0.9,500,106550
20240219,15:04:40,0.9,500,106550
20240219,15:05:07,0.95,1800,106550
20240219,15:05:11,0.9,1800,106550
20240219,15:05:45,0.95,2450,106550
20240219,15:05:52,0.95,250,106550
20240219,15:05:54,0.9,600,106550
20240219,15:06:28,0.95,400,106550
20240219,15:06:30,0.9,300,106550
20240219,15:06:33,0.9,250,106550
20240219,15:06:38,0.9,250,106550
20240219,15:07:12,0.9,50,106550
20240219,15:07:42,0.9,50,109400
20240219,15:07:43,0.95,1800,109400
20240219,15:07:44,1.0,1300,109400
20240219,15:07:47,0.9,1800,109400
20240219,15:08:01,0.9,500,109400
20240219,15:08:12,0.95,900,109400
20240219,15:08:32,0.85,500,109400
20240219,15:08:40,0.9,550,109400
20240219,15:08:46,0.9,250,109400
20240219,15:09:05,0.9,150,109400
20240219,15:09:13,0.9,600,109400
20240219,15:09:14,0.9,50,109400
20240219,15:09:37,0.95,150,109400
20240219,15:09:40,0.85,300,109400
20240219,15:09:43,0.95,900,109400
20240219,15:09:49,0.9,300,109400
20240219,15:09:53,0.95,500,109400
20240219,15:09:54,0.95,700,109400
20240219,15:10:04,0.85,250,109400
20240219,15:10:06,0.95,50,109400
20240219,15:10:12,0.85,250,109400
20240219,15:10:43,0.9,100,111650
20240219,15:10:44,0.85,100,111650
20240219,15:10:45,0.9,50,111650
20240219,15:10:46,0.9,50,111650
20240219,15:10:55,0.85,250,111650
20240219,15:11:10,0.85,100,111650
20240219,15:11:13,0.9,1400,111650
20240219,15:11:24,0.8,1800,111650
20240219,15:11:29,0.9,1350,111650
20240219,15:11:30,0.9,800,111650
20240219,15:11:40,0.85,1800,111650
20240219,15:11:42,0.9,900,111650
20240219,15:11:47,0.9,100,111650
20240219,15:11:50,0.85,50,111650
20240219,15:11:55,0.9,100,111650
20240219,15:11:56,0.85,700,111650
20240219,15:12:09,0.9,500,111650
20240219,15:12:34,0.85,50,111650
20240219,15:12:43,0.9,2350,111650
20240219,15:12:55,0.95,1800,111650
20240219,15:12:59,0.85,1800,111650
20240219,15:13:02,0.85,500,111650
20240219,15:13:08,0.85,100,111650
20240219,15:13:13,0.85,100,111650
20240219,15:13:22,0.85,500,111650
20240219,15:13:52,0.85,1800,111650
20240219,15:13:52,0.9,200,115600
20240219,15:13:57,0.9,700,115600
20240219,15:14:43,0.9,500,115600
20240219,15:14:44,0.9,2250,115600
20240219,15:14:47,0.9,550,115600
20240219,15:14:47,0.9,200,115600
20240219,15:15:02,0.85,250,115600
20240219,15:15:33,0.85,250,115600
20240219,15:15:43,0.9,850,115600
20240219,15:16:43,0.95,400,117000
20240219,15:17:04,0.95,250,117000
20240219,15:17:27,0.9,850,117000
20240219,15:17:33,0.9,50,117000
20240219,15:17:46,0.9,650,117000
20240219,15:18:19,0.9,250,117000
20240219,15:18:24,0.95,300,117000
20240219,15:18:36,0.95,100,117000
20240219,15:19:05,0.9,250,117000
20240219,15:19:21,0.9,50,117000
20240219,15:19:54,0.9,250,117400
20240219,15:20:09,0.9,250,117400
20240219,15:20:45,0.9,250,117400
20240219,15:21:08,0.85,1150,117400
20240219,15:21:09,0.85,150,117400
20240219,15:21:11,0.85,500,117400
20240219,15:21:22,0.85,700,117400
20240219,15:21:52,0.85,100,117400
20240219,15:22:18,0.8,50,117400
20240219,15:22:27,0.8,50,116750
20240219,15:22:53,0.8,100,116750
20240219,15:23:05,0.85,450,116750
20240219,15:23:28,0.85,800,116750
20240219,15:23:32,0.85,650,116750
20240219,15:23:38,0.8,150,116750
20240219,15:23:46,0.85,150,116750
20240219,15:24:22,0.8,100,116750
20240219,15:24:34,0.8,400,116750
20240219,15:24:34,0.85,100,116750
20240219,15:24:53,0.8,1050,116750
20240219,15:25:00,0.85,250,116750
20240219,15:25:01,0.75,350,116750
20240219,15:25:04,0.8,550,116750
20240219,15:25:07,0.75,50,116750
20240219,15:25:10,0.8,150,116750
20240219,15:25:22,0.8,500,116750
20240219,15:25:44,0.75,4450,115400
20240219,15:25:44,0.8,400,115400
20240219,15:25:47,0.85,50,115400
20240219,15:25:49,0.8,900,115400
20240219,15:26:03,0.75,1350,115400
20240219,15:26:04,0.7,50,115400
20240219,15:26:37,0.7,1750,115400
20240219,15:26:38,0.7,400,115400
20240219,15:27:13,0.75,150,115400
20240219,15:27:25,0.75,100,115400
20240219,15:27:44,0.75,50,115400
20240219,15:27:45,0.8,250,115400
20240219,15:27:45,0.7,1300,115400
20240219,15:28:11,0.8,900,115400
20240219,15:28:16,0.85,1350,115400
20240219,15:28:34,0.75,50,119800
20240219,15:28:49,0.8,1000,119800
20240219,15:28:57,0.8,750,119800
20240219,15:29:23,0.7,150,119800
20240219,15:29:43,0.7,250,119800
20240219,15:29:47,0.7,50,119800
20240219,15:29:49,0.7,400,119800
20240220,09:15:03,0.9,1,120550
20240220,09:15:03,0.9,50,120550
20240220,09:15:10,0.9,100,120550
20240220,09:15:15,0.85,50,120550
20240220,09:16:13,0.85,50,120550
20240220,09:16:24,0.65,450,120550
20240220,09:16:42,0.65,50,120550
20240220,09:16:58,0.65,500,120550
20240220,09:16:59,0.65,550,120550
20240220,09:17:16,0.65,50,120550
20240220,09:17:50,0.65,50,120550
20240220,09:18:28,0.7,1000,120550
20240220,09:18:58,0.7,250,120900
20240220,09:19:01,0.65,650,120900
20240220,09:19:02,0.7,450,120900
20240220,09:19:03,0.7,50,120900
20240220,09:19:08,0.7,2300,120900
20240220,09:19:18,0.65,600,120900
20240220,09:19:32,0.7,50,120900
20240220,09:20:06,0.7,250,120900
20240220,09:20:11,0.65,1800,120900
20240220,09:20:12,0.65,2100,120900
20240220,09:21:03,0.7,250,120900
20240220,09:21:44,0.7,500,120900
20240220,09:21:48,0.7,50,120900
20240220,09:22:36,0.7,100,126550
20240220,09:23:31,0.65,350,126550
20240220,09:23:34,0.6,4250,126550
20240220,09:23:34,0.6,1800,126550
20240220,09:23:35,0.6,900,126550
20240220,09:23:36,0.6,600,126550
20240220,09:23:37,0.55,200,126550
20240220,09:24:00,0.55,600,126550
20240220,09:24:41,0.7,150,126550
20240220,09:24:49,0.65,100,126550
20240220,09:24:57,0.65,200,132550
20240220,09:25:30,0.65,50,132550
20240220,09:25:31,0.65,50,132550
20240220,09:25:50,0.7,250,132550
20240220,09:26:26,0.7,50,132550
20240220,09:27:10,0.65,50,132550
20240220,09:28:06,0.65,50,132550
20240220,09:28:49,0.7,300,132550
20240220,09:29:21,0.65,100,132550
20240220,09:29:41,0.7,850,132550
20240220,09:29:44,0.65,50,132550
20240220,09:30:19,0.65,100,132550
20240220,09:31:21,0.65,50,132550
20240220,09:31:41,0.65,50,132550
20240220,09:32:16,0.65,50,132550
20240220,09:32:19,0.65,50,132550
20240220,09:33:18,0.65,50,132550
20240220,09:33:19,0.65,50,132550
20240220,09:33:20,0.65,50,132550
20240220,09:34:30,0.7,50,132550
20240220,09:34:44,0.65,50,132550
20240220,09:35:09,0.65,50,132550
20240220,09:35:14,0.65,1600,132550
20240220,09:35:16,0.65,400,132550
20240220,09:36:09,0.65,200,132550
20240220,09:37:19,0.7,100,132550
20240220,09:37:54,0.65,100,134150
20240220,09:37:56,0.7,50,134150
20240220,09:38:28,0.7,350,134150
20240220,09:38:30,0.7,100,134150
20240220,09:39:26,0.65,50,134150
20240220,09:39:28,0.7,50,134150
20240220,09:40:45,0.65,50,134150
20240220,09:42:34,0.7,300,134150
20240220,09:42:53,0.7,500,134150
20240220,09:48:20,0.65,250,134150
20240220,09:48:20,0.7,100,134150
20240220,09:48:22,0.7,150,134150
20240220,09:48:59,0.65,250,134150
20240220,09:49:00,0.7,50,134400
20240220,09:49:01,0.7,100,134400
20240220,09:49:03,0.65,250,134400
20240220,09:49:04,0.7,50,134400
20240220,09:49:05,0.7,50,134400
20240220,09:49:09,0.65,300,134400
20240220,09:49:29,0.65,1800,134400
20240220,09:49:39,0.65,250,134400
20240220,09:49:45,0.65,250,134400
20240220,09:50:05,0.65,1400,134400
20240220,09:50:06,0.65,400,134400
20240220,09:50:19,0.65,1650,134400
20240220,09:50:19,0.65,50,134400
20240220,09:51:05,0.65,1050,134400
20240220,09:51:57,0.7,500,134400
20240220,09:52:07,0.6,3600,138450
20240220,09:53:43,0.65,1850,138450
20240220,09:53:46,0.65,50,138450
20240220,09:54:02,0.6,200,138450
20240220,09:54:05,0.6,750,138450
20240220,09:54:08,0.6,250,138450
20240220,09:54:11,0.55,250,138450
20240220,09:54:29,0.6,50,138450
20240220,09:55:09,0.55,1800,138450
20240220,09:55:11,0.55,1800,143100
20240220,09:55:19,0.6,50,143100
20240220,09:55:24,0.6,900,143100
20240220,09:55:39,0.6,50,143100
20240220,09:56:36,0.55,850,143100
20240220,09:58:24,0.55,50,146700
20240220,10:04:08,0.6,450,146700
20240220,10:04:56,0.6,1350,146700
20240220,10:06:03,0.6,150,146700
20240220,10:09:23,0.55,1800,146700
20240220,10:16:18,0.6,250,146950
20240220,10:16:29,0.6,650,146950
20240220,10:16:30,0.6,350,146950
20240220,10:16:34,0.6,1800,146950
20240220,10:16:35,0.6,1800,146950
20240220,10:16:38,0.6,2550,146950
20240220,10:17:42,0.65,50,146950
20240220,10:17:48,0.65,150,146950
20240220,10:17:50,0.65,250,146950
20240220,10:18:10,0.65,50,146950
20240220,10:19:52,0.65,50,146250
20240220,10:19:53,0.65,250,146250
20240220,10:19:56,0.65,100,146250
20240220,10:27:33,0.65,100,146250
20240220,10:28:35,0.7,50,146500
20240220,10:28:42,0.65,50,146500
20240220,10:35:17,0.7,100,146500
20240220,10:35:17,0.7,200,146500
20240220,10:37:29,0.65,250,146250
20240220,10:37:47,0.75,450,146250
20240220,10:37:48,0.65,650,146250
20240220,10:38:45,0.65,50,146250
20240220,10:39:07,0.75,750,146250
20240220,10:39:26,0.7,950,146250
20240220,10:46:14,0.75,650,147800
20240220,10:47:00,0.75,50,147800
20240220,10:49:12,0.65,50,147800
20240220,10:55:24,0.7,50,147800
20240220,10:56:06,0.7,2150,147800
20240220,10:56:06,0.7,50,147800
20240220,10:57:32,0.75,250,147800
20240220,11:00:31,0.65,50,147800
20240220,11:01:36,0.65,50,148600
20240220,11:06:00,0.7,50,148600
20240220,11:08:12,0.65,1500,148600
20240220,11:08:47,0.65,450,148650
20240220,11:09:02,0.65,150,148650
20240220,11:09:27,0.65,50,148650
20240220,11:10:10,0.65,150,148650
20240220,11:12:09,0.6,1200,148200
20240220,11:14:35,0.65,1100,147850
20240220,11:15:12,0.65,50,147850
20240220,11:19:04,0.7,50,147850
20240220,11:20:22,0.6,50,147250
20240220,11:21:55,0.6,50,147250
20240220,11:23:12,0.65,350,147250
20240220,11:29:58,0.7,700,147250
20240220,11:29:58,0.7,1800,146900
20240220,11:30:06,0.65,900,146900
20240220,11:30:08,0.65,50,146900
20240220,11:32:40,0.65,350,147050
20240220,11:32:55,0.7,1800,147050
20240220,11:32:57,0.7,3500,147050
20240220,11:32:58,0.75,1600,147050
20240220,11:33:16,0.8,3600,147050
20240220,11:33:17,0.8,350,147050
20240220,11:33:19,0.8,250,147050
20240220,11:33:29,0.8,250,147050
20240220,11:34:00,0.8,450,147050
20240220,11:34:43,0.8,500,147050
20240220,11:34:51,0.8,5150,150950
20240220,11:35:12,0.75,200,150950
20240220,11:35:38,0.75,600,150950
20240220,11:36:48,0.7,450,150950
20240220,11:37:31,0.7,50,149900
20240220,11:38:24,0.8,250,149900
20240220,11:43:14,0.8,250,149900
20240220,11:44:27,0.7,100,149900
20240220,11:44:35,0.7,800,149900
20240220,11:44:35,0.7,50,149900
20240220,11:44:36,0.7,150,149900
20240220,11:44:38,0.7,400,149900
20240220,11:44:49,0.75,750,149900
20240220,11:45:10,0.75,250,149900
20240220,11:45:13,0.75,250,149900
20240220,11:45:30,0.7,50,149900
20240220,11:53:25,0.75,250,149900
20240220,11:53:45,0.75,250,149900
20240220,11:53:51,0.75,50,149900
20240220,11:58:22,0.75,50,149650
20240220,11:58:46,0.75,250,149650
20240220,12:00:44,0.8,350,149650
20240220,12:00:55,0.8,650,149650
20240220,12:00:56,0.85,1800,149650
20240220,12:01:00,0.8,150,149650
20240220,12:01:20,0.85,300,147000
20240220,12:01:22,0.8,50,147000
20240220,12:01:23,0.9,3000,147000
20240220,12:01:59,0.85,150,147000
20240220,12:02:08,0.85,2100,147000
20240220,12:02:09,0.9,1800,147000
20240220,12:02:18,0.9,100,147000
20240220,12:02:21,0.85,250,147000
20240220,12:02:38,0.9,400,147000
20240220,12:02:41,0.9,50,147000
20240220,12:02:46,0.9,1850,147000
20240220,12:02:49,0.95,4450,147000
20240220,12:03:03,0.95,700,147000
20240220,12:03:10,0.95,650,147000
20240220,12:03:14,0.95,3000,147000
20240220,12:03:16,1.0,3000,147000
20240220,12:03:16,1.0,2400,147000
20240220,12:03:19,1.0,1150,147000
20240220,12:04:05,1.0,800,147000
20240220,12:04:06,1.0,50,147000
20240220,12:04:07,1.0,100,147000
20240220,12:04:13,1.05,1800,147000
20240220,12:04:24,1.05,400,147000
20240220,12:04:28,1.05,450,144600
20240220,12:04:29,1.1,650,144600
20240220,12:04:46,1.1,300,144600
20240220,12:04:47,1.1,50,144600
20240220,12:05:04,1.1,50,144600
20240220,12:05:08,1.05,250,144600
20240220,12:05:12,1.05,700,144600
20240220,12:05:14,1.05,1050,144600
20240220,12:05:18,1.1,450,144600
20240220,12:05:25,1.05,150,144600
20240220,12:05:28,1.05,100,144600
20240220,12:05:30,1.05,150,144600
20240220,12:05:49,1.0,1100,144600
20240220,12:06:12,1.05,300,144600
20240220,12:06:14,1.0,1900,144600
20240220,12:06:18,1.05,1000,144600
20240220,12:06:19,1.05,1800,144600
20240220,12:06:21,1.05,50,144600
20240220,12:06:31,1.0,150,144600
20240220,12:06:35,0.95,7800,144600
20240220,12:06:45,0.95,100,144600
20240220,12:06:50,1.0,1800,144600
20240220,12:06:52,1.0,500,144600
20240220,12:06:55,1.0,600,144600
20240220,12:07:06,1.0,300,144600
20240220,12:07:12,1.0,250,144600
20240220,12:07:13,1.0,50,144600
20240220,12:07:14,1.0,100,144600
20240220,12:07:15,1.0,150,138650
20240220,12:07:21,1.0,50,138650
20240220,12:07:22,1.0,450,138650
20240220,12:07:23,1.0,350,138650
20240220,12:07:24,1.0,150,138650
20240220,12:07:30,1.0,1800,138650
20240220,12:07:45,1.0,250,138650
20240220,12:07:47,1.0,1850,138650
20240220,12:07:49,1.0,1800,138650
20240220,12:07:56,0.95,500,138650
20240220,12:07:58,1.0,450,138650
20240220,12:08:02,1.0,300,138650
20240220,12:08:05,1.0,250,138650
20240220,12:08:08,1.0,50,138650
20240220,12:08:08,1.05,250,138650
20240220,12:08:14,1.05,250,138650
20240220,12:08:15,1.0,50,138650
20240220,12:08:16,1.0,50,138650
20240220,12:08:17,1.0,200,138650
20240220,12:08:18,1.05,150,138650
20240220,12:08:30,1.0,200,138650
20240220,12:08:36,1.0,500,138650
20240220,12:08:38,1.05,1800,138650
20240220,12:08:38,1.05,2600,138650
20240220,12:08:45,1.05,1050,138650
20240220,12:08:46,1.05,100,138650
20240220,12:09:00,1.1,50,138650
20240220,12:09:09,1.1,150,138650
20240220,12:10:03,1.1,150,138650
20240220,12:10:31,1.1,500,138650
20240220,12:10:52,1.1,250,133300
20240220,12:11:05,1.05,50,133300
20240220,12:11:20,1.05,50,133300
20240220,12:11:31,1.05,100,133300
20240220,12:12:01,1.05,500,133300
20240220,12:12:16,1.05,2000,133300
20240220,12:12:19,1.05,600,133300
20240220,12:12:53,1.1,750,133300
20240220,12:12:55,1.1,50,133300
20240220,12:14:12,1.0,1850,132750
20240220,12:14:12,1.0,300,132750
20240220,12:14:15,1.0,400,132750
20240220,12:14:17,1.0,900,132750
20240220,12:14:33,0.95,350,132750
20240220,12:14:34,0.95,150,132750
20240220,12:14:36,0.95,650,132750
20240220,12:14:40,0.95,1100,132750
20240220,12:14:42,0.95,1800,132750
20240220,12:14:49,1.0,150,132750
20240220,12:14:50,0.95,400,132750
20240220,12:14:58,1.0,150,132750
20240220,12:15:12,1.0,50,132750
20240220,12:15:21,0.95,350,132750
20240220,12:15:23,1.0,300,132750
20240220,12:15:26,0.95,850,132750
20240220,12:15:27,0.9,1050,132750
20240220,12:15:29,0.95,250,132750
20240220,12:15:56,0.9,950,132750
20240220,12:16:17,0.95,250,129200
20240220,12:16:41,0.95,100,129200
20240220,12:17:12,0.95,500,129200
20240220,12:17:14,0.95,950,129200
20240220,12:17:17,0.95,400,129200
20240220,12:17:18,0.95,950,129200
20240220,12:17:19,1.0,100,129200
20240220,12:17:23,0.95,50,129200
20240220,12:17:28,0.95,50,129200
20240220,12:17:34,0.9,400,129200
20240220,12:17:37,1.0,3000,129200
20240220,12:17:38,0.95,50,129200
20240220,12:17:44,0.95,300,129200
20240220,12:17:47,0.9,1200,129200
20240220,12:17:48,0.9,300,129200
20240220,12:18:19,0.95,1350,129200
20240220,12:18:21,0.9,1800,129200
20240220,12:18:26,0.9,400,129200
20240220,12:18:28,0.9,1100,129200
20240220,12:18:34,0.9,250,129200
20240220,12:20:44,0.9,50,129200
20240220,12:20:45,0.9,50,129350
20240220,12:21:02,0.85,100,129350
20240220,12:21:10,0.9,3200,129350
20240220,12:21:13,0.8,150,129350
20240220,12:21:14,0.8,50,129350
20240220,12:21:17,0.85,800,129350
20240220,12:21:27,0.85,550,129350
20240220,12:21:34,0.8,150,129350
20240220,12:21:55,0.85,250,129350
20240220,12:22:26,0.85,750,127250
20240220,12:23:16,0.9,450,127250
20240220,12:25:36,0.85,50,127250
20240220,12:26:57,0.9,500,127900
20240220,12:27:07,0.9,250,127900
20240220,12:27:24,0.85,50,127900
20240220,12:27:28,0.85,50,127900
20240220,12:27:56,0.85,250,127900
20240220,12:30:59,0.9,2000,127900
20240220,12:31:02,0.8,1800,128400
20240220,12:31:03,0.8,1800,128400
20240220,12:31:37,0.85,900,132550
20240220,12:32:10,0.85,250,132550
20240220,12:32:44,0.8,100,132550
20240220,12:32:45,0.85,350,132550
20240220,12:35:20,0.8,2150,132750
20240220,12:35:22,0.75,2550,132750
20240220,12:35:27,0.75,1050,132750
20240220,12:35:44,0.75,50,132750
20240220,12:35:55,0.75,550,132750
20240220,12:40:42,0.8,50,135500
20240220,12:41:42,0.8,500,135500
20240220,12:43:53,0.8,250,135850
20240220,12:43:53,0.8,100,135850
20240220,12:50:52,0.85,500,136000
20240220,12:57:01,0.75,50,136000
20240220,12:57:08,0.85,50,136450
20240220,12:58:00,0.85,250,136450
20240220,12:58:50,0.75,150,136450
20240220,13:01:52,0.8,250,136550
20240220,13:02:07,0.8,50,136550
20240220,13:02:26,0.8,800,136550
20240220,13:02:27,0.8,50,136550
20240220,13:04:48,0.8,50,136350
20240220,13:10:27,0.85,350,136350
20240220,13:12:05,0.85,450,136300
20240220,13:12:13,0.85,200,136300
20240220,13:23:24,0.85,50,136300
20240220,13:25:28,0.85,100,136900
20240220,13:25:48,0.85,1150,136900
20240220,13:28:37,0.8,500,136900
20240220,13:30:42,0.85,350,137750
20240220,13:30:50,0.9,200,137750
20240220,13:30:51,0.9,500,137750
20240220,13:31:25,0.85,50,137750
20240220,13:33:01,0.85,1000,136700
20240220,13:33:56,0.85,250,136700
20240220,13:33:58,0.85,600,136700
20240220,13:34:32,0.85,450,136200
20240220,13:37:56,0.8,200,136050
20240220,13:38:52,0.8,150,136050
20240220,13:39:06,0.8,250,136050
20240220,13:39:31,0.8,100,136050
20240220,13:39:32,0.8,50,136050
20240220,13:41:30,0.8,250,136050
20240220,13:42:56,0.75,50,135900
20240220,13:43:30,0.85,1200,135650
20240220,13:44:23,0.8,150,135650
20240220,13:44:34,0.8,250,135650
20240220,13:44:35,0.8,100,135650
20240220,13:45:22,0.8,1450,135650
20240220,13:47:25,0.85,50,136500
20240220,13:49:18,0.85,100,136500
20240220,13:49:23,0.75,50,136500
20240220,13:49:30,0.8,50,136550
20240220,13:51:31,0.8,50,136550
20240220,13:52:09,0.85,450,136550
20240220,13:52:27,0.85,650,136550
20240220,13:53:03,0.8,250,136650
20240220,13:53:12,0.85,900,136650
20240220,13:53:33,0.85,50,136650
20240220,13:53:51,0.85,1850,136650
20240220,13:54:46,0.85,50,136650
20240220,13:56:28,0.8,50,135450
20240220,13:56:57,0.9,50,135450
20240220,14:00:01,0.8,250,135450
20240220,14:00:01,0.8,50,135450
20240220,14:00:03,0.8,100,135450
20240220,14:03:07,0.8,1800,135100
20240220,14:04:50,0.8,250,135100
20240220,14:05:39,0.85,50,135000
20240220,14:05:45,0.8,150,135000
20240220,14:05:47,0.8,900,135000
20240220,14:06:02,0.85,1800,135000
20240220,14:06:05,0.8,250,135000
20240220,14:06:17,0.9,1800,135000
20240220,14:06:25,0.8,250,135000
20240220,14:08:04,0.8,750,135000
20240220,14:08:05,0.8,650,136750
20240220,14:10:21,0.85,100,136750
20240220,14:11:11,0.8,250,136800
20240220,14:11:22,0.8,250,136800
20240220,14:11:54,0.8,500,136800
20240220,14:12:07,0.8,100,136800
20240220,14:12:13,0.8,200,136800
20240220,14:12:15,0.8,400,136800
20240220,14:17:28,0.75,250,136800
20240220,14:20:56,0.85,1800,136900
20240220,14:22:25,0.75,500,136900
20240220,14:23:47,0.8,50,136900
20240220,14:23:47,0.8,100,137300
20240220,14:26:16,0.8,100,137300
20240220,14:30:08,0.8,250,137550
20240220,14:31:57,0.8,600,137550
20240220,14:32:33,0.8,50,137550
20240220,14:32:37,0.8,500,137550
20240220,14:32:39,0.85,1800,137550
20240220,14:32:40,0.85,600,137550
20240220,14:32:42,0.85,300,137550
20240220,14:34:38,0.8,350,137550
20240220,14:34:43,0.8,200,135050
20240220,14:34:47,0.8,1600,135050
20240220,14:35:10,0.85,1800,135050
20240220,14:35:48,0.85,1350,135050
20240220,14:36:37,0.9,1800,135050
20240220,14:36:41,0.9,2050,135050
20240220,14:37:01,0.85,1800,135050
20240220,14:37:24,0.85,500,135050
20240220,14:37:34,0.9,1800,135050
20240220,14:37:35,0.9,1500,135050
20240220,14:38:08,0.9,250,135050
20240220,14:38:23,0.9,500,131800
20240220,14:38:24,0.9,400,131800
20240220,14:38:26,0.9,750,131800
20240220,14:38:44,0.85,50,131800
20240220,14:40:19,0.85,1800,131800
20240220,14:40:34,0.8,150,131800
20240220,14:40:44,0.85,50,132050
20240220,14:40:52,0.8,1850,132050
20240220,14:40:55,0.8,700,132050
20240220,14:40:56,0.75,550,132050
20240220,14:41:05,0.85,550,132050
20240220,14:41:26,0.85,750,132050
20240220,14:41:34,0.85,500,132050
20240220,14:42:18,0.85,500,132050
20240220,14:42:20,0.85,350,132050
20240220,14:44:24,0.8,50,132050
20240220,14:44:52,0.85,500,131050
20240220,14:45:13,0.85,500,131050
20240220,14:45:49,0.75,1800,131050
20240220,14:46:00,0.75,1800,131050
20240220,14:46:08,0.8,1150,131050
20240220,14:46:46,0.85,100,130150
20240220,14:51:10,0.85,50,130150
20240220,14:51:21,0.75,50,130150
20240220,14:51:32,0.75,1800,130150
20240220,14:51:41,0.8,1300,130150
20240220,14:52:04,0.8,250,130150
20240220,14:52:07,0.8,450,130150
20240220,14:52:16,0.8,50,130150
20240220,14:52:42,0.85,50,130150
20240220,14:56:30,0.75,50,129250
20240220,14:56:32,0.85,100,129250
20240220,14:56:48,0.8,50,129250
20240220,14:56:50,0.8,650,129250
20240220,14:57:58,0.75,100,129250
20240220,14:58:09,0.8,400,129250
20240220,14:59:04,0.75,100,129900
20240220,15:00:16,0.8,100,129900
20240220,15:00:35,0.85,750,129900
20240220,15:00:58,0.9,1800,129900
20240220,15:00:59,0.85,800,129900
20240220,15:01:01,0.9,100,129900
20240220,15:01:02,0.85,1100,129900
20240220,15:01:42,0.9,2250,128650
20240220,15:03:15,0.9,250,128650
20240220,15:03:16,0.95,300,128650
20240220,15:03:49,0.9,50,128650
20240220,15:04:31,0.9,300,128650
20240220,15:06:04,0.9,200,128250
20240220,15:06:07,0.9,500,128250
20240220,15:06:20,0.9,250,128250
20240220,15:06:35,0.95,1600,128250
20240220,15:06:35,0.95,2200,128250
20240220,15:07:12,0.9,250,128250
20240220,15:07:20,1.0,900,128250
20240220,15:07:21,0.95,1750,128250
20240220,15:07:23,1.0,100,128250
20240220,15:07:24,0.95,200,128250
20240220,15:07:26,1.0,200,128250
20240220,15:07:28,1.0,200,128250
20240220,15:07:30,1.0,400,128250
20240220,15:07:38,0.95,250,128250
20240220,15:07:40,1.0,600,128250
20240220,15:07:43,0.95,100,127850
20240220,15:07:58,1.0,150,127850
20240220,15:08:03,0.95,50,127850
20240220,15:08:03,0.95,1200,127850
20240220,15:08:06,1.0,800,127850
20240220,15:08:12,1.05,1000,127850
20240220,15:08:34,0.95,1000,127850
20240220,15:08:36,0.95,350,127850
20240220,15:08:42,0.95,300,127850
20240220,15:08:45,1.05,1150,127850
20240220,15:08:49,1.05,1000,127850
20240220,15:08:52,1.05,1000,127850
20240220,15:08:57,0.95,900,127850
20240220,15:09:05,0.95,250,127850
20240220,15:09:06,1.05,1000,127850
20240220,15:09:15,0.95,250,127850
20240220,15:09:18,0.95,2150,127850
20240220,15:09:24,0.95,650,127850
20240220,15:09:27,0.95,1150,127850
20240220,15:09:28,1.0,800,127850
20240220,15:09:34,0.95,550,127850
20240220,15:11:12,0.95,50,128400
20240220,15:11:34,0.95,1450,128400
20240220,15:11:35,0.95,50,128400
20240220,15:11:36,0.95,50,128400
20240220,15:12:15,1.0,100,128400
20240220,15:12:23,0.9,400,128400
20240220,15:12:51,0.9,1700,128400
20240220,15:13:39,0.9,50,128400
20240220,15:14:00,0.9,350,128000
20240220,15:14:02,0.9,300,128000
20240220,15:14:17,0.9,350,128000
20240220,15:14:24,0.9,250,128000
20240220,15:14:25,0.9,250,128000
20240220,15:14:50,0.9,250,128000
20240220,15:15:05,0.9,2100,128000
20240220,15:15:11,0.9,750,128000
20240220,15:15:18,0.9,200,128000
20240220,15:15:48,0.9,950,128000
20240220,15:17:17,0.9,300,127250
20240220,15:17:19,0.95,1750,127250
20240220,15:17:21,0.85,1000,127250
20240220,15:17:24,0.95,50,127250
20240220,15:17:26,0.9,300,127250
20240220,15:17:27,0.9,150,127250
20240220,15:17:28,0.95,1000,127250
20240220,15:17:35,0.95,200,127250
20240220,15:17:41,0.9,250,127250
20240220,15:17:46,0.95,2000,127250
20240220,15:17:50,1.0,1800,127250
20240220,15:17:50,1.0,200,127250
20240220,15:17:51,1.0,300,127250
20240220,15:20:10,0.95,2100,127500
20240220,15:20:11,0.95,150,127500
20240220,15:20:31,1.0,750,127500
20240220,15:20:35,1.0,250,127500
20240220,15:20:36,1.0,100,127500
20240220,15:21:00,1.0,500,127500
20240220,15:21:18,1.0,500,127500
20240220,15:21:19,1.0,100,127500
20240220,15:21:35,1.05,850,127500
20240220,15:21:36,1.05,450,127500
20240220,15:21:40,1.0,550,127500
20240220,15:21:41,1.1,1000,127500
20240220,15:21:44,1.1,1000,127500
20240220,15:21:45,1.0,250,127500
20240220,15:21:46,1.1,1000,127500
20240220,15:21:49,1.1,1000,127500
20240220,15:21:58,1.0,500,127500
20240220,15:22:05,1.05,100,127500
20240220,15:22:09,1.0,200,127500
20240220,15:22:29,1.0,250,127500
20240220,15:22:35,1.05,400,127500
20240220,15:22:45,1.1,150,127500
20240220,15:22:51,1.05,250,127500
20240220,15:23:04,1.05,2650,130000
20240220,15:23:07,1.05,250,130000
20240220,15:23:13,1.05,1700,130000
20240220,15:23:31,1.0,150,130000
20240220,15:23:36,1.05,650,130000
20240220,15:23:41,1.0,1800,130000
20240220,15:23:42,1.05,100,130000
20240220,15:23:43,0.95,2750,130000
20240220,15:23:44,0.95,2850,130000
20240220,15:23:45,0.95,400,130000
20240220,15:23:53,0.95,500,130000
20240220,15:24:05,1.0,900,130000
20240220,15:24:20,1.0,250,130000
20240220,15:24:35,1.0,650,130000
20240220,15:24:37,0.95,1100,130000
20240220,15:24:38,0.9,2200,130000
20240220,15:24:39,0.9,2250,130000
20240220,15:24:40,0.9,400,130000
20240220,15:24:43,0.95,250,130000
20240220,15:24:46,0.95,100,130000
20240220,15:25:04,0.95,250,130000
20240220,15:25:05,0.95,600,130000
20240220,15:25:23,0.95,750,130000
20240220,15:25:35,0.95,250,130000
20240220,15:25:36,0.85,300,130000
20240220,15:25:37,0.9,50,130000
20240220,15:25:42,0.9,350,130000
20240220,15:25:44,0.95,50,130000
20240220,15:25:46,0.85,150,130000
20240220,15:25:49,0.95,50,137950
20240220,15:25:51,0.9,100,137950
20240220,15:26:05,0.95,650,137950
20240220,15:26:13,0.95,250,137950
20240220,15:26:31,0.95,50,137950
20240220,15:26:35,0.95,100,137950
20240220,15:26:41,1.0,100,137950
20240220,15:26:44,0.95,100,137950
20240220,15:26:47,0.95,200,137950
20240220,15:26:53,0.9,250,137950
20240220,15:27:05,0.9,100,137950
20240220,15:27:11,0.95,300,137950
20240220,15:27:40,0.9,1350,137950
20240220,15:27:42,0.9,50,137950
20240220,15:28:01,0.85,50,137950
20240220,15:28:07,1.0,200,137950
20240220,15:28:13,0.9,400,137950
20240220,15:28:37,0.85,50,137950
20240220,15:28:47,1.05,5800,139200
20240220,15:28:49,1.85,9250,139200
20240220,15:28:49,1.05,100,139200
20240220,15:29:08,0.95,200,139200
20240220,15:29:15,0.95,100,139200
20240220,15:29:16,1.05,650,139200
20240220,15:29:17,1.0,450,139200
20240220,15:29:19,1.2,1000,139200
20240220,15:29:27,1.0,50,139200
20240220,15:29:36,0.95,50,139200
20240220,15:29:37,0.95,50,139200
20240220,15:29:38,0.95,100,139200
20240220,15:29:40,0.95,200,139200
20240220,15:29:41,1.0,650,139200
20240220,15:29:46,0.95,250,139200
20240220,15:29:55,0.9,350,139200
20240220,15:29:56,1.0,350,139200
20240221,09:15:00,1.0,1,144950
20240221,09:15:00,1.0,150,144950
20240221,09:15:01,1.0,200,144950
20240221,09:15:02,0.95,50,144950
20240221,09:15:03,0.95,150,144950
20240221,09:15:04,1.0,50,144950
20240221,09:15:05,3.85,1100,144950
20240221,09:15:10,3.85,100,144950
20240221,09:15:11,0.85,250,144950
20240221,09:15:13,0.85,50,144950
20240221,09:15:14,0.85,200,144950
20240221,09:15:16,0.8,150,144950
20240221,09:15:17,0.8,250,144950
20240221,09:15:19,0.85,300,144950
20240221,09:15:22,0.75,350,144950
20240221,09:15:23,0.75,800,144950
20240221,09:15:24,0.75,50,144950
20240221,09:15:26,0.75,250,144950
20240221,09:15:28,0.75,150,144950
20240221,09:15:30,0.8,50,144950
20240221,09:15:32,0.8,50,144950
20240221,09:15:34,0.8,200,144950
20240221,09:15:35,0.8,50,144950
20240221,09:15:38,0.75,250,144950
20240221,09:15:41,0.8,200,144950
20240221,09:15:42,0.75,400,144950
20240221,09:15:44,0.75,100,144950
20240221,09:15:45,0.75,500,144950
20240221,09:15:46,0.75,50,144950
20240221,09:15:47,0.8,500,144950
20240221,09:15:51,0.8,250,144950
20240221,09:15:56,0.8,50,146300
20240221,09:16:03,0.8,200,146300
20240221,09:16:03,0.8,450,146300
20240221,09:16:05,0.8,350,146300
20240221,09:16:07,0.8,50,146300
20240221,09:16:10,0.8,550,146300
20240221,09:16:15,0.75,50,146300
20240221,09:16:19,0.85,250,146300
20240221,09:16:31,0.85,50,146300
20240221,09:16:41,0.8,1100,146300
20240221,09:16:55,0.75,100,146300
20240221,09:16:57,0.8,100,146300
20240221,09:16:59,0.8,50,146300
20240221,09:17:00,0.8,50,146300
20240221,09:17:03,0.85,100,146300
20240221,09:17:07,0.8,100,146300
20240221,09:17:16,0.75,400,146300
20240221,09:17:18,0.75,50,146300
20240221,09:17:36,0.75,250,146300
20240221,09:17:37,0.75,350,146300
20240221,09:18:28,0.75,150,146300
20240221,09:18:39,0.75,100,146300
20240221,09:18:44,0.75,50,146300
20240221,09:18:50,0.75,100,146300
20240221,09:18:56,0.75,100,146300
20240221,09:19:00,0.75,1000,146300
20240221,09:19:06,0.65,2000,146300
20240221,09:19:08,0.75,100,146300
20240221,09:19:09,0.75,100,146300
20240221,09:19:13,0.7,1000,146300
20240221,09:19:17,0.65,950,146300
20240221,09:19:20,0.75,100,146300
20240221,09:19:22,0.75,700,146300
20240221,09:19:33,0.75,1150,146300
20240221,09:19:36,0.75,1250,146300
20240221,09:19:44,0.7,1000,146300
20240221,09:19:47,0.7,1000,146300
20240221,09:19:49,0.7,1000,146300
20240221,09:19:51,0.7,1250,146300
20240221,09:20:03,0.7,1450,146300
20240221,09:20:06,0.7,1500,146300
20240221,09:20:07,0.7,50,146300
20240221,09:20:08,0.65,1150,146300
20240221,09:20:11,0.65,1150,146300
20240221,09:20:33,0.7,250,146300
20240221,09:20:41,0.7,250,146300
20240221,09:20:56,0.7,100,146300
20240221,09:20:57,0.7,150,146300
20240221,09:21:01,0.7,1000,146300
20240221,09:21:12,0.75,50,146300
20240221,09:22:22,0.65,1800,142150
20240221,09:22:36,0.65,500,142150
20240221,09:23:06,0.7,100,142150
20240221,09:23:17,0.7,100,142150
20240221,09:23:25,0.7,50,142150
20240221,09:23:45,0.65,1000,142150
20240221,09:24:09,0.7,50,142150
20240221,09:24:16,0.75,750,142150
20240221,09:25:06,0.65,150,141700
20240221,09:25:11,0.7,400,141700
20240221,09:25:14,0.7,100,141700
20240221,09:25:14,0.7,200,141700
20240221,09:25:24,0.65,50,141700
20240221,09:26:22,0.65,50,141700
20240221,09:26:40,0.65,50,141700
20240221,09:26:54,0.65,50,141700
20240221,09:26:57,0.7,900,141700
20240221,09:27:26,0.65,250,141700
20240221,09:27:39,0.7,50,141700
20240221,09:28:18,0.65,250,141700
20240221,09:28:23,0.65,50,141950
20240221,09:28:53,0.65,250,141950
20240221,09:29:10,0.65,250,141950
20240221,09:30:29,0.6,50,141950
20240221,09:30:42,0.6,100,141950
20240221,09:31:18,0.6,400,141800
20240221,09:32:17,0.6,100,141800
20240221,09:32:37,0.7,50,141800
20240221,09:34:39,0.6,50,141800
20240221,09:36:39,0.6,50,141900
20240221,09:36:47,0.6,150,141900
20240221,09:37:19,0.65,50,141900
20240221,09:37:41,0.6,200,141900
20240221,09:38:06,0.55,5400,141900
20240221,09:40:04,0.55,900,147100
20240221,09:40:05,0.6,50,147100
20240221,09:40:06,0.6,50,147100
20240221,09:41:24,0.55,50,147100
20240221,09:42:05,0.6,50,147100
20240221,09:42:06,0.55,200,147100
20240221,09:42:15,0.55,2850,147100
20240221,09:42:21,0.55,900,147100
20240221,09:43:32,0.55,150,146150
20240221,09:44:10,0.55,1800,146150
20240221,09:45:06,0.55,50,146150
20240221,09:45:58,0.6,50,147700
20240221,09:46:04,0.6,500,147700
20240221,09:47:19,0.6,100,147700
20240221,09:47:44,0.6,250,147700
20240221,09:47:48,0.6,1350,147700
20240221,09:47:49,0.6,100,147700
20240221,09:47:50,0.6,50,147700
20240221,09:47:51,0.6,100,147700
20240221,09:49:42,0.6,100,148800
20240221,09:49:47,0.65,100,148800
20240221,09:50:53,0.6,100,148800
20240221,09:51:56,0.6,800,148800
20240221,09:51:57,0.6,800,148800
20240221,09:52:02,0.6,2900,148900
20240221,09:52:33,0.65,3000,148900
20240221,09:52:36,0.65,1500,148900
20240221,09:53:10,0.65,550,148900
20240221,09:53:23,0.65,250,148900
20240221,09:53:26,0.65,1000,148900
20240221,09:53:31,0.65,250,148900
20240221,09:53:32,0.65,50,148900
20240221,09:53:35,0.65,200,148900
20240221,09:55:45,0.6,50,148900
20240221,09:55:53,0.65,50,148600
20240221,09:56:10,0.6,50,148600
20240221,09:56:44,0.6,100,148600
20240221,09:56:47,0.6,400,148600
20240221,09:57:34,0.6,1500,148600
20240221,09:57:37,0.65,750,148600
20240221,09:58:07,0.6,450,147850
20240221,09:58:45,0.6,300,147850
20240221,09:58:57,0.6,150,147850
20240221,09:59:04,0.6,550,147850
20240221,10:01:03,0.55,1900,147850
20240221,10:05:49,0.55,750,147550
20240221,10:05:49,0.55,300,147550
20240221,10:05:50,0.55,50,147550
20240221,10:06:05,0.55,900,147550
20240221,10:06:06,0.55,100,147550
20240221,10:06:45,0.55,50,147550
20240221,10:06:47,0.55,300,147550
20240221,10:06:49,0.55,250,147550
20240221,10:06:50,0.55,850,147550
20240221,10:06:51,0.55,50,147550
20240221,10:06:58,0.55,1300,147550
20240221,10:07:23,0.5,450,147550
20240221,10:07:33,0.5,200,147550
20240221,10:07:34,0.5,100,147550
20240221,10:07:41,0.5,900,147550
20240221,10:07:41,0.55,300,147550
20240221,10:07:42,0.55,50,147550
20240221,10:07:44,0.5,350,147550
20240221,10:07:46,0.5,900,147550
20240221,10:07:47,0.5,300,147550
20240221,10:07:47,0.5,250,147550
20240221,10:08:18,0.5,250,147550
20240221,10:08:18,0.55,250,147550
20240221,10:08:24,0.5,2050,147550
20240221,10:08:46,0.5,850,147550
20240221,10:08:48,0.5,1800,147550
20240221,10:08:49,0.5,1400,147550
20240221,10:08:50,0.5,350,147550
20240221,10:08:55,0.5,50,147550
20240221,10:08:58,0.45,150,147550
20240221,10:09:00,0.45,50,147550
20240221,10:09:17,0.45,600,147550
20240221,10:09:42,0.45,50,147550
20240221,10:10:02,0.45,150,144350
20240221,10:10:34,0.45,250,144350
20240221,10:10:38,0.45,650,144350
20240221,10:11:00,0.45,2450,144350
20240221,10:11:04,0.45,2550,144350
20240221,10:11:09,0.45,2200,144350
20240221,10:11:22,0.4,150,144350
20240221,10:11:30,0.4,650,144350
20240221,10:11:32,0.4,850,144350
20240221,10:11:47,0.4,950,144350
20240221,10:12:34,0.4,250,144350
20240221,10:12:48,0.4,5150,144350
20240221,10:12:49,0.45,350,144350
20240221,10:13:00,0.4,450,144350
20240221,10:13:06,0.4,250,144000
20240221,10:13:16,0.4,1550,144000
20240221,10:13:19,0.4,2300,144000
20240221,10:13:28,0.4,1150,144000
20240221,10:13:33,0.4,500,144000
20240221,10:13:34,0.35,3250,144000
20240221,10:13:35,0.4,100,144000
20240221,10:13:36,0.4,100,144000
20240221,10:13:38,0.4,100,144000
20240221,10:13:40,0.4,500,144000
20240221,10:13:42,0.4,200,144000
20240221,10:13:56,0.4,150,144000
20240221,10:13:57,0.4,150,144000
20240221,10:13:58,0.4,1250,144000
20240221,10:14:19,0.35,2300,144000
20240221,10:14:21,0.35,800,144000
20240221,10:14:23,0.4,500,144000
20240221,10:14:26,0.35,250,144000
20240221,10:14:28,0.4,50,144000
20240221,10:14:30,0.35,1450,144000
20240221,10:14:39,0.35,2950,144000
20240221,10:15:03,0.35,3300,144000
20240221,10:15:04,0.35,1700,144000
20240221,10:15:06,0.35,200,144000
20240221,10:15:08,0.35,2800,144000
20240221,10:15:09,0.35,2450,144000
20240221,10:15:10,0.3,1800,144000
20240221,10:15:11,0.3,1800,144000
20240221,10:15:16,0.3,250,144000
20240221,10:15:17,0.35,250,144000
20240221,10:15:26,0.35,250,144000
20240221,10:15:36,0.35,1000,144000
20240221,10:15:37,0.35,50,144000
20240221,10:15:43,0.35,150,144000
20240221,10:15:57,0.3,50,144000
20240221,10:16:33,0.3,2600,148700
20240221,10:16:34,0.35,250,148700
20240221,10:16:43,0.3,900,148700
20240221,10:16:43,0.3,2000,148700
20240221,10:16:44,0.3,10050,148700
20240221,10:16:45,0.3,150,148700
20240221,10:16:54,0.3,850,148700
20240221,10:16:56,0.3,3700,148700
20240221,10:16:58,0.3,50,148700
20240221,10:17:00,0.3,50,148700
20240221,10:17:06,0.25,1800,148700
20240221,10:18:07,0.25,1550,148700
20240221,10:18:10,0.25,1750,148700
20240221,10:18:18,0.25,150,148700
20240221,10:18:19,0.25,1800,148700
20240221,10:18:20,0.25,1800,148700
20240221,10:18:36,0.25,1800,148700
20240221,10:18:36,0.25,150,148700
20240221,10:18:37,0.25,1800,148700
20240221,10:18:38,0.25,350,148700
20240221,10:18:41,0.25,1650,148700
20240221,10:19:39,0.25,50,148700
20240221,10:20:39,0.25,5700,155650
20240221,10:20:43,0.25,200,155650
20240221,10:20:58,0.25,100,155650
20240221,10:21:53,0.3,250,155650
20240221,10:22:07,0.3,100,154100
20240221,10:22:56,0.25,1800,154100
20240221,10:22:58,0.25,4400,154100
20240221,10:23:05,0.25,7200,154100
20240221,10:23:07,0.25,600,154100
20240221,10:23:14,0.25,150,154100
20240221,10:23:15,0.25,250,154100
20240221,10:23:17,0.25,150,154100
20240221,10:23:19,0.25,1800,154100
20240221,10:23:20,0.25,5400,154100
20240221,10:23:36,0.25,3650,154100
20240221,10:23:40,0.25,100,154100
20240221,10:23:42,0.25,3400,154100
20240221,10:23:50,0.25,1800,154100
20240221,10:23:51,0.25,3100,154100
20240221,10:23:52,0.25,50,154100
20240221,10:23:53,0.25,50,154100
20240221,10:23:54,0.25,3850,154100
20240221,10:23:55,0.25,5400,154100
20240221,10:23:56,0.25,300,154100
20240221,10:23:57,0.25,50,154100
20240221,10:24:00,0.2,100,154100
20240221,10:24:01,0.2,50,154100
20240221,10:24:05,0.25,50,154100
20240221,10:24:06,0.25,100,154100
20240221,10:24:10,0.25,50,154100
20240221,10:24:11,0.25,50,154100
20240221,10:24:19,0.25,7200,154100
20240221,10:24:20,0.25,500,154100
20240221,10:24:26,0.25,1000,154100
20240221,10:24:48,0.25,100,154100
20240221,10:25:05,0.2,3600,154100
20240221,10:25:21,0.25,250,158100
20240221,10:25:40,0.25,50,158100
20240221,10:26:20,0.25,1400,158100
20240221,10:26:50,0.2,1000,158100
20240221,10:26:51,0.2,250,158100
20240221,10:27:01,0.25,500,158100
20240221,10:27:30,0.25,150,158100
20240221,10:28:13,0.2,1800,161700
20240221,10:28:59,0.2,1800,161700
20240221,10:30:13,0.25,350,161700
20240221,10:30:23,0.2,1800,161700
20240221,10:31:26,0.25,50,161700
20240221,10:31:31,0.25,250,167100
20240221,10:31:44,0.25,12000,167100
20240221,10:31:46,0.2,500,167100
20240221,10:31:47,0.25,5400,167100
20240221,10:31:49,0.25,9000,167100
20240221,10:31:49,0.25,15650,167100
20240221,10:31:57,0.25,1800,167100
20240221,10:32:33,0.25,500,167100
20240221,10:33:02,0.25,50,167100
20240221,10:33:03,0.25,100,167100
20240221,10:33:38,0.25,18000,167100
20240221,10:34:14,0.25,950,167100
20240221,10:34:16,0.25,250,168000
20240221,10:34:39,0.25,400,168000
20240221,10:34:40,0.25,100,168000
20240221,10:34:47,0.25,13550,168000
20240221,10:34:51,0.25,9000,168000
20240221,10:34:52,0.25,5400,168000
20240221,10:35:05,0.25,15650,168000
20240221,10:35:16,0.25,800,168000
20240221,10:35:20,0.25,1800,168000
20240221,10:35:21,0.25,2150,168000
20240221,10:35:32,0.3,250,168000
20240221,10:35:33,0.25,1250,168000
20240221,10:35:46,0.25,1800,168000
20240221,10:36:11,0.3,250,168000
20240221,10:38:07,0.25,2850,183300
20240221,10:39:42,0.25,1800,183300
20240221,10:40:25,0.25,1850,183100
20240221,10:41:25,0.25,3250,183100
20240221,10:41:42,0.25,50,183100
20240221,10:41:51,0.25,50,183100
20240221,10:41:52,0.25,250,183100
20240221,10:41:57,0.25,50,183100
20240221,10:41:58,0.25,100,183100
20240221,10:42:00,0.25,50,183100
20240221,10:42:05,0.25,50,183100
20240221,10:42:06,0.25,300,183100
20240221,10:42:08,0.25,250,183100
20240221,10:42:09,0.25,100,183100
20240221,10:42:10,0.25,50,183100
20240221,10:42:11,0.25,350,183100
20240221,10:42:12,0.25,50,183100
20240221,10:42:13,0.25,50,183100
20240221,10:42:14,0.25,50,183100
20240221,10:42:15,0.25,50,183100
20240221,10:42:17,0.25,150,183100
20240221,10:42:24,0.25,100,183100
20240221,10:42:25,0.25,50,183100
20240221,10:42:29,0.25,50,183100
20240221,10:42:30,0.25,50,183100
20240221,10:42:31,0.25,100,183100
20240221,10:42:33,0.25,50,183100
20240221,10:42:34,0.25,50,183100
20240221,10:42:35,0.25,1100,183100
20240221,10:42:38,0.25,50,183100
20240221,10:42:39,0.25,50,183100
20240221,10:42:40,0.25,16650,183100
20240221,10:44:55,0.25,1800,185100
20240221,10:45:26,0.3,50,185100
20240221,10:45:28,0.25,50,185100
20240221,10:45:32,0.25,50,185100
20240221,10:45:33,0.25,50,185100
20240221,10:45:34,0.25,50,185100
20240221,10:45:35,0.25,50,185100
20240221,10:45:36,0.25,50,185100
20240221,10:45:37,0.25,50,185100
20240221,10:45:38,0.25,50,185100
20240221,10:45:39,0.25,50,185100
20240221,10:45:41,0.25,50,185100
20240221,10:45:44,0.25,50,185100
20240221,10:45:45,0.25,150,185100
20240221,10:45:47,0.25,50,185100
20240221,10:45:48,0.25,50,185100
20240221,10:45:49,0.25,50,185100
20240221,10:45:50,0.25,100,185100
20240221,10:45:51,0.25,50,185100
20240221,10:45:52,0.25,50,185100
20240221,10:45:53,0.3,500,185100
20240221,10:45:54,0.25,50,185100
20240221,10:45:57,0.25,50,185100
20240221,10:45:58,0.25,1850,185100
20240221,10:45:59,0.25,1800,185100
20240221,10:46:03,0.25,100,185100
20240221,10:46:04,0.25,900,185100
20240221,10:46:14,0.25,1800,188450
20240221,10:46:15,0.25,1800,188450
20240221,10:46:16,0.25,600,188450
20240221,10:46:24,0.2,50,188450
20240221,10:46:37,0.25,1000,188450
20240221,10:46:44,0.25,100,188450
20240221,10:46:50,0.25,800,188450
20240221,10:47:01,0.25,750,188450
20240221,10:47:11,0.25,9000,188450
20240221,10:47:12,0.25,250,188450
20240221,10:47:13,0.25,1850,188450
20240221,10:47:14,0.25,50,188450
20240221,10:47:15,0.25,100,188450
20240221,10:47:16,0.25,50,188450
20240221,10:47:17,0.25,50,188450
20240221,10:47:18,0.25,50,188450
20240221,10:47:19,0.25,150,188450
20240221,10:47:20,0.25,50,188450
20240221,10:47:25,0.25,50,188450
20240221,10:47:55,0.25,1800,188450
20240221,10:48:17,0.25,50,188450
20240221,10:48:30,0.25,400,188450
20240221,10:48:35,0.25,3600,188450
20240221,10:48:36,0.25,1800,188450
20240221,10:48:43,0.3,450,188450
20240221,10:49:07,0.3,200,195650
20240221,10:49:35,0.25,50,195650
20240221,10:49:38,0.3,700,195650
20240221,10:49:40,0.3,250,195650
20240221,10:49:49,0.3,550,195650
20240221,10:49:57,0.3,600,195650
20240221,10:49:58,0.3,350,195650
20240221,10:50:16,0.25,50,195650
20240221,10:50:20,0.25,50,195650
20240221,10:50:32,0.3,250,195650
20240221,10:50:58,0.25,50,195650
20240221,10:51:03,0.25,300,195650
20240221,10:51:43,0.25,300,195650
20240221,10:51:44,0.25,250,195650
20240221,10:51:51,0.25,1300,195650
20240221,10:52:15,0.25,350,195650
20240221,10:52:43,0.3,100,195450
20240221,10:53:04,0.25,50,195450
20240221,10:53:08,0.25,50,195450
20240221,10:53:08,0.25,100,195450
20240221,10:54:19,0.25,50,195450
20240221,10:54:30,0.25,250,195450
20240221,10:54:45,0.3,150,195450
20240221,10:55:19,0.25,500,195450
20240221,10:56:44,0.25,50,195450
20240221,10:56:54,0.25,650,195450
20240221,10:56:55,0.25,250,195450
20240221,10:56:56,0.25,2850,195450
20240221,10:57:36,0.25,150,195450
20240221,10:58:42,0.25,1900,195450
20240221,10:58:44,0.25,50,195450
20240221,10:59:08,0.25,450,195450
20240221,10:59:14,0.25,3000,195450
20240221,11:00:27,0.2,5400,195450
20240221,11:00:55,0.2,1800,195450
20240221,11:01:28,0.25,350,204450
20240221,11:01:31,0.2,50,204450
20240221,11:01:55,0.25,50,204450
20240221,11:02:18,0.25,3600,204450
20240221,11:02:19,0.25,900,204450
20240221,11:02:36,0.25,50,204450
20240221,11:05:52,0.25,1800,204650
20240221,11:05:54,0.25,450,204650
20240221,11:07:15,0.25,150,204650
20240221,11:10:00,0.3,100,204650
20240221,11:10:09,0.3,3950,204650
20240221,11:10:56,0.3,50,204650
20240221,11:12:02,0.25,3950,204650
20240221,11:14:20,0.25,550,204450
20240221,11:14:21,0.25,300,204450
20240221,11:14:24,0.25,50,204450
20240221,11:14:25,0.25,50,204450
20240221,11:14:27,0.25,200,204450
20240221,11:14:28,0.25,50,204450
20240221,11:14:37,0.25,50,204450
20240221,11:14:40,0.25,50,204450
20240221,11:14:43,0.25,50,204450
20240221,11:14:45,0.25,50,204450
20240221,11:14:48,0.25,250,204450
20240221,11:15:10,0.25,50,204450
20240221,11:15:32,0.25,200,204450
20240221,11:15:33,0.25,50,204450
20240221,11:15:43,0.3,250,204450
20240221,11:15:44,0.3,500,204450
20240221,11:16:00,0.25,50,204450
20240221,11:16:03,0.3,300,204450
20240221,11:16:30,0.25,150,204450
20240221,11:18:32,0.3,250,204450
20240221,11:18:34,0.3,250,204450
20240221,11:18:37,0.3,600,204450
20240221,11:20:23,0.3,50,204450
20240221,11:21:18,0.3,250,204450
20240221,11:28:28,0.3,50,204450
20240221,11:29:45,0.3,1300,204450
20240221,11:31:34,0.25,350,204450
20240221,11:31:35,0.25,400,204450
20240221,11:32:20,0.25,250,204450
20240221,11:33:03,0.25,1300,204450
20240221,11:37:45,0.25,250,204450
20240221,11:42:20,0.3,350,204450
20240221,11:42:28,0.3,1800,204450
20240221,11:42:29,0.3,1800,204450
20240221,11:42:30,0.3,1800,204450
20240221,11:42:31,0.3,1800,204450
20240221,11:42:47,0.3,1800,204450
20240221,11:43:20,0.25,100,204450
20240221,11:43:21,0.25,100,204450
20240221,11:43:26,0.3,250,204450
20240221,11:43:27,0.25,450,204450
20240221,11:43:29,0.25,100,204450
20240221,11:43:32,0.3,450,204450
20240221,11:43:45,0.3,250,204450
20240221,11:43:48,0.3,50,204450
20240221,11:43:51,0.3,50,204450
20240221,11:43:52,0.3,50,204450
20240221,11:43:55,0.3,50,204450
20240221,11:43:57,0.3,50,204450
20240221,11:43:59,0.3,50,204450
20240221,11:44:01,0.3,50,204450
20240221,11:44:03,0.3,50,204450
20240221,11:44:05,0.3,50,204450
20240221,11:44:07,0.3,50,204450
20240221,11:44:09,0.3,50,204450
20240221,11:44:12,0.3,50,204450
20240221,11:44:14,0.3,50,204450
20240221,11:44:16,0.3,50,204450
20240221,11:44:18,0.3,50,204450
20240221,11:44:19,0.3,250,204450
20240221,11:44:20,0.3,50,204450
20240221,11:44:22,0.3,50,204450
20240221,11:44:24,0.3,50,204450
20240221,11:44:25,0.3,250,204450
20240221,11:44:26,0.3,50,204450
20240221,11:44:30,0.3,50,204450
20240221,11:44:32,0.3,50,204450
20240221,11:44:34,0.3,50,204450
20240221,11:44:36,0.3,50,204450
20240221,11:44:38,0.3,50,204450
20240221,11:44:40,0.3,50,204450
20240221,11:44:50,0.3,50,204450
20240221,11:44:52,0.3,50,204450
20240221,11:44:54,0.3,50,204450
20240221,11:44:56,0.3,50,204450
20240221,11:44:58,0.3,50,204450
20240221,11:45:00,0.3,50,204450
20240221,11:45:32,0.3,50,204450
20240221,11:45:35,0.3,50,204450
20240221,11:45:37,0.3,50,204450
20240221,11:45:38,0.25,350,204450
20240221,11:45:39,0.3,50,204450
20240221,11:45:41,0.3,50,204450
20240221,11:45:44,0.3,50,204450
20240221,11:45:46,0.3,50,204450
20240221,11:45:48,0.3,50,204450
20240221,11:45:50,0.3,50,204450
20240221,11:45:52,0.3,50,204450
20240221,11:45:54,0.3,50,204450
20240221,11:45:57,0.3,50,204450
20240221,11:45:59,0.3,50,204450
20240221,11:46:01,0.3,50,204450
20240221,11:46:03,0.3,50,204450
20240221,11:46:05,0.3,50,204450
20240221,11:46:07,0.3,50,204450
20240221,11:46:10,0.3,50,204450
20240221,11:46:14,0.3,50,204450
20240221,11:46:17,0.3,50,204450
20240221,11:46:19,0.3,50,204450
20240221,11:46:21,0.3,50,204450
20240221,11:46:24,0.3,50,204450
20240221,11:50:41,0.25,450,204450
20240221,11:50:55,0.25,1100,204450
20240221,11:50:56,0.25,500,204450
20240221,11:50:57,0.25,600,204450
20240221,11:51:57,0.25,700,204450
20240221,11:52:35,0.25,600,204450
20240221,11:52:42,0.25,300,204450
20240221,11:52:55,0.3,50,204450
20240221,11:53:26,0.25,50,204450
20240221,11:54:39,0.25,1000,204450
20240221,11:54:39,0.25,700,204450
20240221,11:54:40,0.25,300,204450
20240221,11:54:51,0.25,550,204450
20240221,11:54:51,0.25,700,204450
20240221,11:54:52,0.25,500,204450
20240221,11:55:25,0.25,300,204450
20240221,11:55:29,0.25,650,204450
20240221,11:55:30,0.3,50,204450
20240221,11:55:32,0.3,50,204450
20240221,11:55:35,0.3,50,204450
20240221,11:55:37,0.3,50,204450
20240221,11:55:38,0.3,250,204450
20240221,11:55:39,0.3,50,204450
20240221,11:55:41,0.3,50,204450
20240221,11:55:42,0.3,300,204450
20240221,11:55:43,0.3,50,204450
20240221,11:55:46,0.3,50,204450
20240221,11:55:48,0.3,50,204450
20240221,11:55:50,0.3,50,204450
20240221,11:55:53,0.3,50,204450
20240221,11:55:55,0.3,50,204450
20240221,11:55:56,0.3,50,204450
20240221,11:55:59,0.3,50,204450
20240221,11:56:01,0.3,50,204450
20240221,11:56:03,0.3,50,204450
20240221,11:56:06,0.3,50,204450
20240221,11:56:07,0.3,50,204450
20240221,11:56:10,0.3,50,204450
20240221,11:56:12,0.3,50,204450
20240221,11:56:32,0.25,1200,204450
20240221,11:56:39,0.25,700,204450
20240221,11:57:02,0.25,350,204450
20240221,11:57:08,0.3,50,204450
20240221,11:57:11,0.3,50,204450
20240221,11:57:13,0.3,50,204450
20240221,11:58:22,0.25,100,204450
20240221,12:00:51,0.25,250,204450
20240221,12:01:32,0.25,550,204450
20240221,12:01:45,0.25,700,204450
20240221,12:02:40,0.25,1000,204450
20240221,12:03:43,0.25,100,204450
20240221,12:04:30,0.25,400,204450
20240221,12:04:57,0.25,300,204450
20240221,12:05:33,0.25,1150,204450
20240221,12:06:06,0.25,250,204450
20240221,12:06:08,0.25,1350,204450
20240221,12:06:10,0.25,200,204450
20240221,12:07:11,0.25,300,204450
20240221,12:08:11,0.25,500,204450
20240221,12:08:26,0.25,50,204450
20240221,12:08:29,0.25,1800,204450
20240221,12:08:30,0.25,1800,204450
20240221,12:08:31,0.25,1800,204450
20240221,12:08:32,0.25,1800,204450
20240221,12:08:34,0.25,1800,204450
20240221,12:09:43,0.3,50,204450
20240221,12:13:06,0.25,2600,204450
20240221,12:13:07,0.25,50,204450
20240221,12:15:55,0.25,350,204450
20240221,12:15:56,0.25,350,204450
20240221,12:15:57,0.25,500,204450
20240221,12:16:01,0.25,650,204450
20240221,12:16:06,0.3,500,204450
20240221,12:16:55,0.25,700,204450
20240221,12:16:57,0.3,400,204450
20240221,12:16:57,0.25,50,204450
20240221,12:16:58,0.25,100,204450
20240221,12:17:14,0.25,400,204450
20240221,12:17:57,0.3,600,204450
20240221,12:18:00,0.3,150,204450
20240221,12:18:28,0.3,50,204450
20240221,12:19:29,0.3,100,204450
20240221,12:21:14,0.25,50,204450
20240221,12:21:17,0.25,650,204450
20240221,12:21:23,0.25,450,204450
20240221,12:21:39,0.25,500,204450
20240221,12:21:56,0.25,200,204450
20240221,12:22:00,0.25,300,204450
20240221,12:22:09,0.25,100,204450
20240221,12:22:09,0.3,250,204450
20240221,12:22:31,0.25,300,204450
20240221,12:22:43,0.3,400,204450
20240221,12:22:44,0.3,1800,204450
20240221,12:22:55,0.25,100,204450
20240221,12:24:13,0.3,400,204450
20240221,12:24:43,0.25,250,204450
20240221,12:24:55,0.25,250,204450
20240221,12:25:15,0.3,1000,204450
20240221,12:25:16,0.25,550,204450
20240221,12:25:21,0.25,1300,204450
20240221,12:26:15,0.3,200,204450
20240221,12:26:19,0.25,500,204450
20240221,12:29:41,0.25,100,204450
20240221,12:29:56,0.25,400,204450
20240221,12:30:51,0.25,100,204450
20240221,12:31:25,0.25,1800,204450
20240221,12:31:29,0.25,15550,204450
20240221,12:31:29,0.25,1350,204450
20240221,12:31:30,0.25,100,204450
20240221,12:31:31,0.25,550,204450
20240221,12:31:32,0.25,50,204450
20240221,12:31:33,0.25,100,204450
20240221,12:31:34,0.25,600,204450
20240221,12:31:35,0.25,100,204450
20240221,12:31:36,0.25,550,204450
20240221,12:31:37,0.25,50,204450
20240221,12:31:38,0.25,650,204450
20240221,12:31:39,0.25,50,204450
20240221,12:31:40,0.25,650,204450
20240221,12:31:42,0.25,50,204450
20240221,12:31:42,0.25,550,204450
20240221,12:31:44,0.25,100,204450
20240221,12:31:44,0.25,50,204450
20240221,12:31:45,0.25,550,204450
20240221,12:31:46,0.25,100,204450
20240221,12:31:48,0.25,50,204450
20240221,12:34:00,0.2,1900,204450
20240221,12:34:25,0.3,250,204650
20240221,12:34:56,0.25,1800,204650
20240221,12:39:49,0.3,50,204450
20240221,12:42:07,0.25,50,204450
20240221,12:42:08,0.25,50,204450
20240221,12:42:09,0.25,50,204450
20240221,12:42:24,0.25,200,204450
20240221,12:43:24,0.25,50,204450
20240221,12:43:25,0.25,50,204450
20240221,12:43:26,0.25,50,204450
20240221,12:43:27,0.25,50,204450
20240221,12:43:28,0.25,50,204450
20240221,12:43:29,0.25,50,204450
20240221,12:43:30,0.25,50,204450
20240221,12:43:31,0.25,50,204450
20240221,12:43:32,0.25,150,204450
20240221,12:43:33,0.25,50,204450
20240221,12:43:34,0.25,100,204450
20240221,12:43:35,0.25,50,204450
20240221,12:43:36,0.25,100,204450
20240221,12:43:37,0.25,100,204450
20240221,12:43:38,0.25,150,204450
20240221,12:43:40,0.25,50,204450
20240221,12:43:41,0.25,150,204450
20240221,12:43:43,0.25,50,204450
20240221,12:44:02,0.25,50,204450
20240221,12:44:07,0.25,50,204450
20240221,12:44:08,0.25,100,204450
20240221,12:44:08,0.25,50,204450
20240221,12:44:10,0.25,50,204450
20240221,12:44:11,0.25,150,204450
20240221,12:44:12,0.25,50,204450
20240221,12:44:13,0.25,50,204450
20240221,12:44:14,0.25,50,204450
20240221,12:44:15,0.25,100,204450
20240221,12:44:16,0.25,50,204450
20240221,12:44:17,0.25,150,204450
20240221,12:44:18,0.25,50,204450
20240221,12:44:19,0.25,150,204450
20240221,12:44:20,0.25,100,204450
20240221,12:44:21,0.25,150,204450
20240221,12:44:22,0.25,200,204450
20240221,12:44:23,0.25,150,204450
20240221,12:44:24,0.25,150,204450
20240221,12:44:25,0.25,50,204450
20240221,12:44:26,0.25,50,204450
20240221,12:44:27,0.25,100,204450
20240221,12:44:28,0.25,50,204450
20240221,12:44:29,0.25,50,204450
20240221,12:44:30,0.25,50,204450
20240221,12:44:31,0.25,50,204450
20240221,12:44:32,0.25,150,204450
20240221,12:44:35,0.25,150,204450
20240221,12:44:37,0.25,50,204450
20240221,12:44:38,0.25,150,204450
20240221,12:44:39,0.25,50,204450
20240221,12:44:40,0.25,200,204450
20240221,12:44:41,0.25,150,204450
20240221,12:44:43,0.25,100,204450
20240221,12:44:44,0.25,150,204450
20240221,12:44:44,0.25,100,204450
20240221,12:44:45,0.25,100,204450
20240221,12:44:47,0.25,150,204450
20240221,12:44:52,0.25,100,204450
20240221,12:44:54,0.25,50,204450
20240221,12:44:55,0.25,100,204450
20240221,12:44:56,0.25,50,204450
20240221,12:44:57,0.25,100,204450
20240221,12:44:59,0.25,50,204450
20240221,12:45:00,0.25,100,204450
20240221,12:45:01,0.25,50,204450
20240221,12:45:02,0.25,50,204450
20240221,12:45:03,0.25,100,204450
20240221,12:45:04,0.25,150,204450
20240221,12:45:04,0.25,50,204450
20240221,12:45:06,0.25,100,204450
20240221,12:45:07,0.25,100,204450
20240221,12:45:08,0.25,100,204450
20240221,12:45:10,0.25,50,204450
20240221,12:45:11,0.25,50,204450
20240221,12:45:15,0.25,100,204450
20240221,12:45:16,0.25,50,204450
20240221,12:45:17,0.25,50,204450
20240221,12:45:18,0.25,50,204450
20240221,12:45:19,0.25,100,204450
20240221,12:45:20,0.25,50,204450
20240221,12:45:21,0.25,100,204450
20240221,12:45:22,0.25,50,204450
20240221,12:45:24,0.25,100,204450
20240221,12:45:25,0.25,50,204450
20240221,12:45:26,0.25,100,204450
20240221,12:45:27,0.25,50,204450
20240221,12:45:29,0.25,50,204450
20240221,12:45:30,0.25,100,204450
20240221,12:45:31,0.25,50,204450
20240221,12:45:32,0.25,50,204450
20240221,12:45:33,0.25,50,204450
20240221,12:45:34,0.25,50,204450
20240221,12:45:35,0.25,100,204450
20240221,12:45:36,0.25,50,204450
20240221,12:45:37,0.25,350,204450
20240221,12:45:38,0.25,100,204450
20240221,12:45:39,0.25,100,204450
20240221,12:45:40,0.25,200,204450
20240221,12:45:41,0.25,50,204450
20240221,12:45:42,0.25,100,204450
20240221,12:45:43,0.25,200,204450
20240221,12:45:44,0.25,100,204450
20240221,12:45:45,0.25,200,204450
20240221,12:45:46,0.25,50,204450
20240221,12:45:47,0.25,150,204450
20240221,12:45:48,0.25,200,204450
20240221,12:45:49,0.25,250,204450
20240221,12:45:50,0.25,300,204450
20240221,12:45:51,0.25,150,204450
20240221,12:45:52,0.25,150,204450
20240221,12:45:53,0.25,350,204450
20240221,12:59:16,0.25,50,204450
20240221,13:02:17,0.3,100,204450
20240221,13:04:02,0.25,250,204450
20240221,13:07:06,0.25,50,204450
20240221,13:10:00,0.25,50,204450
20240221,13:22:14,0.25,500,204450
20240221,13:26:58,0.3,1000,204450
20240221,13:26:59,0.3,50,204450
20240221,13:27:58,0.3,50,204450
20240221,13:29:36,0.25,50,204450
20240221,13:32:35,0.25,50,204450
20240221,13:32:47,0.25,50,204450
20240221,13:34:12,0.25,50,204450
20240221,13:35:43,0.3,400,204450
20240221,13:41:13,0.25,50,204450
20240221,13:41:45,0.25,50,204450
20240221,13:47:44,0.25,50,204450
20240221,13:47:54,0.25,50,204450
20240221,13:48:02,0.25,250,204450
20240221,13:48:32,0.25,550,204450
20240221,13:48:51,0.25,300,204450
20240221,13:48:54,0.25,50,204450
20240221,13:48:59,0.25,350,204450
20240221,13:49:01,0.25,250,204450
20240221,13:49:02,0.25,50,204450
20240221,13:49:04,0.25,300,204450
20240221,13:49:12,0.25,250,204450
20240221,13:49:18,0.25,350,204450
20240221,13:49:21,0.25,300,204450
20240221,13:49:23,0.25,350,204450
20240221,13:49:26,0.25,50,204450
20240221,13:49:28,0.25,9100,204450
20240221,13:51:58,0.2,250,204550
20240221,13:52:09,0.2,300,204550
20240221,13:52:22,0.2,250,204550
20240221,13:52:31,0.2,250,204550
20240221,13:53:03,0.25,1000,204550
20240221,13:53:30,0.2,250,204800
20240221,13:53:33,0.2,250,204800
20240221,13:53:40,0.2,250,204800
20240221,13:53:51,0.2,300,204800
20240221,13:54:04,0.2,250,204800
20240221,13:54:05,0.2,250,204800
20240221,13:54:11,0.2,650,204800
20240221,13:55:18,0.2,250,204800
20240221,13:55:34,0.2,250,204800
20240221,13:56:29,0.25,950,204800
20240221,13:56:30,0.2,350,204900
20240221,13:56:31,0.2,750,204900
20240221,13:56:32,0.2,300,204900
20240221,13:56:43,0.25,400,204900
20240221,13:56:54,0.2,250,204900
20240221,13:56:59,0.2,350,204900
20240221,13:57:00,0.2,250,204900
20240221,14:02:35,0.2,300,204650
20240221,14:02:52,0.2,250,204650
20240221,14:03:00,0.2,250,204650
20240221,14:03:35,0.2,1000,204650
20240221,14:05:05,0.2,3600,204650
20240221,14:05:23,0.25,50,204650
20240221,14:05:51,0.2,1800,204650
20240221,14:05:52,0.2,3600,204650
20240221,14:06:29,0.2,250,204650
20240221,14:07:34,0.2,250,204650
20240221,14:08:32,0.2,300,213700
20240221,14:09:30,0.2,300,213700
20240221,14:10:31,0.2,1000,213700
20240221,14:10:35,0.2,1000,213700
20240221,14:10:57,0.25,100,213450
20240221,14:11:05,0.2,350,213450
20240221,14:11:14,0.2,350,213450
20240221,14:11:17,0.2,1000,213450
20240221,14:11:19,0.2,3600,213450
20240221,14:11:31,0.2,350,213450
20240221,14:11:42,0.2,250,213450
20240221,14:11:56,0.2,1800,213450
20240221,14:11:58,0.2,1800,213450
20240221,14:12:04,0.2,1800,213450
20240221,14:12:05,0.2,1800,213450
20240221,14:12:06,0.2,1800,213450
20240221,14:12:07,0.2,1800,213450
20240221,14:12:09,0.2,2050,213450
20240221,14:12:10,0.2,1800,213450
20240221,14:12:40,0.2,250,213450
20240221,14:12:46,0.2,3600,213450
20240221,14:12:46,0.2,250,213450
20240221,14:12:49,0.2,1800,213450
20240221,14:12:50,0.2,1800,213450
20240221,14:12:54,0.2,5000,213450
20240221,14:12:55,0.2,1800,213450
20240221,14:12:59,0.2,300,213450
20240221,14:13:00,0.2,1800,213450
20240221,14:13:03,0.2,5450,213450
20240221,14:13:04,0.2,2850,213450
20240221,14:16:00,0.15,350,213450
20240221,14:21:56,0.15,1800,223500
20240221,14:23:56,0.15,250,223500
20240221,14:24:02,0.15,250,225300
20240221,14:24:07,0.15,250,225300
