date,time,tick_price,volume,open_interest
20231229,09:15:01,1.25,50,200550
20231229,09:15:03,1.25,200,200550
20231229,09:15:05,1.6,600,200550
20231229,09:15:06,1.5,50,200550
20231229,09:15:08,1.3,800,200550
20231229,09:15:09,1.3,1950,200550
20231229,09:15:10,1.3,400,200550
20231229,09:15:11,1.3,200,200550
20231229,09:15:12,1.3,50,200550
20231229,09:15:15,1.3,50,200550
20231229,09:15:16,1.3,4350,200550
20231229,09:15:19,1.35,4400,200550
20231229,09:15:21,1.35,250,200550
20231229,09:15:22,1.4,50,200550
20231229,09:15:24,1.4,1250,200550
20231229,09:15:25,1.4,200,200550
20231229,09:15:27,1.4,200,200550
20231229,09:15:28,1.4,700,200550
20231229,09:15:30,1.4,950,200550
20231229,09:15:31,1.4,50,200550
20231229,09:15:32,1.4,50,200550
20231229,09:15:35,1.35,550,200550
20231229,09:15:36,1.35,150,200550
20231229,09:15:37,1.4,800,200550
20231229,09:15:38,1.35,3400,200550
20231229,09:15:40,1.35,750,200550
20231229,09:15:41,1.35,50,200550
20231229,09:15:42,1.35,50,200550
20231229,09:15:44,1.25,8350,200550
20231229,09:15:47,1.3,50,200550
20231229,09:15:48,1.3,50,200550
20231229,09:15:49,1.3,5050,200550
20231229,09:15:53,1.3,500,200550
20231229,09:15:54,1.3,4350,200550
20231229,09:15:55,1.0,31400,200550
20231229,09:15:56,1.0,1850,200550
20231229,09:15:57,1.05,1100,200550
20231229,09:15:58,1.05,2600,200550
20231229,09:15:59,1.0,6600,200550
20231229,09:16:01,1.05,4000,200550
20231229,09:16:02,1.05,4800,200550
20231229,09:16:03,1.05,1850,200550
20231229,09:16:04,1.05,4250,200550
20231229,09:16:05,1.1,4600,200550
20231229,09:16:07,1.05,800,200550
20231229,09:16:09,1.05,50,200550
20231229,09:16:10,1.1,50,200550
20231229,09:16:11,1.1,500,200550
20231229,09:16:14,1.05,100,200550
20231229,09:16:16,1.05,50,200550
20231229,09:16:17,1.1,550,200550
20231229,09:16:18,1.1,9050,200550
20231229,09:16:19,1.05,1500,200550
20231229,09:16:21,1.1,1800,200550
20231229,09:16:22,1.1,3600,200550
20231229,09:16:26,1.1,50,200550
20231229,09:16:30,1.1,1850,200550
20231229,09:16:31,1.1,350,200550
20231229,09:16:33,1.1,1800,200550
20231229,09:16:34,1.1,50,200550
20231229,09:16:37,1.1,2800,200550
20231229,09:16:38,1.1,1850,200550
20231229,09:16:39,1.1,1800,200550
20231229,09:16:40,1.1,3600,200550
20231229,09:16:41,1.1,3650,200550
20231229,09:16:43,1.1,3950,200550
20231229,09:16:44,1.1,3600,200550
20231229,09:16:45,1.1,3700,200550
20231229,09:16:46,1.1,2200,200550
20231229,09:16:47,1.1,1800,200550
20231229,09:16:48,1.1,5050,200550
20231229,09:16:50,1.1,6050,200550
20231229,09:16:51,1.1,6450,200550
20231229,09:16:52,1.05,9500,200550
20231229,09:16:53,1.1,9500,200550
20231229,09:16:54,1.1,5950,200550
20231229,09:16:55,1.1,8200,200550
20231229,09:16:57,1.1,9500,200550
20231229,09:16:58,1.1,3650,200550
20231229,09:16:59,1.1,6650,200550
20231229,09:17:00,1.1,3600,200550
20231229,09:17:01,1.1,4900,200550
20231229,09:17:02,1.1,1950,200550
20231229,09:17:03,1.1,12650,200550
20231229,09:17:08,1.1,100,200550
20231229,09:17:09,1.1,250,200550
20231229,09:17:10,1.1,1550,200550
20231229,09:17:11,1.1,14250,200550
20231229,09:17:12,1.1,250,200550
20231229,09:17:13,1.1,200,200550
20231229,09:17:14,1.1,150,200550
20231229,09:17:17,1.1,150,200550
20231229,09:17:18,1.1,250,200550
20231229,09:17:19,1.1,2050,200550
20231229,09:17:20,1.1,100,200550
20231229,09:17:21,1.1,1050,200550
20231229,09:17:24,1.1,4050,200550
20231229,09:17:29,1.1,150,200550
20231229,09:17:30,1.1,13800,200550
20231229,09:17:31,1.1,4750,200550
20231229,09:17:32,1.1,3750,200550
20231229,09:17:34,1.1,2450,200550
20231229,09:17:35,1.1,50,200550
20231229,09:17:36,1.1,4550,200550
20231229,09:17:37,1.1,2750,200550
20231229,09:17:38,1.1,1800,200550
20231229,09:17:39,1.1,50,200550
20231229,09:17:41,1.05,41950,200550
20231229,09:17:42,1.1,3500,200550
20231229,09:17:43,1.1,500,200550
20231229,09:17:46,1.1,250,200550
20231229,09:17:47,1.1,300,200550
20231229,09:17:48,1.1,5000,200550
20231229,09:17:49,1.1,1800,200550
20231229,09:17:51,1.05,650,200550
20231229,09:17:52,1.1,2550,200550
20231229,09:17:54,1.05,2500,200550
20231229,09:17:55,1.1,700,200550
20231229,09:17:57,1.1,3650,200550
20231229,09:17:59,1.1,3600,200550
20231229,09:18:00,1.05,750,200550
20231229,09:18:02,1.1,1000,200550
20231229,09:18:03,1.1,1200,200550
20231229,09:18:05,1.1,3900,200550
20231229,09:18:06,1.1,3250,200550
20231229,09:18:07,1.05,3000,200550
20231229,09:18:09,1.1,600,200550
20231229,09:18:10,1.05,2000,200550
20231229,09:18:11,1.05,4300,200550
20231229,09:18:13,1.05,4000,200550
20231229,09:18:14,1.05,1650,200550
20231229,09:18:15,1.1,300,200550
20231229,09:18:17,1.1,250,200550
20231229,09:18:18,1.05,4150,200550
20231229,09:18:19,1.05,41250,200550
20231229,09:18:21,1.05,250,200550
20231229,09:18:22,1.05,300,200550
20231229,09:18:24,1.05,50,200550
20231229,09:18:26,1.05,100,200550
20231229,09:18:27,1.05,50,200550
20231229,09:18:28,1.05,100,200550
20231229,09:18:32,1.05,650,200550
20231229,09:18:34,1.05,50,200550
20231229,09:18:35,1.05,400,200550
20231229,09:18:36,1.05,1500,200550
20231229,09:18:39,1.05,3650,200550
20231229,09:18:40,1.05,5650,200550
20231229,09:18:41,1.05,50,200550
20231229,09:18:44,1.0,8200,200550
20231229,09:18:45,1.05,3650,200550
20231229,09:18:47,1.0,1800,200550
20231229,09:18:50,1.05,50,200550
20231229,09:18:52,1.05,450,200550
20231229,09:19:04,1.05,700,200550
20231229,09:19:06,1.0,2000,200550
20231229,09:19:07,1.05,50,200550
20231229,09:19:13,1.05,50,200550
20231229,09:19:15,1.05,50,200550
20231229,09:19:23,1.0,75300,200550
20231229,09:19:24,1.0,50,200550
20231229,09:19:26,1.0,1150,200550
20231229,09:19:28,1.0,200,200550
20231229,09:19:29,1.0,500,200550
20231229,09:19:32,1.0,200,200550
20231229,09:19:34,1.0,2000,200550
20231229,09:19:35,1.0,50,200550
20231229,09:19:41,0.95,500,200550
20231229,09:19:42,0.95,50,200550
20231229,09:19:44,1.0,200,200550
20231229,09:19:46,1.0,600,200550
20231229,09:19:47,0.95,1650,200550
20231229,09:19:48,0.95,45450,200550
20231229,09:19:49,0.95,5050,200550
20231229,09:19:50,0.95,16200,200550
20231229,09:19:52,0.95,5550,200550
20231229,09:19:53,1.0,950,200550
20231229,09:19:54,0.95,4050,200550
20231229,09:19:56,0.95,3300,200550
20231229,09:19:57,0.95,1800,200550
20231229,09:19:58,0.95,1700,200550
20231229,09:19:59,0.95,700,200550
20231229,09:20:00,1.0,3550,200550
20231229,09:20:02,1.0,4250,200550
20231229,09:20:03,1.0,350,200550
20231229,09:20:04,1.0,500,200550
20231229,09:20:10,0.95,2500,458050
20231229,09:20:16,1.0,50,458050
20231229,09:20:17,0.95,2000,458050
20231229,09:20:18,0.95,500,458050
20231229,09:20:26,1.0,450,458050
20231229,09:20:34,1.0,50,458050
20231229,09:20:36,1.0,300,458050
20231229,09:20:40,1.0,50,458050
20231229,09:20:46,0.95,800,458050
20231229,09:20:54,0.95,3000,458050
20231229,09:21:01,1.0,50,458050
20231229,09:21:02,1.0,200,458050
20231229,09:21:05,0.95,50,458050
20231229,09:21:07,0.95,4950,458050
20231229,09:21:10,0.95,32350,458050
20231229,09:21:10,0.95,1200,458050
20231229,09:21:11,0.9,8750,458050
20231229,09:21:14,0.9,7350,458050
20231229,09:21:15,0.95,7600,458050
20231229,09:21:20,1.0,1800,458050
20231229,09:21:22,1.0,50,458050
20231229,09:21:24,0.95,3650,458050
20231229,09:21:25,0.95,6900,458050
20231229,09:21:26,0.95,700,458050
20231229,09:21:30,0.95,3550,458050
20231229,09:21:32,1.0,500,458050
20231229,09:21:33,0.95,1800,458050
20231229,09:21:37,1.0,1800,458050
20231229,09:21:37,1.0,1850,458050
20231229,09:21:38,1.0,50,458050
20231229,09:21:40,0.95,1800,458050
20231229,09:21:42,1.0,50,458050
20231229,09:21:44,0.95,1800,458050
20231229,09:21:45,1.0,450,458050
20231229,09:21:50,1.0,10000,458050
20231229,09:21:52,1.0,10050,458050
20231229,09:21:57,1.0,500,458050
20231229,09:22:01,0.95,50,458050
20231229,09:22:04,1.0,50,458050
20231229,09:22:05,1.0,50,458050
20231229,09:22:07,0.95,300,458050
20231229,09:22:08,1.0,2500,458050
20231229,09:22:14,1.0,3300,458050
20231229,09:22:15,1.0,1500,458050
20231229,09:22:16,1.0,1500,458050
20231229,09:22:17,1.0,3800,458050
20231229,09:22:18,1.0,1850,458050
20231229,09:22:19,1.0,50,458050
20231229,09:22:20,1.0,3000,458050
20231229,09:22:21,1.0,1500,458050
20231229,09:22:23,0.95,1900,458050
20231229,09:22:23,1.0,1500,458050
20231229,09:22:25,0.95,1750,458050
20231229,09:22:26,1.0,1450,458050
20231229,09:22:27,1.0,50,458050
20231229,09:22:29,1.0,1500,458050
20231229,09:22:30,1.0,2000,458050
20231229,09:22:32,1.0,100,458050
20231229,09:22:39,1.0,1000,458050
20231229,09:22:46,1.0,1450,458050
20231229,09:22:47,1.0,400,458050
20231229,09:22:49,0.95,150,458050
20231229,09:22:52,1.0,100,458050
20231229,09:22:55,1.0,1450,458050
20231229,09:22:57,1.0,3350,458050
20231229,09:22:58,1.0,1450,458050
20231229,09:23:00,1.0,1800,458050
20231229,09:23:01,1.0,1800,458050
20231229,09:23:02,1.0,650,458050
20231229,09:23:05,0.95,2000,458050
20231229,09:23:06,1.0,3850,458050
20231229,09:23:13,1.0,50,550650
20231229,09:23:15,0.95,250,550650
20231229,09:23:18,0.95,1650,550650
20231229,09:23:24,0.95,1500,550650
20231229,09:23:26,0.95,1100,550650
20231229,09:23:27,1.0,100,550650
20231229,09:23:41,0.95,1500,550650
20231229,09:23:41,0.95,2000,550650
20231229,09:23:43,0.95,1500,550650
20231229,09:23:44,1.0,200,550650
20231229,09:23:45,0.95,5550,550650
20231229,09:23:47,0.95,250,550650
20231229,09:23:48,0.95,250,550650
20231229,09:23:50,0.95,1350,550650
20231229,09:23:52,0.95,1100,550650
20231229,09:23:52,0.95,2850,550650
20231229,09:23:54,0.95,1150,550650
20231229,09:23:55,0.95,50,550650
20231229,09:23:58,0.95,1000,550650
20231229,09:23:58,0.95,500,550650
20231229,09:24:01,0.95,950,550650
20231229,09:24:03,0.95,250,550650
20231229,09:24:04,0.95,500,550650
20231229,09:24:06,0.95,800,550650
20231229,09:24:07,0.95,250,550650
20231229,09:24:17,1.0,50,550650
20231229,09:24:24,0.95,250,550650
20231229,09:24:25,0.95,300,550650
20231229,09:24:27,0.95,44000,550650
20231229,09:24:28,1.0,1000,550650
20231229,09:24:46,0.95,50,550650
20231229,09:24:48,1.0,50,550650
20231229,09:24:50,1.0,50,550650
20231229,09:24:51,1.0,50,550650
20231229,09:24:53,1.0,50,550650
20231229,09:24:57,1.0,500,550650
20231229,09:24:58,1.0,50,550650
20231229,09:25:01,0.95,1000,550650
20231229,09:25:03,1.0,50,550650
20231229,09:25:05,0.95,500,550650
20231229,09:25:09,1.0,3050,550650
20231229,09:25:11,1.0,550,550650
20231229,09:25:33,0.95,300,550650
20231229,09:25:34,1.0,1300,550650
20231229,09:25:40,0.95,500,550650
20231229,09:25:41,0.95,74100,550650
20231229,09:25:42,1.0,850,550650
20231229,09:25:46,1.0,13500,550650
20231229,09:25:47,0.95,250,550650
20231229,09:25:49,1.0,500,550650
20231229,09:25:50,1.0,250,550650
20231229,09:25:51,0.95,13300,550650
20231229,09:25:52,0.95,250,550650
20231229,09:25:54,1.0,50,550650
20231229,09:25:56,0.95,1900,550650
20231229,09:25:58,0.95,1800,550650
20231229,09:25:59,0.95,250,550650
20231229,09:26:02,0.95,500,550650
20231229,09:26:03,0.95,350,550650
20231229,09:26:05,1.0,50,550650
20231229,09:26:06,0.95,250,550650
20231229,09:26:07,1.0,500,550650
20231229,09:26:11,0.95,800,690650
20231229,09:26:18,1.0,150,690650
20231229,09:26:23,1.0,500,690650
20231229,09:26:27,1.0,1000,690650
20231229,09:26:31,1.0,1000,690650
20231229,09:26:32,0.95,50,690650
20231229,09:26:33,1.0,1800,690650
20231229,09:26:34,1.0,250,690650
20231229,09:26:47,0.95,250,690650
20231229,09:26:48,1.0,50,690650
20231229,09:26:51,0.95,1300,690650
20231229,09:26:52,0.95,450,690650
20231229,09:26:53,0.95,250,690650
20231229,09:26:54,1.0,50,690650
20231229,09:26:55,0.95,1550,690650
20231229,09:26:56,0.95,300,690650
20231229,09:26:57,0.95,650,690650
20231229,09:26:58,1.0,50,690650
20231229,09:26:59,0.95,250,690650
20231229,09:27:03,1.0,1000,690650
20231229,09:27:05,0.95,250,690650
20231229,09:27:07,1.0,6000,690650
20231229,09:27:08,0.95,250,690650
20231229,09:27:11,1.0,100,690650
20231229,09:27:12,1.0,450,690650
20231229,09:27:14,1.0,800,690650
20231229,09:27:15,1.0,550,690650
20231229,09:27:17,1.0,950,690650
20231229,09:27:19,1.0,250,690650
20231229,09:27:20,1.0,200,690650
20231229,09:27:25,1.0,150,690650
20231229,09:27:26,1.0,550,690650
20231229,09:27:27,0.95,2650,690650
20231229,09:27:29,1.0,2100,690650
20231229,09:27:30,0.95,650,690650
20231229,09:27:31,1.0,800,690650
20231229,09:27:32,1.0,550,690650
20231229,09:27:34,1.0,1300,690650
20231229,09:27:35,1.0,1000,690650
20231229,09:27:37,1.0,1250,690650
20231229,09:27:38,1.0,1050,690650
20231229,09:27:40,0.95,900,690650
20231229,09:27:41,0.95,1800,690650
20231229,09:27:42,0.95,1250,690650
20231229,09:27:51,1.0,50,690650
20231229,09:28:04,0.95,50,690650
20231229,09:28:05,1.0,50,690650
20231229,09:28:08,1.0,200,690650
20231229,09:28:12,1.0,100,690650
20231229,09:28:13,0.95,1500,690650
20231229,09:28:17,1.0,150,690650
20231229,09:28:19,0.95,1400,690650
20231229,09:28:22,0.95,50,690650
20231229,09:28:23,0.95,1800,690650
20231229,09:28:25,1.0,50,690650
20231229,09:28:28,1.0,50,690650
20231229,09:28:37,0.95,1000,690650
20231229,09:28:43,1.0,200,690650
20231229,09:28:44,1.0,250,690650
20231229,09:28:48,0.95,50,690650
20231229,09:28:52,1.0,50,690650
20231229,09:28:56,1.0,300,690650
20231229,09:29:01,0.95,50,690650
20231229,09:29:01,0.95,800,690650
20231229,09:29:02,0.95,300,690650
20231229,09:29:04,0.95,250,690650
20231229,09:29:05,1.0,50,690650
20231229,09:29:07,1.0,50,690650
20231229,09:29:11,0.95,50,705650
20231229,09:29:17,1.0,50,705650
20231229,09:29:21,1.0,200,705650
20231229,09:29:24,0.95,1050,705650
20231229,09:29:25,0.95,1200,705650
20231229,09:29:26,1.0,1200,705650
20231229,09:29:27,0.95,150,705650
20231229,09:29:28,0.95,500,705650
20231229,09:29:29,0.95,550,705650
20231229,09:29:31,0.95,500,705650
20231229,09:29:32,0.95,500,705650
20231229,09:29:33,1.0,750,705650
20231229,09:29:35,0.95,500,705650
20231229,09:29:36,1.0,50,705650
20231229,09:29:38,0.95,1000,705650
20231229,09:29:39,0.95,500,705650
20231229,09:29:41,1.0,350,705650
20231229,09:29:43,0.95,500,705650
20231229,09:29:48,0.95,250,705650
20231229,09:29:49,0.95,250,705650
20231229,09:29:54,0.95,2200,705650
20231229,09:29:55,1.0,550,705650
20231229,09:29:57,1.0,250,705650
20231229,09:30:00,1.0,1400,705650
20231229,09:30:01,1.0,1500,705650
20231229,09:30:03,1.0,50,705650
20231229,09:30:04,0.95,150,705650
20231229,09:30:07,0.95,100,705650
20231229,09:30:08,1.0,50,705650
20231229,09:30:18,1.0,100,705650
20231229,09:30:28,1.0,50,705650
20231229,09:30:39,0.95,500,705650
20231229,09:30:40,0.95,500,705650
20231229,09:30:46,1.0,50,705650
20231229,09:30:49,0.95,3550,705650
20231229,09:30:52,0.95,500,705650
20231229,09:30:54,0.95,500,705650
20231229,09:30:56,1.0,400,705650
20231229,09:31:09,0.95,250,705650
20231229,09:31:12,1.0,50,705650
20231229,09:31:15,1.0,50,705650
20231229,09:31:17,1.0,50,705650
20231229,09:31:23,0.95,850,705650
20231229,09:31:25,0.95,2150,705650
20231229,09:31:26,1.0,50,705650
20231229,09:31:37,0.95,50,705650
20231229,09:31:39,1.0,100,705650
20231229,09:32:01,1.0,50,705650
20231229,09:32:11,0.95,500,710200
20231229,09:32:13,1.0,50,710200
20231229,09:32:16,1.0,150,710200
20231229,09:32:23,0.95,500,710200
20231229,09:32:28,1.0,50,710200
20231229,09:32:34,0.95,500,710200
20231229,09:32:38,1.0,100,710200
20231229,09:32:43,0.95,100,710200
20231229,09:32:44,1.0,50,710200
20231229,09:32:49,1.0,100,710200
20231229,09:32:57,1.0,100,710200
20231229,09:33:07,0.95,500,710200
20231229,09:33:11,1.0,200,710200
20231229,09:33:27,1.0,100,710200
20231229,09:33:39,1.0,50,710200
20231229,09:33:42,1.0,50,710200
20231229,09:33:45,1.0,250,710200
20231229,09:33:46,0.95,1050,710200
20231229,09:33:47,1.0,250,710200
20231229,09:33:59,0.95,650,710200
20231229,09:34:09,0.95,50,710200
20231229,09:34:27,1.0,50,710200
20231229,09:34:28,1.0,50,710200
20231229,09:34:31,0.95,50,710200
20231229,09:34:37,1.0,250,710200
20231229,09:34:39,0.95,50,710200
20231229,09:34:40,1.0,50,710200
20231229,09:34:58,0.95,400,710200
20231229,09:35:01,0.95,250,710200
20231229,09:35:02,1.0,100,710200
20231229,09:35:03,0.95,250,710200
20231229,09:35:21,0.95,2800,711850
20231229,09:35:24,0.95,250,711850
20231229,09:35:25,1.0,50,711850
20231229,09:35:28,1.0,50,711850
20231229,09:35:31,1.0,750,711850
20231229,09:36:01,1.0,50,711850
20231229,09:36:04,1.0,10550,711850
20231229,09:36:06,0.95,50,711850
20231229,09:36:12,1.0,50,711850
20231229,09:36:14,1.0,50,711850
20231229,09:36:16,0.95,100,711850
20231229,09:36:19,0.95,50,711850
20231229,09:36:23,0.95,50,711850
20231229,09:36:27,0.95,1150,711850
20231229,09:36:29,0.95,50,711850
20231229,09:36:38,0.95,250,711850
20231229,09:36:44,0.95,400,711850
20231229,09:36:45,0.95,1050,711850
20231229,09:36:48,1.0,200,711850
20231229,09:36:49,0.95,850,711850
20231229,09:36:50,0.95,250,711850
20231229,09:36:51,0.95,250,711850
20231229,09:37:13,1.0,50,711850
20231229,09:37:30,0.95,50,711850
20231229,09:37:34,1.0,50,711850
20231229,09:37:36,0.95,500,711850
20231229,09:37:38,1.0,50,711850
20231229,09:37:41,1.0,200,711850
20231229,09:37:42,1.0,50,711850
20231229,09:37:51,1.0,100,711850
20231229,09:37:54,1.0,50,711850
20231229,09:37:58,1.0,50,711850
20231229,09:38:10,1.0,100,715350
20231229,09:38:16,1.0,1800,715350
20231229,09:38:27,1.0,100,715350
20231229,09:38:36,0.95,550,715350
20231229,09:38:38,0.95,100,715350
20231229,09:38:40,1.0,800,715350
20231229,09:38:43,0.95,500,715350
20231229,09:38:44,0.95,250,715350
20231229,09:38:45,0.95,550,715350
20231229,09:38:46,0.95,250,715350
20231229,09:38:47,0.95,350,715350
20231229,09:38:48,0.95,1050,715350
20231229,09:38:49,0.95,750,715350
20231229,09:38:50,1.0,50,715350
20231229,09:38:52,1.0,200,715350
20231229,09:38:53,0.95,250,715350
20231229,09:38:59,1.0,50,715350
20231229,09:39:08,1.0,100,715350
20231229,09:39:15,1.0,200,715350
20231229,09:39:28,0.95,250,715350
20231229,09:39:29,0.95,250,715350
20231229,09:39:33,0.95,250,715350
20231229,09:39:42,1.0,50,715350
20231229,09:39:42,1.0,250,715350
20231229,09:39:43,1.0,250,715350
20231229,09:39:44,1.0,1100,715350
20231229,09:39:45,1.0,1200,715350
20231229,09:39:46,1.0,2250,715350
20231229,09:39:47,1.0,1300,715350
20231229,09:39:48,1.0,850,715350
20231229,09:39:51,0.95,700,715350
20231229,09:39:52,0.95,1800,715350
20231229,09:40:03,1.0,50,715350
20231229,09:40:07,0.95,100,715350
20231229,09:40:12,1.0,250,715350
20231229,09:40:13,1.0,250,715350
20231229,09:40:14,1.0,750,715350
20231229,09:40:15,1.0,1000,715350
20231229,09:40:16,1.0,2250,715350
20231229,09:40:18,1.0,100,715350
20231229,09:40:32,1.0,50,715350
20231229,09:40:36,1.0,150,715350
20231229,09:40:39,1.0,200,715350
20231229,09:40:45,1.0,50,715350
20231229,09:40:46,0.95,50,715350
20231229,09:40:48,1.0,50,715350
20231229,09:40:52,1.0,100,715350
20231229,09:40:54,1.0,500,715350
20231229,09:40:54,1.0,100,715350
20231229,09:40:56,0.95,50,715350
20231229,09:40:59,1.0,900,715350
20231229,09:41:05,1.0,50,715350
20231229,09:41:10,0.95,50,719850
20231229,09:41:14,0.95,1800,719850
20231229,09:41:16,1.0,1400,719850
20231229,09:41:25,1.0,250,719850
20231229,09:41:26,1.0,500,719850
20231229,09:41:27,1.0,500,719850
20231229,09:41:29,0.95,900,719850
20231229,09:41:35,1.0,800,719850
20231229,09:41:35,1.0,2100,719850
20231229,09:41:36,1.0,1500,719850
20231229,09:41:37,1.0,500,719850
20231229,09:41:38,1.0,250,719850
20231229,09:41:40,1.0,50,719850
20231229,09:41:55,0.95,250,719850
20231229,09:41:57,0.95,250,719850
20231229,09:41:58,0.95,300,719850
20231229,09:41:59,0.95,250,719850
20231229,09:42:00,0.95,250,719850
20231229,09:42:02,0.95,650,719850
20231229,09:42:09,0.95,50,719850
20231229,09:42:12,1.0,1300,719850
20231229,09:42:13,1.0,500,719850
20231229,09:42:13,1.0,750,719850
20231229,09:42:14,1.0,300,719850
20231229,09:42:15,1.0,500,719850
20231229,09:42:23,0.95,200,719850
20231229,09:42:24,1.0,1000,719850
20231229,09:42:27,1.0,500,719850
20231229,09:42:29,1.0,500,719850
20231229,09:42:32,0.95,100,719850
20231229,09:42:42,1.0,1800,719850
20231229,09:42:44,1.0,100,719850
20231229,09:42:47,1.0,55350,719850
20231229,09:42:52,1.0,100,719850
20231229,09:42:58,1.0,100,719850
20231229,09:43:05,1.0,50,719850
20231229,09:43:08,1.0,50,719850
20231229,09:43:12,1.0,500,719850
20231229,09:43:13,1.0,250,719850
20231229,09:43:14,1.0,550,719850
20231229,09:43:15,1.0,1250,719850
20231229,09:43:18,1.0,750,719850
20231229,09:43:20,1.05,24950,719850
20231229,09:43:21,1.05,250,719850
20231229,09:43:22,1.05,500,719850
20231229,09:43:23,1.05,1500,719850
20231229,09:43:24,1.05,1500,719850
20231229,09:43:25,1.05,750,719850
20231229,09:43:26,1.05,750,719850
20231229,09:43:28,1.05,250,719850
20231229,09:43:29,1.05,500,719850
20231229,09:43:30,1.05,750,719850
20231229,09:43:31,1.05,550,719850
20231229,09:43:32,1.05,550,719850
20231229,09:43:33,1.05,500,719850
20231229,09:43:34,1.05,1250,719850
20231229,09:43:36,1.05,300,719850
20231229,09:43:44,1.05,50,719850
20231229,09:43:47,1.0,2500,719850
20231229,09:43:58,1.0,200,719850
20231229,09:44:03,1.05,50,719850
20231229,09:44:11,1.0,200,725950
20231229,09:44:16,1.05,50,725950
20231229,09:44:22,1.0,250,725950
20231229,09:44:29,1.05,50,725950
20231229,09:44:30,1.05,50,725950
20231229,09:44:30,1.05,100,725950
20231229,09:44:31,1.05,150,725950
20231229,09:44:32,1.05,100,725950
20231229,09:44:34,1.05,150,725950
20231229,09:44:35,1.0,9100,725950
20231229,09:44:36,1.0,62900,725950
20231229,09:44:37,1.0,5400,725950
20231229,09:44:37,1.0,12800,725950
20231229,09:44:41,1.0,1800,725950
20231229,09:44:45,0.95,100,725950
20231229,09:44:46,1.0,150,725950
20231229,09:44:52,1.0,2000,725950
20231229,09:45:03,1.0,23150,725950
20231229,09:45:04,1.0,7200,725950
20231229,09:45:05,1.0,20550,725950
20231229,09:45:07,0.95,50,725950
20231229,09:45:09,0.95,200,725950
20231229,09:45:17,1.0,38700,725950
20231229,09:45:18,1.05,1350,725950
20231229,09:45:20,1.0,35600,725950
20231229,09:45:22,1.0,9400,725950
20231229,09:45:24,0.95,200,725950
20231229,09:45:25,1.0,1850,725950
20231229,09:45:27,1.0,1900,725950
20231229,09:45:28,1.0,5400,725950
20231229,09:45:29,1.0,33400,725950
20231229,09:45:30,1.0,3650,725950
20231229,09:45:31,1.0,1800,725950
20231229,09:45:34,1.0,1850,725950
20231229,09:45:39,1.05,50,725950
20231229,09:45:40,1.05,2000,725950
20231229,09:45:43,1.05,1800,725950
20231229,09:45:44,1.05,3700,725950
20231229,09:45:45,1.05,1800,725950
20231229,09:45:46,1.05,1800,725950
20231229,09:45:49,1.05,1800,725950
20231229,09:45:53,1.05,800,725950
20231229,09:45:56,1.05,1850,725950
20231229,09:45:58,1.0,200,725950
20231229,09:45:59,1.0,1950,725950
20231229,09:46:03,1.0,200,725950
20231229,09:46:04,1.0,300,725950
20231229,09:46:06,1.0,200,725950
20231229,09:46:08,1.0,250,725950
20231229,09:46:11,1.05,50,725950
20231229,09:46:12,1.05,50,725950
20231229,09:46:14,1.05,50,725950
20231229,09:46:18,1.05,1800,725950
20231229,09:46:25,1.0,200,725950
20231229,09:46:26,1.0,50,725950
20231229,09:46:50,1.05,250,725950
20231229,09:46:51,1.05,1800,725950
20231229,09:46:53,1.0,200,725950
20231229,09:46:54,1.05,1800,725950
20231229,09:46:55,1.05,1400,725950
20231229,09:47:00,1.0,250,725950
20231229,09:47:15,1.05,100,725950
20231229,09:47:16,1.05,750,725950
20231229,09:47:17,1.05,50,725950
20231229,09:47:18,1.05,50,725950
20231229,09:47:19,1.05,50,725950
20231229,09:47:20,1.05,50,725950
20231229,09:47:21,1.05,50,725950
20231229,09:47:22,1.05,50,725950
20231229,09:47:23,1.05,50,725950
20231229,09:47:24,1.05,50,725950
20231229,09:47:25,1.05,50,725950
20231229,09:47:26,1.05,50,725950
20231229,09:47:27,1.05,50,725950
20231229,09:47:28,1.05,50,725950
20231229,09:47:29,1.05,50,725950
20231229,09:47:30,1.05,50,725950
20231229,09:47:31,1.05,50,725950
20231229,09:47:32,1.05,50,725950
20231229,09:47:33,1.05,50,725950
20231229,09:47:34,1.05,50,725950
20231229,09:47:35,1.05,50,725950
20231229,09:47:36,1.05,50,725950
20231229,09:47:37,1.05,50,725950
20231229,09:47:38,1.05,50,725950
20231229,09:47:39,1.05,50,725950
20231229,09:47:40,1.05,50,725950
20231229,09:47:41,1.05,50,725950
20231229,09:47:42,1.05,50,725950
20231229,09:47:43,1.05,50,725950
20231229,09:47:44,1.05,50,725950
20231229,09:47:45,1.05,50,725950
20231229,09:47:46,1.05,100,725950
20231229,09:47:47,1.05,100,725950
20231229,09:47:48,1.05,100,725950
20231229,09:47:49,1.05,50,725950
20231229,09:47:50,1.05,50,725950
20231229,09:47:51,1.05,50,725950
20231229,09:47:52,1.05,50,725950
20231229,09:47:53,1.05,50,725950
20231229,09:47:54,1.05,50,725950
20231229,09:47:55,1.05,50,725950
20231229,09:47:56,1.05,50,725950
20231229,09:47:57,1.05,50,725950
20231229,09:47:58,1.05,50,725950
20231229,09:47:59,1.05,50,725950
20231229,09:48:00,1.05,50,725950
20231229,09:48:01,1.05,50,725950
20231229,09:48:02,1.05,50,725950
20231229,09:48:03,1.05,250,725950
20231229,09:48:04,1.05,50,725950
20231229,09:48:05,1.05,50,725950
20231229,09:48:06,1.05,50,725950
20231229,09:48:07,1.05,50,725950
20231229,09:48:08,1.05,100,725950
20231229,09:48:09,1.05,100,725950
20231229,09:48:10,1.05,150,725950
20231229,09:48:14,1.0,250,725950
20231229,09:48:19,1.05,50,725950
20231229,09:48:20,1.05,50,725950
20231229,09:48:21,1.05,50,725950
20231229,09:48:22,1.05,50,725950
20231229,09:48:23,1.0,10150,725950
20231229,09:48:24,1.05,250,725950
20231229,09:48:25,1.05,150,725950
20231229,09:48:26,1.05,150,725950
20231229,09:48:27,1.05,200,725950
20231229,09:48:28,1.05,250,725950
20231229,09:48:29,1.05,100,725950
20231229,09:48:30,1.05,50,725950
20231229,09:48:31,1.05,50,725950
20231229,09:48:32,1.05,50,725950
20231229,09:48:33,1.05,50,725950
20231229,09:48:34,1.05,50,725950
20231229,09:48:35,1.05,50,725950
20231229,09:48:36,1.05,50,725950
20231229,09:48:37,1.05,150,725950
20231229,09:48:38,1.05,50,725950
20231229,09:48:39,1.05,200,725950
20231229,09:48:40,1.05,200,725950
20231229,09:48:41,1.05,350,725950
20231229,09:48:42,1.05,50,725950
20231229,09:48:43,1.05,50,725950
20231229,09:48:44,1.05,50,725950
20231229,09:48:45,1.05,50,725950
20231229,09:48:46,1.05,50,725950
20231229,09:48:47,1.05,50,725950
20231229,09:48:48,1.05,50,725950
20231229,09:48:49,1.05,50,725950
20231229,09:48:50,1.05,50,725950
20231229,09:48:51,1.05,250,725950
20231229,09:48:52,1.05,50,725950
20231229,09:48:53,1.05,50,725950
20231229,09:48:54,1.05,150,725950
20231229,09:48:55,1.0,100,725950
20231229,09:48:56,1.05,550,725950
20231229,09:48:57,1.0,250,725950
20231229,09:48:58,1.05,100,725950
20231229,09:48:59,1.05,50,725950
20231229,09:49:00,1.05,200,725950
20231229,09:49:01,1.05,200,725950
20231229,09:49:02,1.05,200,725950
20231229,09:49:03,1.0,50,725950
20231229,09:49:04,1.05,650,725950
20231229,09:49:05,1.05,50,725950
20231229,09:49:07,1.0,50,725950
20231229,09:49:08,1.05,50,725950
20231229,09:49:09,1.05,500,725950
20231229,09:49:10,1.05,50,725950
20231229,09:49:11,1.05,50,725950
20231229,09:49:14,1.05,250,725950
20231229,09:49:23,1.05,50,725950
20231229,09:49:24,1.05,50,725950
20231229,09:49:25,1.05,50,725950
20231229,09:49:27,1.05,50,725950
20231229,09:49:28,1.05,50,725950
20231229,09:49:29,1.05,50,725950
20231229,09:49:30,1.05,50,725950
20231229,09:49:31,1.05,50,725950
20231229,09:49:32,1.05,50,725950
20231229,09:49:33,1.05,50,725950
20231229,09:49:34,1.05,100,725950
20231229,09:49:35,1.05,50,725950
20231229,09:49:36,1.05,50,725950
20231229,09:49:37,1.05,50,725950
20231229,09:49:38,1.05,100,725950
20231229,09:49:39,1.05,100,725950
20231229,09:49:40,1.05,50,725950
20231229,09:49:41,1.05,50,725950
20231229,09:49:42,1.05,50,725950
20231229,09:49:43,1.05,50,725950
20231229,09:49:44,1.05,50,725950
20231229,09:49:45,1.05,50,725950
20231229,09:49:46,1.05,50,725950
20231229,09:49:47,1.05,50,725950
20231229,09:49:48,1.05,50,725950
20231229,09:49:49,1.05,50,725950
20231229,09:49:50,1.05,50,725950
20231229,09:49:51,1.05,50,725950
20231229,09:49:52,1.05,150,725950
20231229,09:49:53,1.05,50,725950
20231229,09:49:54,1.05,50,725950
20231229,09:49:55,1.05,50,725950
20231229,09:49:56,1.05,50,725950
20231229,09:49:57,1.05,50,725950
20231229,09:50:00,1.05,50,725950
20231229,09:50:01,1.05,50,725950
20231229,09:50:02,1.0,250,725950
20231229,09:50:03,1.05,50,725950
20231229,09:50:04,1.05,50,725950
20231229,09:50:05,1.05,50,725950
20231229,09:50:06,1.05,50,725950
20231229,09:50:07,1.05,50,725950
20231229,09:50:11,1.05,50,735950
20231229,09:50:15,1.05,50,735950
20231229,09:50:27,1.05,500,735950
20231229,09:50:28,1.05,50,735950
20231229,09:50:40,1.05,50,735950
20231229,09:50:41,1.0,50,735950
20231229,09:50:55,1.05,550,735950
20231229,09:50:59,1.05,100,735950
20231229,09:51:01,1.0,250,735950
20231229,09:51:02,1.0,250,735950
20231229,09:51:03,1.05,50,735950
20231229,09:51:04,1.05,50,735950
20231229,09:51:05,1.05,50,735950
20231229,09:51:12,1.05,100,735950
20231229,09:51:16,1.05,50,735950
20231229,09:51:18,1.05,50,735950
20231229,09:51:19,1.05,50,735950
20231229,09:51:20,1.05,50,735950
20231229,09:51:21,1.05,1100,735950
20231229,09:51:22,1.05,1400,735950
20231229,09:51:24,1.05,3150,735950
20231229,09:51:27,1.05,1100,735950
20231229,09:51:29,1.05,1350,735950
20231229,09:51:30,1.05,2050,735950
20231229,09:51:54,1.05,50,735950
20231229,09:51:55,1.05,50,735950
20231229,09:51:56,1.05,50,735950
20231229,09:51:57,1.05,50,735950
20231229,09:51:58,1.05,50,735950
20231229,09:51:59,1.05,200,735950
20231229,09:52:00,1.05,200,735950
20231229,09:52:01,1.05,200,735950
20231229,09:52:02,1.05,200,735950
20231229,09:52:03,1.05,200,735950
20231229,09:52:06,1.05,50,735950
20231229,09:52:07,1.05,50,735950
20231229,09:52:08,1.05,50,735950
20231229,09:52:09,1.05,100,735950
20231229,09:52:10,1.05,50,735950
20231229,09:52:11,1.05,50,735950
20231229,09:52:12,1.05,50,735950
20231229,09:52:13,1.05,50,735950
20231229,09:52:14,1.05,50,735950
20231229,09:52:15,1.05,50,735950
20231229,09:52:16,1.05,50,735950
20231229,09:52:17,1.05,50,735950
20231229,09:52:18,1.05,50,735950
20231229,09:52:19,1.05,50,735950
20231229,09:52:20,1.05,50,735950
20231229,09:52:21,1.05,50,735950
20231229,09:52:22,1.05,50,735950
20231229,09:52:23,1.05,50,735950
20231229,09:52:24,1.05,50,735950
20231229,09:52:26,1.05,50,735950
20231229,09:52:27,1.05,50,735950
20231229,09:52:28,1.05,50,735950
20231229,09:52:29,1.05,50,735950
20231229,09:52:30,1.05,50,735950
20231229,09:52:34,1.0,10800,735950
20231229,09:52:35,1.05,50,735950
20231229,09:52:37,1.0,10850,735950
20231229,09:52:39,1.05,50,735950
20231229,09:52:40,1.05,50,735950
20231229,09:52:41,1.05,50,735950
20231229,09:52:42,1.05,50,735950
20231229,09:52:43,1.05,50,735950
20231229,09:52:44,1.05,50,735950
20231229,09:52:45,1.05,50,735950
20231229,09:52:46,1.05,50,735950
20231229,09:52:47,1.05,50,735950
20231229,09:52:52,1.05,50,735950
20231229,09:52:55,1.05,50,735950
20231229,09:52:56,1.05,50,735950
20231229,09:52:57,1.05,100,735950
20231229,09:52:58,1.05,50,735950
20231229,09:52:59,1.05,50,735950
20231229,09:53:00,1.05,50,735950
20231229,09:53:02,1.05,100,735950
20231229,09:53:03,1.05,50,735950
20231229,09:53:07,1.05,650,735950
20231229,09:53:08,1.05,4100,735950
20231229,09:53:09,1.05,250,735950
20231229,09:53:10,1.05,300,735950
20231229,09:53:13,1.05,1450,727600
20231229,09:53:15,1.05,750,727600
20231229,09:53:15,1.05,850,727600
20231229,09:53:16,1.05,2050,727600
20231229,09:53:19,1.05,250,727600
20231229,09:53:23,1.05,250,727600
20231229,09:53:33,1.05,100,727600
20231229,09:53:35,1.05,100,727600
20231229,09:53:38,1.05,100,727600
20231229,09:53:40,1.05,100,727600
20231229,09:53:43,1.05,100,727600
20231229,09:53:45,1.05,100,727600
20231229,09:53:48,1.05,1900,727600
20231229,09:53:51,1.05,100,727600
20231229,09:53:53,1.05,100,727600
20231229,09:53:55,1.05,100,727600
20231229,09:53:58,1.05,100,727600
20231229,09:54:02,1.05,100,727600
20231229,09:54:03,1.05,100,727600
20231229,09:54:04,1.05,1500,727600
20231229,09:54:06,1.05,100,727600
20231229,09:54:08,1.05,100,727600
20231229,09:54:11,1.05,100,727600
20231229,09:54:11,1.05,1500,727600
20231229,09:54:12,1.05,3000,727600
20231229,09:54:13,1.05,1900,727600
20231229,09:54:15,1.05,100,727600
20231229,09:54:18,1.05,100,727600
20231229,09:54:21,1.05,100,727600
20231229,09:54:23,1.05,100,727600
20231229,09:54:25,1.05,50,727600
20231229,09:54:26,1.05,50,727600
20231229,09:54:28,1.05,100,727600
20231229,09:54:30,1.05,50,727600
20231229,09:54:32,1.05,50,727600
20231229,09:54:33,1.05,150,727600
20231229,09:54:34,1.05,1800,727600
20231229,09:54:36,1.05,150,727600
20231229,09:54:38,1.05,150,727600
20231229,09:54:40,1.0,50,727600
20231229,09:54:41,1.05,150,727600
20231229,09:54:43,1.05,150,727600
20231229,09:54:43,1.05,100,727600
20231229,09:54:44,1.0,100,727600
20231229,09:54:45,1.05,200,727600
20231229,09:54:46,1.05,350,727600
20231229,09:54:47,1.05,200,727600
20231229,09:54:48,1.05,350,727600
20231229,09:54:49,1.05,550,727600
20231229,09:54:50,1.05,50,727600
20231229,09:54:51,1.05,150,727600
20231229,09:54:52,1.05,50,727600
20231229,09:54:53,1.05,150,727600
20231229,09:54:54,1.05,50,727600
20231229,09:54:55,1.05,50,727600
20231229,09:54:56,1.05,150,727600
20231229,09:54:57,1.05,50,727600
20231229,09:54:58,1.05,150,727600
20231229,09:54:59,1.05,700,727600
20231229,09:55:00,1.05,700,727600
20231229,09:55:01,1.05,300,727600
20231229,09:55:03,1.05,250,727600
20231229,09:55:03,1.05,600,727600
20231229,09:55:04,1.05,50,727600
20231229,09:55:05,1.05,1900,727600
20231229,09:55:07,1.05,2700,727600
20231229,09:55:07,1.05,1800,727600
20231229,09:55:08,1.05,22150,727600
20231229,09:55:09,1.05,250,727600
20231229,09:55:10,1.05,21300,727600
20231229,09:55:11,1.05,1950,727600
20231229,09:55:12,1.05,100,727600
20231229,09:55:13,1.05,150,727600
20231229,09:55:14,1.05,50,727600
20231229,09:55:16,1.05,250,727600
20231229,09:55:17,1.05,50,727600
20231229,09:55:18,1.05,50,727600
20231229,09:55:18,1.05,100,727600
20231229,09:55:19,1.05,50,727600
20231229,09:55:20,1.05,50,727600
20231229,09:55:21,1.05,5000,727600
20231229,09:55:23,1.05,1800,727600
20231229,09:55:23,1.05,100,727600
20231229,09:55:25,1.05,50,727600
20231229,09:55:27,1.05,1950,727600
20231229,09:55:27,1.05,1500,727600
20231229,09:55:28,1.05,100,727600
20231229,09:55:29,1.05,1850,727600
20231229,09:55:31,1.05,100,727600
20231229,09:55:32,1.05,50,727600
20231229,09:55:33,1.05,1850,727600
20231229,09:55:33,1.05,100,727600
20231229,09:55:35,1.05,150,727600
20231229,09:55:36,1.05,50,727600
20231229,09:55:36,1.05,600,727600
20231229,09:55:38,1.05,450,727600
20231229,09:55:38,1.05,100,727600
20231229,09:55:39,1.05,100,727600
20231229,09:55:41,1.05,750,727600
20231229,09:55:42,1.05,150,727600
20231229,09:55:43,1.05,950,727600
20231229,09:55:44,1.05,150,727600
20231229,09:55:45,1.05,100,727600
20231229,09:55:46,1.05,2100,727600
20231229,09:55:47,1.05,50,727600
20231229,09:55:48,1.05,100,727600
20231229,09:55:50,1.05,300,727600
20231229,09:55:52,1.05,3700,727600
20231229,09:55:53,1.05,550,727600
20231229,09:55:53,1.05,100,727600
20231229,09:55:54,1.05,50,727600
20231229,09:55:57,1.05,250,727600
20231229,09:55:58,1.05,950,727600
20231229,09:55:59,1.05,150,727600
20231229,09:56:01,1.05,1950,727600
20231229,09:56:03,1.05,50,727600
20231229,09:56:03,1.05,100,727600
20231229,09:56:05,1.0,50,727600
20231229,09:56:06,1.05,100,727600
20231229,09:56:07,1.05,50,727600
20231229,09:56:08,1.0,50,727600
20231229,09:56:08,1.05,1550,727600
20231229,09:56:12,1.05,100,719050
20231229,09:56:12,1.05,200,719050
20231229,09:56:14,1.05,100,719050
20231229,09:56:16,1.05,100,719050
20231229,09:56:18,1.05,50,719050
20231229,09:56:20,1.05,50,719050
20231229,09:56:21,1.05,100,719050
20231229,09:56:23,1.05,50,719050
20231229,09:56:24,1.05,100,719050
20231229,09:56:26,1.05,50,719050
20231229,09:56:27,1.05,100,719050
20231229,09:56:28,1.05,50,719050
20231229,09:56:29,1.05,50,719050
20231229,09:56:31,1.05,100,719050
20231229,09:56:33,1.05,1850,719050
20231229,09:56:34,1.05,50,719050
20231229,09:56:36,1.05,50,719050
20231229,09:56:39,1.05,50,719050
20231229,09:56:40,1.05,50,719050
20231229,09:56:41,1.05,50,719050
20231229,09:56:43,1.05,50,719050
20231229,09:56:48,1.05,50,719050
20231229,09:56:49,1.0,1800,719050
20231229,09:56:50,1.0,250,719050
20231229,09:56:52,1.0,1550,719050
20231229,09:56:56,1.0,550,719050
20231229,09:57:01,1.0,450,719050
20231229,09:57:03,1.0,550,719050
20231229,09:57:06,1.0,550,719050
20231229,09:57:08,1.0,50,719050
20231229,09:57:09,1.0,550,719050
20231229,09:57:13,1.0,500,719050
20231229,09:57:14,1.0,50,719050
20231229,09:57:16,1.0,500,719050
20231229,09:57:18,1.05,350,719050
20231229,09:57:20,1.0,600,719050
20231229,09:57:21,1.0,50,719050
20231229,09:57:23,1.05,50,719050
20231229,09:57:23,1.0,300,719050
20231229,09:57:25,1.0,300,719050
20231229,09:57:26,1.0,100,719050
20231229,09:57:28,1.05,50,719050
20231229,09:57:29,1.0,800,719050
20231229,09:57:30,1.0,250,719050
20231229,09:57:32,1.05,50,719050
20231229,09:57:32,1.05,100,719050
20231229,09:57:34,1.0,50,719050
20231229,09:57:34,1.05,50,719050
20231229,09:57:41,1.05,100,719050
20231229,09:57:42,1.0,250,719050
20231229,09:57:51,1.0,450,719050
20231229,09:57:53,1.0,350,719050
20231229,09:58:00,1.05,1000,719050
20231229,09:58:18,1.05,50,719050
20231229,09:58:20,1.0,2050,719050
20231229,09:58:23,1.05,50,719050
20231229,09:58:25,1.0,50,719050
20231229,09:58:26,1.05,1000,719050
20231229,09:58:27,1.05,50,719050
20231229,09:58:28,1.05,2800,719050
20231229,09:58:29,1.0,50,719050
20231229,09:58:31,1.05,50,719050
20231229,09:58:33,1.0,50,719050
20231229,09:58:37,1.05,1000,719050
20231229,09:58:38,1.05,3800,719050
20231229,09:58:40,1.05,13650,719050
20231229,09:58:41,1.05,14400,719050
20231229,09:58:42,1.05,12600,719050
20231229,09:58:43,1.05,7200,719050
20231229,09:58:44,1.05,7200,719050
20231229,09:58:45,1.05,3200,719050
20231229,09:58:46,1.05,19750,719050
20231229,09:58:48,1.1,100,719050
20231229,09:58:50,1.1,50,719050
20231229,09:58:51,1.1,50,719050
20231229,09:58:52,1.05,50,719050
20231229,09:58:53,1.1,100,719050
20231229,09:58:54,1.1,200,719050
20231229,09:58:56,1.1,100,719050
20231229,09:58:58,1.1,100,719050
20231229,09:59:00,1.1,50,719050
20231229,09:59:01,1.1,50,719050
20231229,09:59:03,1.1,100,719050
20231229,09:59:05,1.05,8800,719050
20231229,09:59:06,1.05,2450,719050
20231229,09:59:07,1.05,2100,719050
20231229,09:59:08,1.05,400,719050
20231229,09:59:11,1.1,100,719050
20231229,09:59:13,1.1,100,723500
20231229,09:59:14,1.1,50,723500
20231229,09:59:15,1.1,1050,723500
20231229,09:59:16,1.1,50,723500
20231229,09:59:17,1.05,1000,723500
20231229,09:59:18,1.1,100,723500
20231229,09:59:20,1.1,50,723500
20231229,09:59:21,1.1,50,723500
20231229,09:59:23,1.1,50,723500
20231229,09:59:24,1.1,50,723500
20231229,09:59:26,1.1,100,723500
20231229,09:59:28,1.1,100,723500
20231229,09:59:31,1.1,100,723500
20231229,09:59:43,1.1,1800,723500
20231229,09:59:53,1.1,1500,723500
20231229,10:00:00,1.1,1500,723500
20231229,10:00:00,1.1,450,723500
20231229,10:00:01,1.1,1000,723500
20231229,10:00:19,1.05,50,723500
20231229,10:00:34,1.05,23450,723500
20231229,10:01:01,1.05,250,723500
20231229,10:01:04,1.05,500,723500
20231229,10:01:11,1.05,800,723500
20231229,10:01:14,1.05,2350,723500
20231229,10:01:15,1.05,600,723500
20231229,10:01:16,1.05,250,723500
20231229,10:01:17,1.05,59800,723500
20231229,10:01:20,1.1,50,723500
20231229,10:01:23,1.1,50,723500
20231229,10:01:24,1.1,250,723500
20231229,10:01:25,1.1,100,723500
20231229,10:01:26,1.1,150,723500
20231229,10:01:27,1.1,100,723500
20231229,10:01:31,1.1,50,723500
20231229,10:01:32,1.1,150,723500
20231229,10:01:33,1.1,100,723500
20231229,10:01:34,1.1,150,723500
20231229,10:01:35,1.1,300,723500
20231229,10:01:36,1.1,250,723500
20231229,10:01:37,1.1,250,723500
20231229,10:01:38,1.1,1600,723500
20231229,10:01:39,1.1,350,723500
20231229,10:01:40,1.1,200,723500
20231229,10:01:41,1.1,200,723500
20231229,10:01:42,1.1,300,723500
20231229,10:01:43,1.1,200,723500
20231229,10:01:45,1.1,150,723500
20231229,10:01:46,1.1,850,723500
20231229,10:01:47,1.1,150,723500
20231229,10:01:48,1.1,450,723500
20231229,10:01:49,1.1,100,723500
20231229,10:01:50,1.1,100,723500
20231229,10:01:51,1.1,100,723500
20231229,10:01:52,1.1,100,723500
20231229,10:01:53,1.1,100,723500
20231229,10:01:54,1.05,59000,723500
20231229,10:01:55,1.05,650,723500
20231229,10:01:56,1.05,50,723500
20231229,10:01:58,1.05,150,723500
20231229,10:02:00,1.05,50,723500
20231229,10:02:01,1.05,50,723500
20231229,10:02:02,1.05,50,723500
20231229,10:02:03,1.05,150,723500
20231229,10:02:05,1.05,50,723500
20231229,10:02:06,1.05,50,723500
20231229,10:02:08,1.05,100,723500
20231229,10:02:10,1.0,100,723500
20231229,10:02:11,1.05,100,723500
20231229,10:02:13,1.05,100,716750
20231229,10:02:15,1.05,150,716750
20231229,10:02:16,1.05,50,716750
20231229,10:02:17,1.05,27750,716750
20231229,10:02:18,1.05,1900,716750
20231229,10:02:19,1.05,1800,716750
20231229,10:02:20,1.05,7300,716750
20231229,10:02:26,1.1,50,716750
20231229,10:02:27,1.05,4150,716750
20231229,10:02:28,1.05,100,716750
20231229,10:02:30,1.05,50,716750
20231229,10:02:31,1.05,50,716750
20231229,10:02:33,1.05,50,716750
20231229,10:02:34,1.0,100,716750
20231229,10:02:35,1.05,50,716750
20231229,10:02:36,1.05,50,716750
20231229,10:02:38,1.05,300,716750
20231229,10:02:39,1.05,50,716750
20231229,10:02:40,1.05,50,716750
20231229,10:02:41,1.05,50,716750
20231229,10:02:43,1.05,50,716750
20231229,10:02:44,1.05,50,716750
20231229,10:02:46,1.05,100,716750
20231229,10:02:48,1.05,50,716750
20231229,10:02:49,1.05,100,716750
20231229,10:02:51,1.05,350,716750
20231229,10:02:53,1.05,50,716750
20231229,10:02:54,1.05,50,716750
20231229,10:02:56,1.05,100,716750
20231229,10:02:58,1.05,50,716750
20231229,10:02:59,1.05,50,716750
20231229,10:03:02,1.05,100,716750
20231229,10:03:02,1.05,50,716750
20231229,10:03:03,1.05,50,716750
20231229,10:03:04,1.05,50,716750
20231229,10:03:06,1.05,200,716750
20231229,10:03:08,1.05,50,716750
20231229,10:03:09,1.05,50,716750
20231229,10:03:10,1.05,500,716750
20231229,10:03:11,1.05,100,716750
20231229,10:03:13,1.05,50,716750
20231229,10:03:14,1.05,150,716750
20231229,10:03:15,1.0,2000,716750
20231229,10:03:16,1.05,100,716750
20231229,10:03:18,1.05,50,716750
20231229,10:03:19,1.05,50,716750
20231229,10:03:20,1.05,50,716750
20231229,10:03:21,1.05,50,716750
20231229,10:03:23,1.05,50,716750
20231229,10:03:24,1.05,50,716750
20231229,10:03:26,1.05,100,716750
20231229,10:03:28,1.05,50,716750
20231229,10:03:29,1.05,50,716750
20231229,10:03:31,1.05,100,716750
20231229,10:03:33,1.05,50,716750
20231229,10:03:34,1.05,50,716750
20231229,10:03:35,1.05,50,716750
20231229,10:03:36,1.05,100,716750
20231229,10:03:37,1.05,100,716750
20231229,10:03:38,1.05,100,716750
20231229,10:03:39,1.05,100,716750
20231229,10:03:40,1.05,50,716750
20231229,10:03:41,1.05,100,716750
20231229,10:03:42,1.05,100,716750
20231229,10:03:43,1.05,100,716750
20231229,10:03:44,1.05,50,716750
20231229,10:03:46,1.05,150,716750
20231229,10:03:47,1.05,50,716750
20231229,10:03:48,1.05,100,716750
20231229,10:03:49,1.05,100,716750
20231229,10:03:50,1.05,50,716750
20231229,10:03:51,1.05,150,716750
20231229,10:03:52,1.0,5050,716750
20231229,10:03:53,1.05,100,716750
20231229,10:03:54,1.05,250,716750
20231229,10:03:55,1.05,200,716750
20231229,10:03:56,1.05,250,716750
20231229,10:03:57,1.05,250,716750
20231229,10:03:58,1.05,250,716750
20231229,10:03:59,1.05,300,716750
20231229,10:04:00,1.05,200,716750
20231229,10:04:01,1.05,250,716750
20231229,10:04:02,1.0,300,716750
20231229,10:04:03,1.05,200,716750
20231229,10:04:04,1.05,150,716750
20231229,10:04:05,1.05,100,716750
20231229,10:04:06,1.05,150,716750
20231229,10:04:07,1.0,100,716750
20231229,10:04:08,1.05,50,716750
20231229,10:04:09,1.05,200,716750
20231229,10:04:10,1.05,50,716750
20231229,10:04:11,1.05,200,716750
20231229,10:04:12,1.05,50,716750
20231229,10:04:13,1.05,100,716750
20231229,10:04:14,1.05,150,716750
20231229,10:04:15,1.0,100,716750
20231229,10:04:16,1.05,100,716750
20231229,10:04:26,1.05,50,716750
20231229,10:04:27,1.05,50,716750
20231229,10:04:29,1.05,50,716750
20231229,10:04:29,1.05,1500,716750
20231229,10:04:30,1.05,1500,716750
20231229,10:04:31,1.05,1600,716750
20231229,10:04:33,1.05,1500,716750
20231229,10:04:34,1.05,1550,716750
20231229,10:04:34,1.0,300,716750
20231229,10:04:35,1.05,1500,716750
20231229,10:04:36,1.05,1600,716750
20231229,10:04:37,1.05,1500,716750
20231229,10:04:38,1.05,1800,716750
20231229,10:04:39,1.05,1900,716750
20231229,10:04:41,1.05,23550,716750
20231229,10:04:42,1.05,1500,716750
20231229,10:04:43,1.05,3300,716750
20231229,10:04:44,1.05,1900,716750
20231229,10:04:45,1.05,1500,716750
20231229,10:04:46,1.05,400,716750
20231229,10:04:49,1.05,1600,716750
20231229,10:04:51,1.05,400,716750
20231229,10:04:52,1.05,1800,716750
20231229,10:04:53,1.05,2100,716750
20231229,10:04:54,1.05,450,716750
20231229,10:04:55,1.05,2700,716750
20231229,10:04:57,1.05,1800,716750
20231229,10:04:59,1.05,1900,716750
20231229,10:05:01,1.05,150,716750
20231229,10:05:03,1.05,1800,716750
20231229,10:05:04,1.05,150,716750
20231229,10:05:06,1.05,100,716750
20231229,10:05:08,1.05,1500,716750
20231229,10:05:08,1.05,7450,716750
20231229,10:05:11,1.1,1500,716750
20231229,10:05:12,1.1,1500,725200
20231229,10:05:13,1.1,1500,725200
20231229,10:05:19,1.1,1500,725200
20231229,10:05:22,1.1,1500,725200
20231229,10:05:24,1.05,50,725200
20231229,10:05:29,1.1,1800,725200
20231229,10:05:30,1.1,500,725200
20231229,10:05:31,1.1,57200,725200
20231229,10:05:32,1.05,5600,725200
20231229,10:05:34,1.1,3600,725200
20231229,10:05:36,1.1,100,725200
20231229,10:05:39,1.1,100,725200
20231229,10:05:40,1.05,50,725200
20231229,10:05:42,1.1,100,725200
20231229,10:05:43,1.05,1800,725200
20231229,10:05:45,1.05,1800,725200
20231229,10:05:47,1.05,500,725200
20231229,10:05:54,1.05,1900,725200
20231229,10:05:56,1.1,50,725200
20231229,10:05:57,1.05,1850,725200
20231229,10:05:59,1.1,100,725200
20231229,10:06:02,1.1,100,725200
20231229,10:06:04,1.1,100,725200
20231229,10:06:05,1.1,50,725200
20231229,10:06:07,1.1,1100,725200
20231229,10:06:09,1.05,2000,725200
20231229,10:06:12,1.1,100,725200
20231229,10:06:16,1.05,1850,725200
20231229,10:06:17,1.1,100,725200
20231229,10:06:19,1.1,2350,725200
20231229,10:06:21,1.05,700,725200
20231229,10:06:22,1.1,100,725200
20231229,10:06:23,1.1,100,725200
20231229,10:06:24,1.05,1900,725200
20231229,10:06:25,1.05,1800,725200
20231229,10:06:26,1.05,1800,725200
20231229,10:06:32,1.05,900,725200
20231229,10:06:35,1.1,1900,725200
20231229,10:06:36,1.05,3600,725200
20231229,10:06:36,1.05,50,725200
20231229,10:06:37,1.05,1900,725200
20231229,10:06:39,1.1,50,725200
20231229,10:06:40,1.05,950,725200
20231229,10:06:42,1.05,1900,725200
20231229,10:06:44,1.1,1800,725200
20231229,10:06:44,1.1,50,725200
20231229,10:06:46,1.1,1850,725200
20231229,10:06:47,1.1,100,725200
20231229,10:06:55,1.1,100,725200
20231229,10:06:58,1.1,100,725200
20231229,10:07:00,1.1,50,725200
20231229,10:07:08,1.1,1500,725200
20231229,10:07:13,1.1,50,725200
20231229,10:07:15,1.1,50,725200
20231229,10:07:17,1.1,50,725200
20231229,10:07:19,1.1,50,725200
20231229,10:07:20,1.1,100,725200
20231229,10:07:23,1.05,1500,725200
20231229,10:07:32,1.1,50,725200
20231229,10:07:36,1.1,100,725200
20231229,10:07:37,1.1,50,725200
20231229,10:07:39,1.1,25050,725200
20231229,10:07:40,1.1,32500,725200
20231229,10:07:42,1.1,1000,725200
20231229,10:07:43,1.15,1500,725200
20231229,10:07:45,1.15,50,725200
20231229,10:07:48,1.1,350,725200
20231229,10:07:53,1.1,300,725200
20231229,10:07:55,1.15,250,725200
20231229,10:07:56,1.1,1550,725200
20231229,10:07:57,1.1,1550,725200
20231229,10:07:58,1.1,50,725200
20231229,10:08:00,1.1,10450,725200
20231229,10:08:00,1.1,3600,725200
20231229,10:08:02,1.1,400,725200
20231229,10:08:04,1.1,400,725200
20231229,10:08:05,1.1,200,725200
20231229,10:08:06,1.1,200,725200
20231229,10:08:07,1.1,200,725200
20231229,10:08:08,1.1,200,725200
20231229,10:08:10,1.1,300,725200
20231229,10:08:10,1.15,50,725200
20231229,10:08:11,1.15,1600,725200
20231229,10:08:13,1.1,400,733600
20231229,10:08:14,1.1,200,733600
20231229,10:08:15,1.1,250,733600
20231229,10:08:17,1.1,50,733600
20231229,10:08:18,1.1,50,733600
20231229,10:08:19,1.1,50,733600
20231229,10:08:20,1.1,50,733600
20231229,10:08:21,1.1,200,733600
20231229,10:08:23,1.1,200,733600
20231229,10:08:26,1.1,1500,733600
20231229,10:08:35,1.1,150,733600
20231229,10:08:37,1.1,50,733600
20231229,10:08:38,1.1,700,733600
20231229,10:08:40,1.1,100,733600
20231229,10:08:40,1.1,750,733600
20231229,10:08:41,1.1,50,733600
20231229,10:08:43,1.1,150,733600
20231229,10:08:44,1.1,50,733600
20231229,10:08:45,1.1,50,733600
20231229,10:08:47,1.1,100,733600
20231229,10:08:48,1.1,50,733600
20231229,10:08:50,1.1,100,733600
20231229,10:08:51,1.1,50,733600
20231229,10:08:52,1.1,50,733600
20231229,10:08:53,1.1,1600,733600
20231229,10:08:54,1.1,200,733600
20231229,10:08:55,1.1,250,733600
20231229,10:08:56,1.15,300,733600
20231229,10:08:57,1.15,100,733600
20231229,10:08:58,1.1,100,733600
20231229,10:08:59,1.1,100,733600
20231229,10:09:00,1.1,1650,733600
20231229,10:09:01,1.1,100,733600
20231229,10:09:02,1.1,100,733600
20231229,10:09:03,1.15,1150,733600
20231229,10:09:04,1.1,50,733600
20231229,10:09:05,1.15,500,733600
20231229,10:09:06,1.15,2250,733600
20231229,10:09:07,1.15,99400,733600
20231229,10:09:08,1.15,100,733600
20231229,10:09:09,1.15,1050,733600
20231229,10:09:10,1.15,100,733600
20231229,10:09:11,1.15,150,733600
20231229,10:09:12,1.15,100,733600
20231229,10:09:13,1.15,50,733600
20231229,10:09:14,1.15,50,733600
20231229,10:09:15,1.2,100,733600
20231229,10:09:16,1.15,150,733600
20231229,10:09:17,1.2,50,733600
20231229,10:09:18,1.2,50,733600
20231229,10:09:23,1.15,1700,733600
20231229,10:09:25,1.2,1600,733600
20231229,10:09:28,1.15,1700,733600
20231229,10:09:29,1.2,13800,733600
20231229,10:09:33,1.2,2050,733600
20231229,10:09:34,1.2,9000,733600
20231229,10:09:35,1.2,1000,733600
20231229,10:09:36,1.2,17750,733600
20231229,10:09:37,1.2,11650,733600
20231229,10:09:38,1.2,1500,733600
20231229,10:09:39,1.25,50,733600
20231229,10:09:40,1.2,150,733600
20231229,10:09:41,1.25,300,733600
20231229,10:09:42,1.25,250,733600
20231229,10:09:43,1.25,100,733600
20231229,10:09:44,1.25,150,733600
20231229,10:09:45,1.25,100,733600
20231229,10:09:46,1.25,200,733600
20231229,10:09:47,1.25,50,733600
20231229,10:09:48,1.25,200,733600
20231229,10:09:49,1.25,100,733600
20231229,10:09:50,1.25,100,733600
20231229,10:09:51,1.25,100,733600
20231229,10:09:52,1.25,150,733600
20231229,10:09:53,1.25,50,733600
20231229,10:09:54,1.25,50,733600
20231229,10:09:55,1.2,550,733600
20231229,10:09:56,1.25,50,733600
20231229,10:09:57,1.25,50,733600
20231229,10:09:58,1.25,150,733600
20231229,10:10:01,1.25,50,733600
20231229,10:10:02,1.25,50,733600
20231229,10:10:03,1.25,50,733600
20231229,10:10:05,1.25,50,733600
20231229,10:10:06,1.25,50,733600
20231229,10:10:07,1.25,1100,733600
20231229,10:10:09,1.2,1000,733600
20231229,10:10:10,1.2,2950,733600
20231229,10:10:12,1.25,1800,733600
20231229,10:10:13,1.25,1000,733600
20231229,10:10:14,1.25,500,733600
20231229,10:10:18,1.25,2150,733600
20231229,10:10:19,1.25,100,733600
20231229,10:10:20,1.25,1700,733600
20231229,10:10:21,1.25,200,733600
20231229,10:10:22,1.25,100,733600
20231229,10:10:23,1.25,100,733600
20231229,10:10:25,1.2,10800,733600
20231229,10:10:26,1.2,23500,733600
20231229,10:10:27,1.2,500,733600
20231229,10:10:28,1.2,1750,733600
20231229,10:10:29,1.15,150,733600
20231229,10:10:30,1.15,50,733600
20231229,10:10:31,1.15,550,733600
20231229,10:10:32,1.15,50,733600
20231229,10:10:33,1.15,50,733600
20231229,10:10:34,1.15,50,733600
20231229,10:10:35,1.15,100,733600
20231229,10:10:36,1.15,50,733600
20231229,10:10:37,1.15,200,733600
20231229,10:10:38,1.15,200,733600
20231229,10:10:39,1.15,200,733600
20231229,10:10:41,1.2,300,733600
20231229,10:10:42,1.2,1750,733600
20231229,10:10:43,1.2,250,733600
20231229,10:10:44,1.2,750,733600
20231229,10:10:46,1.2,250,733600
20231229,10:10:47,1.2,800,733600
20231229,10:10:48,1.2,750,733600
20231229,10:10:49,1.2,250,733600
20231229,10:10:52,1.2,250,733600
20231229,10:10:58,1.2,50,733600
20231229,10:11:02,1.2,50,733600
20231229,10:11:06,1.2,50,733600
20231229,10:11:09,1.2,50,733600
20231229,10:11:12,1.2,50,733600
20231229,10:11:14,1.2,50,734500
20231229,10:11:15,1.2,50,734500
20231229,10:11:17,1.2,50,734500
20231229,10:11:19,1.2,50,734500
20231229,10:11:20,1.2,50,734500
20231229,10:11:22,1.2,50,734500
20231229,10:11:23,1.2,50,734500
20231229,10:11:25,1.2,100,734500
20231229,10:11:26,1.2,50,734500
20231229,10:11:28,1.2,50,734500
20231229,10:11:29,1.2,50,734500
20231229,10:11:30,1.2,50,734500
20231229,10:11:32,1.2,50,734500
20231229,10:11:33,1.2,50,734500
20231229,10:11:39,1.2,50,734500
20231229,10:11:41,1.15,250,734500
20231229,10:11:42,1.2,50,734500
20231229,10:11:43,1.2,50,734500
20231229,10:11:45,1.2,50,734500
20231229,10:11:46,1.2,50,734500
20231229,10:11:47,1.2,900,734500
20231229,10:11:48,1.2,50,734500
20231229,10:11:49,1.2,1900,734500
20231229,10:11:50,1.15,1850,734500
20231229,10:11:51,1.2,50,734500
20231229,10:11:53,1.15,1850,734500
20231229,10:11:54,1.2,50,734500
20231229,10:11:55,1.2,1850,734500
20231229,10:11:57,1.2,1950,734500
20231229,10:11:58,1.15,1850,734500
20231229,10:11:59,1.2,50,734500
20231229,10:12:00,1.2,50,734500
20231229,10:12:01,1.15,1800,734500
20231229,10:12:03,1.15,1800,734500
20231229,10:12:04,1.2,50,734500
20231229,10:12:09,1.2,50,734500
20231229,10:12:10,1.2,500,734500
20231229,10:12:11,1.2,50,734500
20231229,10:12:12,1.2,50,734500
20231229,10:12:13,1.2,50,734500
20231229,10:12:14,1.2,50,734500
20231229,10:12:15,1.2,50,734500
20231229,10:12:16,1.2,1800,734500
20231229,10:12:18,1.2,4250,734500
20231229,10:12:20,1.2,100,734500
20231229,10:12:21,1.2,100,734500
20231229,10:12:22,1.2,100,734500
20231229,10:12:23,1.2,1900,734500
20231229,10:12:24,1.2,1650,734500
20231229,10:12:25,1.2,100,734500
20231229,10:12:28,1.2,50,734500
20231229,10:12:29,1.2,50,734500
20231229,10:12:30,1.2,10850,734500
20231229,10:12:31,1.2,83150,734500
20231229,10:12:33,1.25,800,734500
20231229,10:12:34,1.25,50,734500
20231229,10:12:36,1.25,150,734500
20231229,10:12:37,1.25,1650,734500
20231229,10:12:38,1.25,1950,734500
20231229,10:12:39,1.25,150,734500
20231229,10:12:40,1.25,56100,734500
20231229,10:12:41,1.25,2000,734500
20231229,10:12:42,1.25,9500,734500
20231229,10:12:43,1.25,15150,734500
20231229,10:12:44,1.25,16500,734500
20231229,10:12:46,1.25,1800,734500
20231229,10:12:47,1.25,1800,734500
20231229,10:12:48,1.25,2000,734500
20231229,10:12:49,1.25,1700,734500
20231229,10:12:50,1.25,300,734500
20231229,10:12:51,1.25,250,734500
20231229,10:12:52,1.25,250,734500
20231229,10:12:53,1.25,9300,734500
20231229,10:12:54,1.25,11950,734500
20231229,10:12:55,1.25,30000,734500
20231229,10:12:56,1.25,4150,734500
20231229,10:12:57,1.25,10150,734500
20231229,10:12:58,1.25,54100,734500
20231229,10:13:01,1.25,4500,734500
20231229,10:13:02,1.25,20000,734500
20231229,10:13:03,1.25,3900,734500
20231229,10:13:05,1.25,16750,734500
20231229,10:13:06,1.25,650,734500
20231229,10:13:09,1.2,300,734500
20231229,10:13:15,1.25,3600,734500
20231229,10:13:17,1.25,450,734500
20231229,10:13:18,1.2,900,734500
20231229,10:13:19,1.25,50,734500
20231229,10:13:21,1.25,1500,734500
20231229,10:13:22,1.25,250,734500
20231229,10:13:23,1.25,5800,734500
20231229,10:13:24,1.25,18950,734500
20231229,10:13:26,1.25,850,734500
20231229,10:13:27,1.3,50,734500
20231229,10:13:37,1.25,64800,734500
20231229,10:13:38,1.3,4100,734500
20231229,10:13:39,1.3,2550,734500
20231229,10:13:43,1.35,50,734500
20231229,10:13:44,1.3,150,734500
20231229,10:13:45,1.35,1900,734500
20231229,10:13:46,1.35,50,734500
20231229,10:13:47,1.3,5100,734500
20231229,10:13:48,1.3,1050,734500
20231229,10:13:49,1.35,50,734500
20231229,10:13:51,1.35,100,734500
20231229,10:13:52,1.3,50,734500
20231229,10:13:55,1.3,31000,734500
20231229,10:13:57,1.3,1000,734500
20231229,10:13:59,1.3,1500,734500
20231229,10:14:00,1.25,700,734500
20231229,10:14:02,1.3,50,734500
20231229,10:14:03,1.25,500,734500
20231229,10:14:04,1.3,2150,734500
20231229,10:14:06,1.3,250,734500
20231229,10:14:07,1.25,1500,734500
20231229,10:14:11,1.25,3300,734500
20231229,10:14:15,1.3,250,737400
20231229,10:14:17,1.3,50,737400
20231229,10:14:22,1.25,50,737400
20231229,10:14:23,1.3,1650,737400
20231229,10:14:26,1.3,50,737400
20231229,10:14:30,1.25,1000,737400
20231229,10:14:31,1.3,1850,737400
20231229,10:14:35,1.25,1500,737400
20231229,10:14:38,1.25,50,737400
20231229,10:14:41,1.3,50,737400
20231229,10:14:43,1.3,350,737400
20231229,10:14:45,1.3,50,737400
20231229,10:14:46,1.3,1600,737400
20231229,10:14:47,1.3,50,737400
20231229,10:14:48,1.25,2650,737400
20231229,10:14:49,1.3,100,737400
20231229,10:14:50,1.3,3650,737400
20231229,10:14:51,1.25,450,737400
20231229,10:14:52,1.3,400,737400
20231229,10:14:53,1.3,26700,737400
20231229,10:14:54,1.3,950,737400
20231229,10:14:55,1.35,50050,737400
20231229,10:14:59,1.3,1550,737400
20231229,10:15:00,1.3,1800,737400
20231229,10:15:02,1.3,250,737400
20231229,10:15:03,1.3,2200,737400
20231229,10:15:07,1.35,50,737400
20231229,10:15:08,1.35,50,737400
20231229,10:15:10,1.35,1800,737400
20231229,10:15:11,1.3,50,737400
20231229,10:15:12,1.35,3050,737400
20231229,10:15:13,1.35,1900,737400
20231229,10:15:14,1.35,150,737400
20231229,10:15:15,1.35,100,737400
20231229,10:15:16,1.35,200,737400
20231229,10:15:17,1.35,200,737400
20231229,10:15:18,1.35,100,737400
20231229,10:15:19,1.35,1600,737400
20231229,10:15:20,1.35,50,737400
20231229,10:15:21,1.35,10350,737400
20231229,10:15:22,1.35,3850,737400
20231229,10:15:23,1.35,1000,737400
20231229,10:15:25,1.35,50,737400
20231229,10:15:27,1.35,1800,737400
20231229,10:15:30,1.35,9000,737400
20231229,10:15:32,1.3,350,737400
20231229,10:15:33,1.35,3450,737400
20231229,10:15:34,1.35,50,737400
20231229,10:15:40,1.3,1000,737400
20231229,10:15:44,1.3,15150,737400
20231229,10:15:46,1.3,2450,737400
20231229,10:15:47,1.25,1500,737400
20231229,10:15:48,1.25,2000,737400
20231229,10:15:52,1.3,50,737400
20231229,10:15:53,1.3,50,737400
20231229,10:15:54,1.3,50,737400
20231229,10:15:55,1.3,250,737400
20231229,10:16:02,1.3,50,737400
20231229,10:16:05,1.3,650,737400
20231229,10:16:06,1.3,50,737400
20231229,10:16:10,1.3,1750,737400
20231229,10:16:11,1.3,1800,737400
20231229,10:16:12,1.3,1850,737400
20231229,10:16:13,1.3,17700,737400
20231229,10:16:19,1.35,50,737400
20231229,10:16:20,1.35,500,737400
20231229,10:16:21,1.35,100,737400
20231229,10:16:22,1.3,1700,737400
20231229,10:16:26,1.3,15800,737400
20231229,10:16:26,1.3,50,737400
20231229,10:16:29,1.3,50,737400
20231229,10:16:36,1.25,200,737400
20231229,10:16:37,1.3,2100,737400
20231229,10:16:38,1.3,1700,737400
20231229,10:16:47,1.3,1000,737400
20231229,10:16:48,1.25,50,737400
20231229,10:16:55,1.25,1500,737400
20231229,10:17:06,1.3,200,737400
20231229,10:17:10,1.25,1150,737400
20231229,10:17:12,1.25,1500,737400
20231229,10:17:12,1.25,12700,737400
20231229,10:17:13,1.25,4600,737400
20231229,10:17:30,1.25,1500,738050
20231229,10:17:42,1.2,200,738050
20231229,10:17:43,1.2,1600,738050
20231229,10:17:44,1.25,250,738050
20231229,10:17:44,1.2,400,738050
20231229,10:17:55,1.2,1800,738050
20231229,10:18:02,1.25,100,738050
20231229,10:18:06,1.2,50,738050
20231229,10:18:10,1.25,2500,738050
20231229,10:18:18,1.2,150,738050
20231229,10:18:23,1.25,100,738050
20231229,10:18:24,1.25,150,738050
20231229,10:18:24,1.25,100,738050
20231229,10:18:26,1.25,100,738050
20231229,10:18:28,1.2,1100,738050
20231229,10:18:29,1.25,50,738050
20231229,10:18:33,1.25,150,738050
20231229,10:18:35,1.25,100,738050
20231229,10:18:36,1.25,50,738050
20231229,10:18:36,1.25,150,738050
20231229,10:18:37,1.25,50,738050
20231229,10:18:40,1.25,50,738050
20231229,10:18:40,1.25,100,738050
20231229,10:18:41,1.25,100,738050
20231229,10:18:43,1.25,50,738050
20231229,10:18:43,1.25,100,738050
20231229,10:18:57,1.25,150,738050
20231229,10:18:57,1.25,100,738050
20231229,10:18:59,1.25,100,738050
20231229,10:19:22,1.25,100,738050
20231229,10:19:23,1.25,150,738050
20231229,10:19:24,1.25,150,738050
20231229,10:19:26,1.25,100,738050
20231229,10:19:26,1.25,150,738050
20231229,10:19:27,1.25,100,738050
20231229,10:19:32,1.25,100,738050
20231229,10:19:33,1.25,150,738050
20231229,10:19:34,1.25,50,738050
20231229,10:19:44,1.2,115300,738050
20231229,10:19:45,1.2,300,738050
20231229,10:19:49,1.2,50,738050
20231229,10:19:52,1.2,50,738050
20231229,10:19:55,1.15,11650,738050
20231229,10:19:57,1.15,100,738050
20231229,10:20:00,1.1,100,738050
20231229,10:20:02,1.1,150,738050
20231229,10:20:05,1.15,1800,738050
20231229,10:20:06,1.1,10800,738050
20231229,10:20:07,1.15,15000,738050
20231229,10:20:08,1.15,500,738050
20231229,10:20:09,1.15,11350,738050
20231229,10:20:10,1.15,1850,738050
20231229,10:20:11,1.15,3650,738050
20231229,10:20:13,1.1,50,738050
20231229,10:20:14,1.1,1850,738050
20231229,10:20:20,1.15,50,853150
20231229,10:20:25,1.15,100,853150
20231229,10:20:35,1.15,100,853150
20231229,10:20:36,1.15,650,853150
20231229,10:20:37,1.15,300,853150
20231229,10:20:38,1.15,500,853150
20231229,10:20:39,1.15,150,853150
20231229,10:20:40,1.15,50,853150
20231229,10:20:41,1.15,100,853150
20231229,10:20:42,1.15,100,853150
20231229,10:20:43,1.15,150,853150
20231229,10:20:44,1.15,200,853150
20231229,10:20:45,1.15,200,853150
20231229,10:20:46,1.15,100,853150
20231229,10:20:47,1.15,150,853150
20231229,10:20:48,1.15,150,853150
20231229,10:20:49,1.15,800,853150
20231229,10:20:50,1.15,1400,853150
20231229,10:20:52,1.15,50,853150
20231229,10:20:53,1.15,3750,853150
20231229,10:20:54,1.15,150,853150
20231229,10:20:55,1.15,150,853150
20231229,10:20:56,1.15,12600,853150
20231229,10:20:57,1.15,1800,853150
20231229,10:20:58,1.15,6000,853150
20231229,10:21:00,1.15,31050,853150
20231229,10:21:01,1.2,50,853150
20231229,10:21:02,1.2,50,853150
20231229,10:21:03,1.2,100,853150
20231229,10:21:04,1.15,16700,853150
20231229,10:21:11,1.15,50,853150
20231229,10:21:12,1.15,1800,853150
20231229,10:21:13,1.15,3600,853150
20231229,10:21:14,1.15,7200,853150
20231229,10:21:17,1.15,6800,853150
20231229,10:21:18,1.2,1850,853150
20231229,10:21:19,1.1,3600,853150
20231229,10:21:23,1.15,1500,853150
20231229,10:21:25,1.1,250,853150
20231229,10:21:27,1.15,1800,853150
20231229,10:21:28,1.1,750,853150
20231229,10:21:29,1.1,750,853150
20231229,10:21:30,1.1,500,853150
20231229,10:21:31,1.1,1500,853150
20231229,10:21:32,1.1,1000,853150
20231229,10:21:33,1.1,1750,853150
20231229,10:21:34,1.1,1250,853150
20231229,10:21:35,1.1,2000,853150
20231229,10:21:36,1.1,1750,853150
20231229,10:21:37,1.1,1000,853150
20231229,10:21:38,1.1,1000,853150
20231229,10:21:39,1.1,2000,853150
20231229,10:21:40,1.15,1650,853150
20231229,10:21:41,1.15,150,853150
20231229,10:21:42,1.1,500,853150
20231229,10:21:43,1.1,1150,853150
20231229,10:21:44,1.1,1750,853150
20231229,10:21:45,1.1,1500,853150
20231229,10:21:46,1.15,650,853150
20231229,10:21:47,1.15,1800,853150
20231229,10:21:48,1.15,2200,853150
20231229,10:21:49,1.1,2600,853150
20231229,10:21:50,1.1,1550,853150
20231229,10:21:51,1.1,1000,853150
20231229,10:21:52,1.1,1050,853150
20231229,10:21:53,1.1,500,853150
20231229,10:21:54,1.15,250,853150
20231229,10:21:57,1.1,68650,853150
20231229,10:21:58,1.1,50,853150
20231229,10:22:02,1.1,50,853150
20231229,10:22:10,1.05,1500,853150
20231229,10:22:14,1.1,50,853150
20231229,10:22:33,1.1,100,853150
20231229,10:22:34,1.1,100,853150
20231229,10:22:37,1.1,1500,853150
20231229,10:22:50,1.1,50,853150
20231229,10:22:51,1.05,10500,853150
20231229,10:22:58,1.1,50,853150
20231229,10:23:01,1.05,150,853150
20231229,10:23:02,1.05,900,853150
20231229,10:23:03,1.05,350,853150
20231229,10:23:04,1.1,1500,853150
20231229,10:23:12,1.1,50,853150
20231229,10:23:18,1.05,50,851500
20231229,10:23:21,1.05,1500,851500
20231229,10:23:29,1.1,50,851500
20231229,10:23:31,1.1,1000,851500
20231229,10:23:34,1.05,67650,851500
20231229,10:23:35,1.05,9150,851500
20231229,10:23:36,1.05,3900,851500
20231229,10:23:41,1.05,50,851500
20231229,10:23:49,1.05,1000,851500
20231229,10:23:52,1.0,50,851500
20231229,10:23:53,1.0,250,851500
20231229,10:23:54,1.0,50,851500
20231229,10:23:55,1.0,50,851500
20231229,10:23:56,1.05,3350,851500
20231229,10:23:57,1.0,50,851500
20231229,10:23:58,1.0,50,851500
20231229,10:23:59,1.0,50,851500
20231229,10:24:00,1.0,1900,851500
20231229,10:24:01,1.0,1850,851500
20231229,10:24:02,1.05,4150,851500
20231229,10:24:03,1.05,5850,851500
20231229,10:24:04,1.05,2000,851500
20231229,10:24:05,1.0,1850,851500
20231229,10:24:06,1.05,3650,851500
20231229,10:24:07,1.05,3950,851500
20231229,10:24:08,1.05,18850,851500
20231229,10:24:09,1.05,50,851500
20231229,10:24:10,1.05,200,851500
20231229,10:24:11,1.05,250,851500
20231229,10:24:12,1.05,1600,851500
20231229,10:24:13,1.05,1550,851500
20231229,10:24:14,1.05,50,851500
20231229,10:24:15,1.05,50,851500
20231229,10:24:16,1.05,1850,851500
20231229,10:24:17,1.05,50,851500
20231229,10:24:18,1.05,1800,851500
20231229,10:24:19,1.0,30450,851500
20231229,10:24:22,1.05,250,851500
20231229,10:24:29,1.0,50,851500
20231229,10:24:30,1.05,250,851500
20231229,10:24:34,1.05,250,851500
20231229,10:24:35,1.05,250,851500
20231229,10:24:38,1.05,2050,851500
20231229,10:24:39,1.05,2900,851500
20231229,10:24:40,1.05,850,851500
20231229,10:24:41,1.0,17200,851500
20231229,10:24:42,1.05,8500,851500
20231229,10:24:43,1.05,8150,851500
20231229,10:24:44,1.05,700,851500
20231229,10:24:45,1.05,50,851500
20231229,10:24:46,1.0,13550,851500
20231229,10:24:47,1.0,200,851500
20231229,10:24:48,1.1,4950,851500
20231229,10:24:49,1.05,200,851500
20231229,10:24:50,1.05,4750,851500
20231229,10:24:51,1.0,100,851500
20231229,10:24:52,1.0,50,851500
20231229,10:24:53,1.0,50,851500
20231229,10:24:54,1.0,50,851500
20231229,10:24:55,1.0,50,851500
20231229,10:24:56,1.0,50,851500
20231229,10:24:57,1.0,50,851500
20231229,10:24:58,1.0,1850,851500
20231229,10:24:59,1.0,200,851500
20231229,10:25:00,1.0,200,851500
20231229,10:25:01,1.05,500,851500
20231229,10:25:02,1.0,200,851500
20231229,10:25:04,1.05,50,851500
20231229,10:25:05,1.0,50,851500
20231229,10:25:06,1.0,50,851500
20231229,10:25:07,1.0,50,851500
20231229,10:25:08,1.0,50,851500
20231229,10:25:09,1.0,50,851500
20231229,10:25:10,1.0,50,851500
20231229,10:25:11,1.0,50,851500
20231229,10:25:12,1.0,50,851500
20231229,10:25:13,1.0,50,851500
20231229,10:25:14,1.0,50,851500
20231229,10:25:15,1.0,50,851500
20231229,10:25:20,1.05,50,851500
20231229,10:25:23,1.0,50,851500
20231229,10:25:24,1.0,50,851500
20231229,10:25:25,1.0,50,851500
20231229,10:25:26,1.0,50,851500
20231229,10:25:27,1.05,1550,851500
20231229,10:25:28,1.0,50,851500
20231229,10:25:29,1.05,250,851500
20231229,10:25:30,1.0,350,851500
20231229,10:25:31,1.0,200,851500
20231229,10:25:32,1.0,200,851500
20231229,10:25:33,1.0,50,851500
20231229,10:25:34,1.0,50,851500
20231229,10:25:35,1.0,50,851500
20231229,10:25:36,1.0,50,851500
20231229,10:25:37,1.0,50,851500
20231229,10:25:38,1.0,200,851500
20231229,10:25:39,1.0,200,851500
20231229,10:25:40,1.0,200,851500
20231229,10:25:44,1.0,50,851500
20231229,10:25:48,1.0,1800,851500
20231229,10:25:50,1.0,150,851500
20231229,10:25:51,1.0,150,851500
20231229,10:25:54,1.05,50,851500
20231229,10:26:04,1.0,1800,851500
20231229,10:26:06,1.05,100,851500
20231229,10:26:08,1.0,1800,851500
20231229,10:26:10,1.0,3600,851500
20231229,10:26:11,1.0,1850,851500
20231229,10:26:12,1.0,3600,851500
20231229,10:26:13,1.0,1950,851500
20231229,10:26:14,1.0,1000,851500
20231229,10:26:15,1.0,150,873350
20231229,10:26:16,1.0,150,873350
20231229,10:26:17,1.0,150,873350
20231229,10:26:23,1.0,1900,873350
20231229,10:26:24,1.05,250,873350
20231229,10:26:31,1.05,300,873350
20231229,10:26:34,1.05,50,873350
20231229,10:26:35,1.0,150,873350
20231229,10:26:36,1.0,150,873350
20231229,10:26:37,1.0,200,873350
20231229,10:26:39,1.0,50,873350
20231229,10:26:42,1.0,1850,873350
20231229,10:26:42,1.05,50,873350
20231229,10:26:44,1.0,1850,873350
20231229,10:26:45,1.0,150,873350
20231229,10:26:46,1.0,150,873350
20231229,10:26:47,1.0,550,873350
20231229,10:26:48,1.0,150,873350
20231229,10:26:52,1.0,150,873350
20231229,10:26:53,1.0,150,873350
20231229,10:26:54,1.05,300,873350
20231229,10:26:58,1.0,150,873350
20231229,10:26:59,1.0,150,873350
20231229,10:27:00,1.0,150,873350
20231229,10:27:01,1.0,200,873350
20231229,10:27:02,1.0,1950,873350
20231229,10:27:03,1.0,150,873350
20231229,10:27:04,1.0,150,873350
20231229,10:27:09,1.0,4050,873350
20231229,10:27:11,1.0,50,873350
20231229,10:27:12,1.0,150,873350
20231229,10:27:13,1.0,150,873350
20231229,10:27:14,1.05,2000,873350
20231229,10:27:16,1.0,350,873350
20231229,10:27:19,1.0,350,873350
20231229,10:27:22,1.0,1800,873350
20231229,10:27:24,1.0,1050,873350
20231229,10:27:30,1.0,150,873350
20231229,10:27:31,1.0,700,873350
20231229,10:27:32,1.0,150,873350
20231229,10:27:33,1.0,500,873350
20231229,10:27:36,1.0,250,873350
20231229,10:27:39,1.05,50,873350
20231229,10:27:40,1.0,250,873350
20231229,10:27:41,1.0,1450,873350
20231229,10:27:42,1.0,1850,873350
20231229,10:27:44,1.0,100,873350
20231229,10:27:52,1.05,50,873350
20231229,10:27:59,1.0,1900,873350
20231229,10:28:00,1.05,1800,873350
20231229,10:28:07,1.0,150,873350
20231229,10:28:08,1.05,250,873350
20231229,10:28:09,1.0,150,873350
20231229,10:28:24,1.0,50,873350
20231229,10:28:25,1.0,50,873350
20231229,10:28:26,1.0,150,873350
20231229,10:28:27,1.0,150,873350
20231229,10:28:28,1.0,150,873350
20231229,10:28:36,1.05,350,873350
20231229,10:28:42,1.0,2200,873350
20231229,10:28:45,1.0,350,873350
20231229,10:28:54,1.0,1700,873350
20231229,10:28:58,1.0,1800,873350
20231229,10:28:58,1.0,3600,873350
20231229,10:29:00,1.0,1800,873350
20231229,10:29:27,1.0,250,874550
20231229,10:29:29,1.0,300,874550
20231229,10:29:41,1.05,50,874550
20231229,10:29:42,1.05,50,874550
20231229,10:29:50,1.0,50,874550
20231229,10:29:59,1.0,350,874550
20231229,10:29:59,1.05,400,874550
20231229,10:30:00,1.0,91850,874550
20231229,10:30:01,1.0,11100,874550
20231229,10:30:03,1.0,20450,874550
20231229,10:30:05,1.0,3300,874550
20231229,10:30:06,1.0,50,874550
20231229,10:30:07,0.95,350,874550
20231229,10:30:10,1.0,350,874550
20231229,10:30:11,1.0,150,874550
20231229,10:30:13,1.0,50,874550
20231229,10:30:14,1.0,300,874550
20231229,10:30:16,1.0,150,874550
20231229,10:30:16,1.0,50,874550
20231229,10:30:17,1.0,50,874550
20231229,10:30:19,1.0,10850,874550
20231229,10:30:19,1.0,29100,874550
20231229,10:30:20,1.0,11800,874550
20231229,10:30:21,1.0,6000,874550
20231229,10:30:22,1.0,4700,874550
20231229,10:30:24,1.0,5400,874550
20231229,10:30:27,1.05,350,874550
20231229,10:30:28,1.0,650,874550
20231229,10:30:30,1.05,100,874550
20231229,10:30:31,1.05,50,874550
20231229,10:30:32,1.05,50,874550
20231229,10:30:35,1.0,1900,874550
20231229,10:30:37,1.05,100,874550
20231229,10:30:38,1.0,250,874550
20231229,10:30:39,1.0,25050,874550
20231229,10:30:39,1.0,100,874550
20231229,10:30:43,1.0,100,874550
20231229,10:30:45,1.0,100,874550
20231229,10:30:47,1.0,100,874550
20231229,10:30:48,1.0,100,874550
20231229,10:30:50,1.0,100,874550
20231229,10:30:52,1.0,50,874550
20231229,10:30:53,1.0,50,874550
20231229,10:30:55,1.0,100,874550
20231229,10:30:57,1.0,50,874550
20231229,10:30:58,1.0,1850,874550
20231229,10:30:59,1.0,5400,874550
20231229,10:31:00,1.0,50,874550
20231229,10:31:01,1.0,1850,874550
20231229,10:31:02,1.0,50,874550
20231229,10:31:03,1.0,50,874550
20231229,10:31:05,1.0,50,874550
20231229,10:31:06,1.0,500,874550
20231229,10:31:07,1.0,50,874550
20231229,10:31:08,1.0,50,874550
20231229,10:31:10,1.0,50,874550
20231229,10:31:11,1.0,50,874550
20231229,10:31:13,1.0,100,874550
20231229,10:31:15,1.0,50,874550
20231229,10:31:16,1.0,50,874550
20231229,10:31:17,1.0,50,874550
20231229,10:31:18,1.0,50,874550
20231229,10:31:20,1.0,50,874550
20231229,10:31:21,1.0,50,874550
20231229,10:31:22,1.0,50,874550
20231229,10:31:23,1.0,50,874550
20231229,10:31:24,1.0,50,874550
20231229,10:31:25,1.0,50,874550
20231229,10:31:27,1.0,50,874550
20231229,10:31:28,1.0,50,874550
20231229,10:31:29,1.0,2800,874550
20231229,10:31:30,0.95,1850,874550
20231229,10:31:31,1.0,50,874550
20231229,10:31:32,1.0,50,874550
20231229,10:31:33,1.0,50,874550
20231229,10:31:34,1.0,50,874550
20231229,10:31:35,1.0,50,874550
20231229,10:31:38,1.0,50,874550
20231229,10:31:39,1.0,50,874550
20231229,10:31:40,1.0,50,874550
20231229,10:31:41,1.0,50,874550
20231229,10:31:43,1.0,100,874550
20231229,10:31:45,1.0,50,874550
20231229,10:31:46,1.0,50,874550
20231229,10:31:48,1.0,100,874550
20231229,10:31:50,1.0,50,874550
20231229,10:31:51,1.0,50,874550
20231229,10:31:52,1.0,50,874550
20231229,10:31:53,1.0,50,874550
20231229,10:31:55,0.95,1850,874550
20231229,10:31:56,1.0,50,874550
20231229,10:31:58,1.0,50,874550
20231229,10:32:29,1.0,50,874550
20231229,10:32:30,1.0,250,976000
20231229,10:32:32,0.95,1800,976000
20231229,10:32:45,1.0,150,976000
20231229,10:32:46,1.0,50,976000
20231229,10:32:53,0.95,50,976000
20231229,10:32:56,1.0,50,976000
20231229,10:33:04,0.95,250,976000
20231229,10:33:04,0.95,400,976000
20231229,10:33:05,0.95,1200,976000
20231229,10:33:15,0.95,300,976000
20231229,10:33:16,0.95,550,976000
20231229,10:33:17,0.95,550,976000
20231229,10:33:18,1.0,100,976000
20231229,10:33:20,1.0,100,976000
20231229,10:33:26,0.95,300,976000
20231229,10:33:27,0.95,250,976000
20231229,10:33:28,0.95,500,976000
20231229,10:33:29,0.95,350,976000
20231229,10:33:30,0.95,3200,976000
20231229,10:33:32,1.0,2250,976000
20231229,10:33:33,0.95,600,976000
20231229,10:33:36,0.95,250,976000
20231229,10:33:40,0.95,200,976000
20231229,10:33:43,0.95,400,976000
20231229,10:33:44,0.95,1850,976000
20231229,10:33:46,0.95,250,976000
20231229,10:33:52,0.95,700,976000
20231229,10:33:55,0.95,250,976000
20231229,10:33:57,0.95,250,976000
20231229,10:33:58,0.95,600,976000
20231229,10:34:02,1.0,250,976000
20231229,10:34:03,0.95,250,976000
20231229,10:34:04,0.95,300,976000
20231229,10:34:07,1.0,700,976000
20231229,10:34:25,0.95,1800,976000
20231229,10:34:32,0.95,100,976000
20231229,10:34:35,1.0,50,976000
20231229,10:34:42,1.0,1800,976000
20231229,10:34:58,0.95,1200,976000
20231229,10:34:59,1.0,50,976000
20231229,10:35:00,1.0,86350,976000
20231229,10:35:02,1.05,50,976000
20231229,10:35:03,1.0,250,976000
20231229,10:35:04,1.05,550,976000
20231229,10:35:13,1.05,46400,976000
20231229,10:35:14,1.05,2050,976000
20231229,10:35:15,1.05,350,976000
20231229,10:35:17,1.05,900,976000
20231229,10:35:18,1.05,250,1003350
20231229,10:35:22,1.05,1800,1003350
20231229,10:35:24,1.05,16550,1003350
20231229,10:35:27,1.0,1800,1003350
20231229,10:35:29,1.0,150,1003350
20231229,10:35:31,1.05,50,1003350
20231229,10:35:40,1.05,50,1003350
20231229,10:36:14,1.05,100,1003350
20231229,10:36:21,1.05,50,1003350
20231229,10:36:23,1.05,50,1003350
20231229,10:36:52,1.05,50,1003350
20231229,10:37:22,1.0,1800,1003350
20231229,10:37:30,1.0,1800,1003350
20231229,10:37:36,1.0,1800,1003350
20231229,10:37:37,1.05,100,1003350
20231229,10:38:18,1.05,50,1003350
20231229,10:38:19,1.05,150,1002700
20231229,10:38:36,1.0,50,1002700
20231229,10:38:43,1.0,600,1002700
20231229,10:38:44,1.0,250,1002700
20231229,10:38:47,1.0,250,1002700
20231229,10:38:48,1.0,350,1002700
20231229,10:38:50,1.0,250,1002700
20231229,10:39:04,1.0,1800,1002700
20231229,10:39:09,1.0,1850,1002700
20231229,10:39:16,1.0,650,1002700
20231229,10:39:23,1.0,600,1002700
20231229,10:39:28,1.0,250,1002700
20231229,10:39:34,1.05,300,1002700
20231229,10:39:35,1.0,500,1002700
20231229,10:39:36,1.0,100,1002700
20231229,10:39:37,1.0,300,1002700
20231229,10:39:39,1.0,1550,1002700
20231229,10:39:39,1.0,2150,1002700
20231229,10:39:41,1.0,1350,1002700
20231229,10:39:41,1.0,900,1002700
20231229,10:39:42,1.0,700,1002700
20231229,10:39:43,1.0,900,1002700
20231229,10:39:45,1.0,1400,1002700
20231229,10:39:45,1.0,400,1002700
20231229,10:39:46,1.0,2300,1002700
20231229,10:39:47,1.0,400,1002700
20231229,10:39:48,1.0,30400,1002700
20231229,10:39:49,1.0,100,1002700
20231229,10:39:50,1.0,50,1002700
20231229,10:39:52,1.0,100,1002700
20231229,10:39:54,1.0,100,1002700
20231229,10:39:56,1.0,300,1002700
20231229,10:39:57,1.0,50,1002700
20231229,10:39:59,1.0,100,1002700
20231229,10:40:01,1.0,100,1002700
20231229,10:40:02,1.0,100,1002700
20231229,10:40:13,1.0,50,1002700
20231229,10:40:27,0.95,3700,1002700
20231229,10:40:31,1.0,50,1002700
20231229,10:40:46,0.95,500,1002700
20231229,10:40:46,0.95,50,1002700
20231229,10:40:52,1.0,400,1002700
20231229,10:40:52,1.0,100,1002700
20231229,10:40:57,0.95,50,1002700
20231229,10:40:59,1.0,50,1002700
20231229,10:41:05,1.0,32250,1002700
20231229,10:41:06,1.0,2800,1002700
20231229,10:41:15,1.0,300,1002700
20231229,10:41:17,1.0,1800,1002700
20231229,10:41:17,1.0,26200,1015450
20231229,10:41:18,1.0,250,1015450
20231229,10:41:20,1.0,250,1015450
20231229,10:41:26,1.0,1800,1015450
20231229,10:41:32,1.05,50,1015450
20231229,10:41:35,1.0,50,1015450
20231229,10:42:30,1.05,400,1015450
20231229,10:42:41,1.0,400,1015450
20231229,10:42:51,1.0,350,1015450
20231229,10:42:53,1.0,250,1015450
20231229,10:43:09,1.0,450,1015450
20231229,10:43:11,1.0,250,1015450
20231229,10:43:18,1.0,250,1015450
20231229,10:43:22,1.05,50,1015450
20231229,10:43:24,1.0,50,1015450
20231229,10:43:26,1.05,50,1015450
20231229,10:43:27,1.05,50,1015450
20231229,10:43:28,1.0,250,1015450
20231229,10:43:29,1.0,50,1015450
20231229,10:43:31,1.05,50,1015450
20231229,10:43:33,1.0,50,1015450
20231229,10:43:34,1.05,50,1015450
20231229,10:43:37,1.0,50,1015450
20231229,10:43:58,1.0,50,1015450
20231229,10:44:09,1.05,100,1015450
20231229,10:44:14,1.05,150,1015450
20231229,10:44:34,1.05,50,1027100
20231229,10:44:36,1.0,63000,1027100
20231229,10:44:37,1.0,41950,1027100
20231229,10:44:43,0.95,350,1027100
20231229,10:44:50,1.0,50,1027100
20231229,10:44:52,1.0,1100,1027100
20231229,10:44:53,1.0,100,1027100
20231229,10:44:59,1.0,1250,1027100
20231229,10:45:32,1.0,50,1027100
20231229,10:45:41,1.0,4200,1027100
20231229,10:45:48,1.0,50,1027100
20231229,10:45:56,1.0,50,1027100
20231229,10:46:01,1.0,50,1027100
20231229,10:46:05,1.0,50,1027100
20231229,10:46:06,1.0,50,1027100
20231229,10:46:08,1.0,50,1027100
20231229,10:46:10,1.0,50,1027100
20231229,10:46:12,1.0,50,1027100
20231229,10:46:13,1.0,1050,1027100
20231229,10:46:14,1.0,50,1027100
20231229,10:46:16,1.0,50,1027100
20231229,10:46:17,1.0,1850,1027100
20231229,10:46:18,1.0,44800,1027100
20231229,10:46:19,1.0,12800,1027100
20231229,10:46:20,1.0,15450,1027100
20231229,10:46:21,1.05,450,1027100
20231229,10:46:22,1.05,150,1027100
20231229,10:46:25,1.0,1500,1027100
20231229,10:46:26,1.0,1500,1027100
20231229,10:46:27,1.0,1500,1027100
20231229,10:46:28,1.0,20750,1027100
20231229,10:46:29,1.0,50,1027100
20231229,10:46:31,1.0,100,1027100
20231229,10:46:32,1.0,50,1027100
20231229,10:46:33,1.0,50,1027100
20231229,10:46:35,1.0,50,1027100
20231229,10:46:36,1.0,50,1027100
20231229,10:46:41,1.0,400,1027100
20231229,10:46:48,1.0,500,1027100
20231229,10:47:02,1.0,550,1027100
20231229,10:47:03,1.0,50,1027100
20231229,10:47:07,0.95,50,1027100
20231229,10:47:08,0.95,450,1027100
20231229,10:47:10,0.95,50,1027100
20231229,10:47:13,1.0,50,1027100
20231229,10:47:14,1.0,100,1027100
20231229,10:47:15,0.95,50,1027100
20231229,10:47:17,1.0,50,1027100
20231229,10:47:19,0.95,50,1093200
20231229,10:47:58,1.0,500,1093200
20231229,10:48:01,0.95,14400,1093200
20231229,10:48:02,1.0,50,1093200
20231229,10:48:03,0.95,150,1093200
20231229,10:48:12,1.0,50,1093200
20231229,10:48:13,1.0,200,1093200
20231229,10:48:22,0.95,50,1093200
20231229,10:48:27,0.95,650,1093200
20231229,10:48:28,0.95,100,1093200
20231229,10:48:29,0.95,50,1093200
20231229,10:48:30,0.95,100,1093200
20231229,10:48:31,0.95,50,1093200
20231229,10:48:34,1.0,50,1093200
20231229,10:48:36,0.95,50,1093200
20231229,10:48:39,1.0,50,1093200
20231229,10:48:41,0.95,50,1093200
20231229,10:48:47,1.0,50,1093200
20231229,10:48:53,1.0,50,1093200
20231229,10:48:55,1.0,50,1093200
20231229,10:48:56,0.95,100,1093200
20231229,10:48:58,0.95,50,1093200
20231229,10:49:07,0.95,2000,1093200
20231229,10:49:12,1.0,50,1093200
20231229,10:49:18,1.0,1200,1093200
20231229,10:49:19,1.0,850,1093200
20231229,10:49:19,1.0,1050,1093200
20231229,10:49:20,1.0,1250,1093200
20231229,10:49:21,1.0,700,1093200
20231229,10:49:23,1.0,250,1093200
20231229,10:49:24,1.0,250,1093200
20231229,10:49:25,1.0,250,1093200
20231229,10:49:27,1.0,750,1093200
20231229,10:49:38,1.0,250,1093200
20231229,10:50:29,1.0,250,1101050
20231229,10:50:31,1.0,250,1101050
20231229,10:50:31,1.0,350,1101050
20231229,10:50:32,1.0,250,1101050
20231229,10:50:34,1.0,250,1101050
20231229,10:50:40,1.0,300,1101050
20231229,10:50:41,0.95,500,1101050
20231229,10:50:42,1.0,600,1101050
20231229,10:50:45,1.0,500,1101050
20231229,10:50:46,1.0,500,1101050
20231229,10:50:49,1.0,500,1101050
20231229,10:50:50,1.0,500,1101050
20231229,10:50:52,1.0,1250,1101050
20231229,10:50:52,1.0,500,1101050
20231229,10:50:54,1.0,500,1101050
20231229,10:51:11,0.95,50,1101050
20231229,10:51:13,0.95,200,1101050
20231229,10:51:13,0.95,100,1101050
20231229,10:51:14,0.95,100,1101050
20231229,10:51:15,0.95,50,1101050
20231229,10:51:17,0.95,50,1101050
20231229,10:51:17,1.0,400,1101050
20231229,10:51:21,1.0,350,1101050
20231229,10:51:22,1.0,1000,1101050
20231229,10:51:49,1.0,100,1101050
20231229,10:52:23,1.0,100,1101050
20231229,10:52:25,1.0,50,1101050
20231229,10:52:27,1.0,50,1101050
20231229,10:52:29,1.0,250,1101050
20231229,10:52:33,1.0,100,1101050
20231229,10:52:37,1.0,250,1101050
20231229,10:52:41,1.0,350,1101050
20231229,10:52:42,0.95,250,1101050
20231229,10:52:44,1.0,250,1101050
20231229,10:52:51,1.0,450,1101050
20231229,10:53:04,1.0,250,1101050
20231229,10:53:06,0.95,2000,1101050
20231229,10:53:12,1.0,50,1101050
20231229,10:53:14,1.0,50,1101050
20231229,10:53:21,0.95,400,1101050
20231229,10:53:35,1.0,50,1101000
20231229,10:53:47,1.0,250,1101000
20231229,10:53:48,1.0,750,1101000
20231229,10:53:49,1.0,500,1101000
20231229,10:53:50,1.0,1000,1101000
20231229,10:54:00,1.0,250,1101000
20231229,10:54:03,0.95,50,1101000
20231229,10:54:05,1.0,300,1101000
20231229,10:54:10,1.0,250,1101000
20231229,10:54:11,1.0,500,1101000
20231229,10:54:12,1.0,750,1101000
20231229,10:54:13,1.0,1750,1101000
20231229,10:54:14,1.0,1900,1101000
20231229,10:54:15,1.0,2150,1101000
20231229,10:54:16,1.0,650,1101000
20231229,10:54:17,1.0,350,1101000
20231229,10:54:19,1.0,50,1101000
20231229,10:54:20,1.0,400,1101000
20231229,10:54:25,0.95,150,1101000
20231229,10:54:26,0.95,150,1101000
20231229,10:54:27,0.95,150,1101000
20231229,10:54:28,0.95,200,1101000
20231229,10:54:40,1.0,50,1101000
20231229,10:54:42,0.95,500,1101000
20231229,10:54:43,1.0,350,1101000
20231229,10:54:44,0.95,800,1101000
20231229,10:54:45,0.95,550,1101000
20231229,10:54:46,1.0,1300,1101000
20231229,10:54:47,0.95,250,1101000
20231229,10:54:48,0.95,1000,1101000
20231229,10:54:49,0.95,1200,1101000
20231229,10:54:50,0.95,1250,1101000
20231229,10:54:51,0.95,750,1101000
20231229,10:54:52,1.0,300,1101000
20231229,10:54:53,0.95,250,1101000
20231229,10:54:54,0.95,500,1101000
20231229,10:54:55,0.95,2500,1101000
20231229,10:54:56,0.95,500,1101000
20231229,10:54:58,0.95,500,1101000
20231229,10:55:00,0.95,1050,1101000
20231229,10:55:01,0.95,500,1101000
20231229,10:55:02,0.95,1050,1101000
20231229,10:55:03,0.95,1500,1101000
20231229,10:55:04,0.95,50,1101000
20231229,10:55:05,1.0,50,1101000
20231229,10:55:06,1.0,50,1101000
20231229,10:55:08,1.0,50,1101000
20231229,10:55:14,1.0,1800,1101000
20231229,10:55:16,1.0,1800,1101000
20231229,10:55:18,1.0,50,1101000
20231229,10:55:24,1.0,450,1101000
20231229,10:55:25,1.0,2050,1101000
20231229,10:55:30,1.0,850,1101000
20231229,10:55:31,1.0,1650,1101000
20231229,10:55:33,0.95,50,1101000
20231229,10:55:40,0.95,350,1101000
20231229,10:55:41,0.95,1200,1101000
20231229,10:55:42,0.95,950,1101000
20231229,10:55:45,1.0,250,1101000
20231229,10:55:46,0.95,400,1101000
20231229,10:55:47,0.95,1200,1101000
20231229,10:55:48,0.95,900,1101000
20231229,10:55:53,0.95,200,1101000
20231229,10:56:01,1.0,1000,1101000
20231229,10:56:05,0.95,100,1101000
20231229,10:56:52,1.0,200,1094500
20231229,10:57:03,1.0,100,1094500
20231229,10:57:04,1.0,50,1094500
20231229,10:57:38,1.0,50,1094500
20231229,10:57:42,0.95,50,1094500
20231229,10:57:44,1.0,50,1094500
20231229,10:57:46,0.95,50,1094500
20231229,10:57:47,1.0,450,1094500
20231229,10:57:48,1.0,50,1094500
20231229,10:57:50,0.95,50,1094500
20231229,10:57:52,1.0,100,1094500
20231229,10:57:54,0.95,50,1094500
20231229,10:57:56,1.0,250,1094500
20231229,10:58:01,1.0,50,1094500
20231229,10:58:08,1.0,1000,1094500
20231229,10:58:09,1.0,1500,1094500
20231229,10:58:10,1.0,100,1094500
20231229,10:58:11,0.95,50,1094500
20231229,10:58:12,1.0,500,1094500
20231229,10:58:13,1.0,2000,1094500
20231229,10:58:16,1.0,100,1094500
20231229,10:58:18,1.0,50,1094500
20231229,10:58:28,0.95,2500,1094500
20231229,10:58:38,1.0,50,1094500
20231229,10:58:39,1.0,50,1094500
20231229,10:58:43,1.0,50,1094500
20231229,10:58:53,1.0,50,1094500
20231229,10:59:07,1.0,50,1094500
20231229,10:59:36,0.95,2500,1094500
20231229,10:59:44,1.0,50,1094500
20231229,11:00:06,1.0,1800,1094500
20231229,11:00:09,1.0,500,1094500
20231229,11:00:24,1.0,50,1094500
20231229,11:00:27,1.0,50,1094500
20231229,11:00:30,1.0,300,1094500
20231229,11:00:40,1.0,50,1094500
20231229,11:00:46,1.0,900,1094500
20231229,11:00:47,1.0,1650,1094500
20231229,11:00:49,1.0,1200,1094500
20231229,11:00:50,1.0,1300,1094500
20231229,11:00:51,0.95,50,1094500
20231229,11:00:53,1.0,50,1094500
20231229,11:00:55,0.95,50,1094500
20231229,11:00:57,1.0,50,1094500
20231229,11:00:59,0.95,50,1094500
20231229,11:01:01,0.95,950,1094500
20231229,11:01:02,0.95,1600,1094500
20231229,11:01:03,0.95,50,1094500
20231229,11:01:04,0.95,450,1094500
20231229,11:01:05,0.95,2100,1094500
20231229,11:01:21,1.0,700,1094500
20231229,11:01:23,1.0,50,1094500
20231229,11:01:27,1.0,50,1094500
20231229,11:01:57,0.95,1800,1094500
20231229,11:01:59,1.0,250,1094500
20231229,11:02:01,1.0,3050,1094500
20231229,11:02:01,1.0,950,1094500
20231229,11:02:03,0.95,300,1094500
20231229,11:02:03,1.0,100,1094500
20231229,11:02:04,1.0,1000,1094500
20231229,11:02:05,1.0,2900,1094500
20231229,11:02:06,1.0,350,1094500
20231229,11:02:08,0.95,50,1094500
20231229,11:02:09,1.0,50,1094500
20231229,11:02:12,0.95,600,1094500
20231229,11:02:12,0.95,200,1094500
20231229,11:02:13,0.95,1050,1094500
20231229,11:02:14,0.95,1000,1094500
20231229,11:02:15,0.95,150,1094500
20231229,11:02:16,0.95,650,1094500
20231229,11:02:18,0.95,40800,1094500
20231229,11:02:18,0.95,104150,1094500
20231229,11:02:19,0.95,117800,1094500
20231229,11:02:20,0.95,3600,1319950
20231229,11:02:21,0.9,8200,1319950
20231229,11:02:23,0.95,27550,1319950
20231229,11:02:24,0.95,3600,1319950
20231229,11:02:26,0.95,50,1319950
20231229,11:02:28,0.95,7200,1319950
20231229,11:02:29,0.95,1000,1319950
20231229,11:02:31,0.95,1400,1319950
20231229,11:02:31,0.95,300,1319950
20231229,11:02:34,0.95,250,1319950
20231229,11:02:41,0.95,100,1319950
20231229,11:02:52,0.95,250,1319950
20231229,11:02:53,0.95,750,1319950
20231229,11:02:54,0.95,153700,1319950
20231229,11:02:56,0.95,2300,1319950
20231229,11:02:57,1.0,2300,1319950
20231229,11:03:01,1.0,300,1319950
20231229,11:03:02,1.0,500,1319950
20231229,11:03:03,1.0,100,1319950
20231229,11:03:04,1.0,500,1319950
20231229,11:03:05,1.0,500,1319950
20231229,11:03:06,1.0,500,1319950
20231229,11:03:07,1.0,1000,1319950
20231229,11:03:08,1.0,500,1319950
20231229,11:03:09,1.0,500,1319950
20231229,11:03:10,1.0,550,1319950
20231229,11:03:12,1.0,550,1319950
20231229,11:03:12,1.0,1000,1319950
20231229,11:03:14,1.0,550,1319950
20231229,11:03:16,0.95,550,1319950
20231229,11:03:18,1.0,50,1319950
20231229,11:03:20,0.95,50,1319950
20231229,11:03:21,0.95,9050,1319950
20231229,11:03:24,0.95,50,1319950
20231229,11:03:26,0.95,1550,1319950
20231229,11:03:27,0.95,300,1319950
20231229,11:03:28,0.95,50,1319950
20231229,11:03:43,1.0,500,1319950
20231229,11:03:44,1.0,500,1319950
20231229,11:03:50,1.0,250,1319950
20231229,11:03:51,1.0,500,1319950
20231229,11:03:53,1.0,550,1319950
20231229,11:03:55,1.0,250,1319950
20231229,11:03:58,1.0,500,1319950
20231229,11:04:00,1.0,750,1319950
20231229,11:04:01,1.0,250,1319950
20231229,11:04:03,1.0,500,1319950
20231229,11:04:05,1.0,500,1319950
20231229,11:04:07,1.0,150,1319950
20231229,11:04:10,1.0,550,1319950
20231229,11:04:15,1.0,250,1319950
20231229,11:04:16,1.0,500,1319950
20231229,11:04:17,1.0,500,1319950
20231229,11:04:18,1.0,800,1319950
20231229,11:04:19,1.0,600,1319950
20231229,11:04:20,1.0,650,1319950
20231229,11:04:22,1.0,50,1319950
20231229,11:04:23,1.0,50,1319950
20231229,11:04:24,1.0,50,1319950
20231229,11:04:25,1.0,50,1319950
20231229,11:04:26,1.0,100,1319950
20231229,11:04:27,1.0,150,1319950
20231229,11:04:28,1.0,100,1319950
20231229,11:04:29,1.0,150,1319950
20231229,11:04:30,1.0,100,1319950
20231229,11:04:40,0.95,400,1319950
20231229,11:04:43,0.95,50,1319950
20231229,11:04:46,1.0,50,1319950
20231229,11:04:49,0.95,50,1319950
20231229,11:04:51,1.0,50,1319950
20231229,11:04:53,0.95,50,1319950
20231229,11:04:54,0.95,80100,1319950
20231229,11:04:55,0.95,50,1319950
20231229,11:04:58,0.9,50,1319950
20231229,11:05:00,0.95,50,1319950
20231229,11:05:01,0.9,100,1319950
20231229,11:05:02,0.9,50,1319950
20231229,11:05:21,0.95,50,1319950
20231229,11:05:22,0.95,50,1321700
20231229,11:05:50,0.95,50,1321700
20231229,11:05:51,0.95,50,1321700
20231229,11:05:52,0.95,150,1321700
20231229,11:05:53,0.95,150,1321700
20231229,11:05:54,0.95,100,1321700
20231229,11:05:55,0.95,150,1321700
20231229,11:05:56,0.95,150,1321700
20231229,11:05:57,0.95,200,1321700
20231229,11:05:58,0.95,200,1321700
20231229,11:05:59,0.95,200,1321700
20231229,11:06:00,0.95,200,1321700
20231229,11:06:01,0.95,50,1321700
20231229,11:06:08,0.95,800,1321700
20231229,11:06:09,0.95,250,1321700
20231229,11:06:10,0.95,1500,1321700
20231229,11:06:11,0.95,250,1321700
20231229,11:06:16,0.95,300,1321700
20231229,11:06:17,0.95,500,1321700
20231229,11:06:19,0.95,116950,1321700
20231229,11:06:20,0.95,19250,1321700
20231229,11:06:21,0.95,12950,1321700
20231229,11:06:22,0.95,250,1321700
20231229,11:06:23,0.95,15700,1321700
20231229,11:06:24,0.95,1900,1321700
20231229,11:06:25,0.9,100,1321700
20231229,11:06:26,0.9,100,1321700
20231229,11:06:29,0.9,50,1321700
20231229,11:06:54,0.95,1800,1321700
20231229,11:06:56,0.9,200,1321700
20231229,11:07:02,0.95,50,1321700
20231229,11:07:04,0.95,1800,1321700
20231229,11:07:05,0.9,50,1321700
20231229,11:07:07,0.95,50,1321700
20231229,11:07:09,0.9,50,1321700
20231229,11:07:12,0.95,50,1321700
20231229,11:07:13,0.9,50,1321700
20231229,11:07:15,0.95,50,1321700
20231229,11:07:17,0.9,50,1321700
20231229,11:07:18,0.9,1800,1321700
20231229,11:07:31,0.95,50,1321700
20231229,11:07:41,0.95,50,1321700
20231229,11:07:45,0.9,1850,1321700
20231229,11:08:15,0.95,50,1321700
20231229,11:08:18,0.95,50,1321700
20231229,11:08:21,0.95,50,1321700
20231229,11:08:25,0.95,50,1309200
20231229,11:09:06,0.95,250,1309200
20231229,11:09:09,0.95,250,1309200
20231229,11:09:10,0.95,250,1309200
20231229,11:09:11,0.95,250,1309200
20231229,11:09:15,0.95,300,1309200
20231229,11:09:38,0.95,100,1309200
20231229,11:10:54,0.95,50,1309200
20231229,11:10:59,0.95,50,1309200
20231229,11:11:21,0.95,50,1309200
20231229,11:11:24,0.95,1800,1309200
20231229,11:11:39,0.95,50,1309200
20231229,11:11:39,0.95,1800,1309200
20231229,11:11:43,0.95,700,1309200
20231229,11:12:05,0.9,200,1309200
20231229,11:12:08,0.9,50,1309200
20231229,11:12:09,0.9,50,1309200
20231229,11:12:16,0.95,400,1309200
20231229,11:12:24,0.95,1000,1309200
20231229,11:12:33,0.95,350,1309200
20231229,11:12:38,0.95,50,1309200
20231229,11:12:54,0.95,250,1309200
20231229,11:13:51,0.9,150,1309200
20231229,11:13:52,0.9,50,1309200
20231229,11:13:53,0.9,100,1309200
20231229,11:13:55,0.9,100,1309200
20231229,11:14:13,0.95,50,1309200
20231229,11:14:25,0.95,100,1309200
20231229,11:14:49,0.9,50,1309200
20231229,11:14:57,0.9,100,1309200
20231229,11:15:04,0.95,1800,1309200
20231229,11:15:18,0.9,450,1309200
20231229,11:15:31,0.95,50,1309200
20231229,11:15:44,0.95,50,1309200
20231229,11:15:55,0.95,50,1309200
20231229,11:15:57,0.9,50,1309200
20231229,11:16:00,0.9,250,1309200
20231229,11:16:20,0.95,550,1309200
20231229,11:16:23,0.95,550,1309200
20231229,11:16:24,0.95,500,1309200
20231229,11:16:28,0.95,500,1309200
20231229,11:16:31,0.95,500,1309200
20231229,11:16:32,0.95,500,1309200
20231229,11:16:33,0.95,500,1309200
20231229,11:16:34,0.95,4550,1309200
20231229,11:16:35,0.9,100,1309200
20231229,11:16:37,0.95,500,1309200
20231229,11:16:38,0.95,600,1309200
20231229,11:16:39,0.95,500,1309200
20231229,11:16:40,0.95,550,1309200
20231229,11:16:41,0.95,500,1309200
20231229,11:16:42,0.9,50,1309200
20231229,11:16:43,0.95,500,1309200
20231229,11:16:44,0.95,50,1309200
20231229,11:16:45,0.95,500,1309200
20231229,11:16:46,0.9,50,1309200
20231229,11:16:47,0.95,500,1309200
20231229,11:16:48,0.95,50,1309200
20231229,11:16:49,0.9,50,1309200
20231229,11:17:03,0.9,1800,1309200
20231229,11:17:10,0.9,1800,1309200
20231229,11:17:16,0.95,1650,1309200
20231229,11:17:28,0.95,100,1309200
20231229,11:17:36,0.9,700,1309200
20231229,11:17:38,0.95,1500,1309200
20231229,11:17:39,0.95,3000,1309200
20231229,11:17:40,0.95,1500,1309200
20231229,11:18:18,0.95,50,1309200
20231229,11:18:22,0.95,350,1309200
20231229,11:18:30,0.95,100,1309200
20231229,11:18:34,0.9,50,1309200
20231229,11:18:35,0.9,500,1309200
20231229,11:18:42,0.9,1000,1309200
20231229,11:18:46,0.9,300,1309200
20231229,11:18:47,0.9,100,1309200
20231229,11:18:48,0.9,100,1309200
20231229,11:19:08,0.9,350,1309200
20231229,11:19:12,0.9,50,1309200
20231229,11:19:41,0.95,50,1309200
20231229,11:19:53,0.95,50,1309200
20231229,11:19:54,0.95,50,1309200
20231229,11:19:55,0.95,50,1309200
20231229,11:19:56,0.95,100,1309200
20231229,11:19:57,0.95,50,1309200
20231229,11:19:58,0.95,50,1309200
20231229,11:19:59,0.95,50,1309200
20231229,11:20:00,0.95,100,1309200
20231229,11:20:01,0.95,50,1309200
20231229,11:20:02,0.95,100,1309200
20231229,11:20:04,0.95,50,1309200
20231229,11:20:05,0.95,50,1309200
20231229,11:20:06,0.95,50,1309200
20231229,11:20:07,0.95,50,1309200
20231229,11:20:08,0.95,50,1309200
20231229,11:20:09,0.95,1800,1309200
20231229,11:20:13,0.95,1800,1309200
20231229,11:20:14,0.95,1800,1309200
20231229,11:20:15,0.95,50,1309200
20231229,11:20:16,0.95,50,1309200
20231229,11:20:18,0.95,50,1309200
20231229,11:20:19,0.95,50,1309200
20231229,11:20:20,0.95,50,1309200
20231229,11:20:21,0.95,50,1309200
20231229,11:20:22,0.95,50,1309200
20231229,11:20:23,0.95,100,1309200
20231229,11:20:27,0.95,50,1309200
20231229,11:20:29,0.95,50,1309200
20231229,11:20:30,0.9,250,1309200
20231229,11:20:32,0.95,50,1309200
20231229,11:20:34,0.95,50,1309200
20231229,11:20:35,0.95,50,1309200
20231229,11:20:37,0.95,50,1309200
20231229,11:20:38,0.95,50,1309200
20231229,11:20:40,0.95,200,1309200
20231229,11:20:41,0.95,50,1309200
20231229,11:20:42,0.95,50,1309200
20231229,11:21:15,0.95,50,1309200
20231229,11:21:24,0.95,50,1309200
20231229,11:21:34,0.95,50,1309200
20231229,11:22:06,0.95,50,1309200
20231229,11:22:09,0.95,50,1309200
20231229,11:22:10,0.95,50,1309200
20231229,11:22:11,0.95,50,1309200
20231229,11:22:12,0.95,50,1309200
20231229,11:22:13,0.95,100,1309200
20231229,11:22:14,0.95,100,1309200
20231229,11:22:15,0.95,50,1309200
20231229,11:22:16,0.95,50,1309200
20231229,11:22:17,0.95,100,1309200
20231229,11:22:18,0.95,50,1309200
20231229,11:22:19,0.95,50,1309200
20231229,11:22:20,0.95,100,1309200
20231229,11:22:21,0.95,50,1309200
20231229,11:22:22,0.95,100,1309200
20231229,11:22:23,0.95,50,1309200
20231229,11:22:24,0.95,50,1309200
20231229,11:22:25,0.95,50,1309200
20231229,11:22:26,0.95,50,1309200
20231229,11:22:27,0.95,50,1309200
20231229,11:22:28,0.95,100,1309200
20231229,11:22:29,0.95,50,1309200
20231229,11:22:30,0.95,50,1309200
20231229,11:22:31,0.95,50,1309200
