date,time,tick_price,volume,open_interest
20240119,13:45:25,840.0,50,50
20240119,14:12:12,832.35,50,50
20240119,15:07:41,832.35,50,100
20240120,13:09:40,826.0,1,150
20240120,13:09:40,826.0,50,150
20240123,09:59:09,900.0,150,100
20240123,10:36:51,807.0,100,250
20240123,10:43:50,750.0,50,350
20240123,10:48:58,733.45,50,300
20240123,10:50:45,735.0,50,300
20240123,10:51:03,740.0,50,400
20240123,10:59:44,756.2,50,450
20240123,11:02:31,751.35,50,500
20240123,11:04:50,752.05,100,550
20240123,11:06:29,763.3,50,650
20240123,11:06:46,763.05,50,650
20240123,11:20:43,741.85,350,750
20240123,11:29:03,751.1,50,1100
20240123,11:32:10,728.9,50,1100
20240123,11:32:23,713.05,50,1100
20240123,11:33:53,718.2,50,1150
20240123,11:43:25,690.15,50,1200
20240123,11:49:07,689.4,400,1200
20240123,11:49:28,687.25,50,1200
20240123,11:51:15,679.6,50,1600
20240123,11:55:28,661.35,50,1600
20240123,12:02:32,646.4,50,1650
20240123,12:03:48,628.75,50,1700
20240123,12:04:14,621.85,50,1700
20240123,12:05:29,626.8,50,1700
20240123,12:05:59,617.5,300,1750
20240123,12:06:41,619.2,50,1750
20240123,12:07:30,598.5,50,1750
20240123,12:08:00,599.3,250,1750
20240123,12:08:04,600.95,50,1750
20240123,12:08:22,612.3,150,1750
20240123,12:09:30,609.55,100,2500
20240123,12:10:10,613.2,50,2500
20240123,12:11:15,612.05,450,2500
20240123,12:11:40,612.35,100,2500
20240123,12:11:43,613.7,150,2500
20240123,12:12:07,612.9,50,3200
20240123,12:14:21,620.05,250,3200
20240123,12:15:49,628.5,650,3500
20240123,12:16:26,648.95,100,3500
20240123,12:18:17,631.0,200,4150
20240123,12:18:49,623.95,150,4150
20240123,12:20:11,618.9,50,4150
20240123,12:20:34,615.1,50,4150
20240123,12:22:17,616.35,50,4600
20240123,12:25:01,613.75,50,4650
20240123,12:25:32,612.75,50,4650
20240123,12:26:57,610.65,50,4650
20240123,12:27:57,621.1,50,4700
20240123,12:30:41,625.95,50,4650
20240123,12:30:43,626.5,50,4650
20240123,12:36:13,645.1,50,4700
20240123,12:44:34,628.65,100,4650
20240123,12:46:32,608.3,50,4750
20240123,12:46:51,604.1,50,4750
20240123,12:47:29,604.45,50,4750
20240123,12:47:40,601.85,50,4750
20240123,12:47:59,599.0,50,4750
20240123,12:48:28,614.8,50,4900
20240123,12:48:48,623.85,50,4900
20240123,12:49:07,624.4,50,4900
20240123,12:53:07,621.05,50,5000
20240123,12:54:30,621.05,50,5050
20240123,12:59:03,593.65,50,5050
20240123,13:01:42,608.85,50,5100
20240123,13:07:56,594.15,50,5150
20240123,13:11:15,571.8,50,5150
20240123,13:16:18,587.8,50,5200
20240123,13:23:26,580.0,50,5250
20240123,13:25:36,576.7,250,5300
20240123,13:28:50,588.45,50,5550
20240123,13:36:11,583.85,100,5600
20240123,13:36:56,584.4,300,5600
20240123,13:51:12,563.05,50,5700
20240123,13:52:16,550.0,50,5700
20240123,13:52:53,558.0,50,5700
20240123,13:54:15,558.65,50,5850
20240123,13:54:44,558.6,50,5850
20240123,13:56:24,550.55,50,5850
20240123,13:59:52,548.65,50,5850
20240123,14:01:15,540.0,50,5900
20240123,14:03:10,559.05,50,5900
20240123,14:07:41,552.6,50,6000
20240123,14:08:40,547.8,50,6000
20240123,14:11:39,557.0,250,6050
20240123,14:12:02,557.0,100,6050
20240123,14:14:52,546.0,200,6400
20240123,14:16:02,540.0,50,6600
20240123,14:16:53,543.15,50,6600
20240123,14:21:32,529.95,50,6600
20240123,14:22:46,514.8,50,6650
20240123,14:22:52,512.15,50,6650
20240123,14:24:18,508.65,50,6750
20240123,14:25:29,501.3,50,6750
20240123,14:25:43,500.05,50,6750
20240123,14:26:07,505.95,50,6750
20240123,14:27:17,484.85,200,6850
20240123,14:27:23,484.1,150,6850
20240123,14:27:41,483.5,50,6850
20240123,14:27:53,487.5,450,6850
20240123,14:27:57,480.75,100,6850
20240123,14:28:16,476.0,1900,6850
20240123,14:28:25,480.25,100,6850
20240123,14:28:40,484.2,1900,6850
20240123,14:28:51,483.65,150,6850
20240123,14:28:54,481.0,1800,6850
20240123,14:29:13,479.5,1800,6850
20240123,14:29:36,476.9,1800,6850
20240123,14:29:58,480.2,750,6850
20240123,14:30:08,479.9,150,6850
20240123,14:30:17,481.8,150,15050
20240123,14:30:36,485.95,150,15050
20240123,14:30:46,495.8,100,15050
20240123,14:31:01,488.4,700,15050
20240123,14:31:13,494.45,100,15050
20240123,14:31:57,503.95,100,15050
20240123,14:32:01,505.85,50,15050
20240123,14:32:32,495.6,50,15050
20240123,14:33:03,501.35,50,15050
20240123,14:33:11,497.5,100,15050
20240123,14:33:13,496.5,100,15050
20240123,14:33:16,495.8,50,15050
20240123,14:33:23,500.0,150,16050
20240123,14:34:11,496.35,100,16050
20240123,14:34:17,491.05,100,16050
20240123,14:34:38,490.9,50,16050
20240123,14:34:43,489.85,50,16050
20240123,14:37:10,488.45,100,16350
20240123,14:39:28,473.9,50,16450
20240123,14:39:48,477.95,50,16450
20240123,14:39:54,474.2,300,16450
20240123,14:40:35,481.65,200,16450
20240123,14:41:50,486.75,100,16450
20240123,14:45:27,476.95,50,16850
20240123,14:45:38,477.75,100,16850
20240123,14:46:39,476.95,50,16850
20240123,14:48:08,476.2,50,16850
20240123,14:49:09,485.6,50,17000
20240123,14:50:34,490.85,50,17000
20240123,14:51:51,494.0,1500,17050
20240123,14:52:27,497.0,1550,17050
20240123,14:53:01,488.05,200,17050
20240123,14:53:18,483.25,350,17050
20240123,14:53:36,484.85,100,17050
20240123,14:54:07,483.2,250,17050
20240123,14:54:24,477.1,100,18500
20240123,14:54:30,478.85,550,18500
20240123,14:54:45,481.25,50,18500
20240123,14:55:23,480.4,50,18500
20240123,14:55:27,481.95,850,18500
20240123,14:56:10,475.0,50,18500
20240123,14:56:31,474.0,50,18500
20240123,14:57:45,464.95,50,18300
20240123,14:57:49,465.0,100,18300
20240123,14:58:09,466.0,550,18300
20240123,15:00:02,462.6,200,18300
20240123,15:02:42,440.85,200,18500
20240123,15:03:00,438.9,50,18500
20240123,15:03:12,437.4,150,18500
20240123,15:03:34,441.45,100,18650
20240123,15:03:48,436.0,300,18650
20240123,15:04:00,428.4,150,18650
20240123,15:04:10,429.0,350,18650
20240123,15:04:22,432.8,50,18650
20240123,15:04:59,430.0,250,18650
20240123,15:05:18,432.95,50,18650
20240123,15:05:59,441.85,50,18650
20240123,15:07:03,441.75,50,18550
20240123,15:07:11,443.65,50,18550
20240123,15:07:56,456.85,150,18550
20240123,15:08:33,463.4,50,18550
20240123,15:08:41,463.4,50,18550
20240123,15:08:56,468.65,50,18550
20240123,15:09:11,459.75,100,18550
20240123,15:09:37,462.5,200,18800
20240123,15:09:44,458.35,50,18800
20240123,15:10:21,470.1,150,18800
20240123,15:10:34,468.95,150,18800
20240123,15:11:52,462.5,100,18800
20240123,15:12:08,464.3,200,18800
20240123,15:12:39,464.1,200,19050
20240123,15:13:03,464.85,50,19050
20240123,15:13:42,458.35,50,19050
20240123,15:16:09,466.55,50,19150
20240123,15:16:35,472.75,250,19150
20240123,15:18:13,468.7,50,19150
20240123,15:20:01,469.3,50,19050
20240123,15:21:35,478.0,50,19000
20240123,15:22:13,477.7,50,19000
20240123,15:23:23,480.2,100,19000
20240123,15:24:03,472.7,150,19000
20240123,15:24:04,473.0,250,19000
20240123,15:25:01,473.0,100,19150
20240123,15:25:51,471.05,100,19150
20240123,15:26:02,471.75,100,19150
20240123,15:26:58,473.75,50,19150
20240123,15:27:16,471.85,50,19150
20240123,15:28:00,473.15,150,19300
20240123,15:28:04,473.55,150,19300
20240123,15:28:11,474.3,50,19300
20240123,15:28:16,474.95,150,19300
20240123,15:28:17,473.95,50,19300
20240123,15:28:27,474.95,100,19300
20240123,15:28:53,471.7,500,19300
20240123,15:29:16,466.65,100,19300
20240123,15:29:20,467.0,50,19300
20240123,15:29:21,466.2,50,19300
20240123,15:29:24,464.95,500,19300
20240123,15:29:28,463.8,100,19300
20240123,15:29:45,463.8,50,19300
20240123,15:29:49,463.15,50,19300
20240123,15:29:59,459.85,1,20300
20240124,09:15:23,469.55,1,20300
20240124,09:15:23,469.6,150,20300
20240124,09:15:28,463.1,50,20300
20240124,09:15:32,463.1,100,20300
20240124,09:15:36,468.6,200,20300
20240124,09:15:38,466.35,100,20300
20240124,09:15:48,480.35,400,20300
20240124,09:15:49,477.0,50,20300
20240124,09:15:58,474.45,50,20300
20240124,09:16:24,466.55,200,20300
20240124,09:16:40,459.05,100,20300
20240124,09:16:51,452.65,100,20300
20240124,09:17:04,452.65,50,20300
20240124,09:17:33,460.0,50,20300
20240124,09:17:41,456.4,50,20200
20240124,09:17:59,455.0,250,20200
20240124,09:18:05,452.65,50,20200
20240124,09:18:12,450.0,50,20200
20240124,09:19:14,437.05,50,20200
20240124,09:19:16,437.05,50,20200
20240124,09:19:54,434.4,50,20200
20240124,09:20:09,434.4,100,20200
20240124,09:20:36,450.0,50,20200
20240124,09:20:37,449.05,50,20200
20240124,09:20:39,453.2,50,20200
20240124,09:20:41,449.95,100,20200
20240124,09:20:44,454.85,50,20350
20240124,09:20:47,460.0,50,20350
20240124,09:20:49,465.0,50,20350
20240124,09:20:51,467.05,100,20350
20240124,09:20:52,470.0,50,20350
20240124,09:21:13,475.0,50,20350
20240124,09:21:18,480.0,50,20350
20240124,09:21:44,482.95,50,20350
20240124,09:21:51,485.0,50,20350
20240124,09:21:53,490.0,50,20350
20240124,09:21:54,495.65,150,20350
20240124,09:22:01,499.0,50,20350
20240124,09:22:03,502.05,50,20350
20240124,09:22:04,508.85,50,20350
20240124,09:22:09,508.85,100,20350
20240124,09:22:24,502.05,200,20350
20240124,09:22:28,504.25,200,20350
20240124,09:22:33,518.05,200,20350
20240124,09:22:36,504.85,50,20350
20240124,09:22:58,510.35,50,20350
20240124,09:23:04,501.75,50,20350
20240124,09:23:06,498.6,50,20350
20240124,09:24:58,506.95,100,20500
20240124,09:25:06,496.75,50,20500
20240124,09:25:11,498.0,100,20500
20240124,09:25:18,507.15,50,20500
20240124,09:25:26,495.1,50,20500
20240124,09:25:28,491.05,50,20500
20240124,09:25:29,490.0,800,20500
20240124,09:25:33,489.3,100,20500
20240124,09:25:38,483.65,100,20500
20240124,09:25:39,483.4,100,20500
20240124,09:25:41,482.75,50,20500
20240124,09:25:46,482.55,100,20500
20240124,09:25:48,481.4,100,20500
20240124,09:25:53,482.35,150,20500
20240124,09:25:58,488.0,100,20500
20240124,09:26:00,488.25,100,20500
20240124,09:26:10,478.15,50,20500
20240124,09:26:24,469.0,200,20500
20240124,09:26:31,472.0,100,20500
20240124,09:26:44,478.6,100,20200
20240124,09:26:51,475.8,50,20200
20240124,09:27:04,484.0,150,20200
20240124,09:27:07,482.8,50,20200
20240124,09:27:22,486.8,50,20200
20240124,09:27:41,484.7,100,20200
20240124,09:27:44,485.9,150,20200
20240124,09:27:54,480.95,150,20200
20240124,09:28:27,484.05,100,20200
20240124,09:28:57,493.45,50,20200
20240124,09:30:01,519.0,200,20100
20240124,09:30:12,519.0,100,20100
20240124,09:30:14,505.85,100,20100
20240124,09:31:39,516.0,50,20100
20240124,09:32:09,522.95,50,20100
20240124,09:32:11,528.05,50,20100
20240124,09:32:28,528.75,50,20100
20240124,09:33:03,533.5,50,20300
20240124,09:33:49,533.5,250,20300
20240124,09:38:08,525.9,50,20350
20240124,09:38:25,531.1,50,20350
20240124,09:41:08,531.1,1800,20300
20240124,09:41:15,529.85,50,20300
20240124,09:41:40,538.0,1800,20300
20240124,09:43:23,538.0,1800,21750
20240124,09:43:30,530.0,1800,21750
20240124,09:45:48,550.0,300,19250
20240124,09:46:18,550.0,50,19250
20240124,09:49:00,555.9,50,19050
20240124,09:50:20,555.9,250,19050
20240124,09:50:37,562.0,900,19050
20240124,09:54:04,562.0,50,19700
20240124,09:54:49,565.5,50,19700
20240124,09:55:52,584.4,50,19700
20240124,09:56:52,596.5,100,19750
20240124,09:57:51,609.4,50,19750
20240124,09:58:51,625.05,200,19750
20240124,09:59:11,619.75,300,19750
20240124,09:59:12,620.0,900,19750
20240124,09:59:46,622.0,50,19750
20240124,10:00:23,643.7,100,19650
20240124,10:01:08,643.7,50,19650
20240124,10:01:18,634.05,100,19650
20240124,10:01:24,621.75,100,19650
20240124,10:01:43,634.25,50,19650
20240124,10:02:03,634.25,50,19650
20240124,10:02:50,603.55,250,19650
20240124,10:03:24,608.85,50,19650
20240124,10:04:40,587.45,50,19650
20240124,10:05:04,589.9,50,19650
20240124,10:05:06,589.9,50,19650
20240124,10:05:08,588.85,400,19650
20240124,10:05:29,601.9,100,19650
20240124,10:05:43,600.85,200,19650
20240124,10:06:00,608.25,150,19400
20240124,10:06:03,609.0,100,19400
20240124,10:06:11,610.85,200,19400
20240124,10:06:26,613.5,50,19400
20240124,10:06:52,627.85,600,19400
20240124,10:07:05,621.75,100,19400
20240124,10:07:15,606.0,50,19400
20240124,10:07:16,610.0,400,19400
20240124,10:07:18,610.35,150,19400
20240124,10:07:23,613.5,150,19400
20240124,10:07:30,615.75,100,19400
20240124,10:07:35,618.0,100,19400
20240124,10:07:38,618.0,100,19400
20240124,10:07:56,612.75,100,19400
20240124,10:08:00,612.0,50,19400
20240124,10:08:05,607.5,50,19400
20240124,10:08:13,608.0,100,19400
20240124,10:08:35,599.95,50,19400
20240124,10:08:48,595.85,300,20250
20240124,10:09:05,601.5,100,20250
20240124,10:09:13,592.5,50,20250
20240124,10:09:50,590.0,50,20250
20240124,10:09:53,590.85,50,20250
20240124,10:10:22,578.15,50,20250
20240124,10:10:23,577.0,50,20250
20240124,10:10:47,581.85,50,20250
20240124,10:11:52,565.5,50,20600
20240124,10:11:55,568.5,50,20600
20240124,10:12:05,574.3,250,20600
20240124,10:12:06,571.8,50,20600
20240124,10:12:10,574.9,200,20600
20240124,10:12:16,573.8,50,20600
20240124,10:12:36,566.2,100,20600
20240124,10:12:38,567.0,100,20600
20240124,10:13:10,570.0,100,20600
20240124,10:13:20,569.75,350,20600
20240124,10:13:36,562.0,1150,20600
20240124,10:13:38,560.0,50,20600
20240124,10:13:53,564.15,600,20600
20240124,10:15:01,578.45,250,21050
20240124,10:15:05,581.2,150,21050
20240124,10:15:42,600.05,200,21050
20240124,10:15:45,600.75,1000,21050
20240124,10:15:53,604.5,50,21050
20240124,10:16:02,606.75,100,21050
20240124,10:16:07,604.8,200,21050
20240124,10:16:27,600.0,100,21050
20240124,10:16:52,605.3,50,21050
20240124,10:17:57,611.6,50,22450
20240124,10:20:18,613.35,50,22450
20240124,10:20:50,620.0,100,22350
20240124,10:24:09,621.75,300,22350
20240124,10:24:50,620.0,500,22350
20240124,10:25:15,621.4,50,22350
20240124,10:26:10,622.4,50,22350
20240124,10:26:37,609.15,50,22350
20240124,10:26:52,618.0,500,22000
20240124,10:27:37,631.35,50,22000
20240124,10:27:40,634.8,50,22000
20240124,10:27:55,635.0,500,22000
20240124,10:28:20,630.0,50,22000
20240124,10:28:22,630.0,450,22000
20240124,10:30:17,617.45,2000,22500
20240124,10:31:09,630.2,50,22500
20240124,10:32:07,636.7,150,22500
20240124,10:34:12,644.6,900,23750
20240124,10:34:59,644.6,50,23750
20240124,10:37:09,640.05,100,23850
20240124,10:37:59,633.1,50,23850
20240124,10:38:09,628.65,150,23850
20240124,10:38:11,629.9,50,23850
20240124,10:38:39,623.55,50,23850
20240124,10:39:04,620.0,150,23700
20240124,10:39:07,620.2,50,23700
20240124,10:39:19,615.45,150,23700
20240124,10:39:52,628.5,50,23700
20240124,10:42:44,614.05,50,23500
20240124,10:44:36,610.2,900,23500
20240124,10:44:53,600.2,50,23350
20240124,10:45:46,582.7,50,23350
20240124,10:45:49,579.8,50,23350
20240124,10:46:01,594.95,50,23350
20240124,10:50:41,600.2,250,23350
20240124,10:50:51,597.3,150,23350
20240124,10:51:03,590.0,50,23650
20240124,10:51:55,597.3,50,23650
20240124,10:52:35,590.0,100,23650
20240124,10:52:51,593.0,50,23650
20240124,10:53:23,585.7,50,23650
20240124,10:54:35,611.0,50,23600
20240124,10:54:40,612.3,250,23600
20240124,10:55:55,620.0,50,23600
20240124,11:00:35,609.0,100,23850
20240124,11:03:12,609.0,100,23950
20240124,11:05:00,608.0,50,23950
20240124,11:06:10,613.0,50,24050
20240124,11:07:08,608.0,50,24050
20240124,11:08:53,600.0,50,24050
20240124,11:09:00,600.0,50,24050
20240124,11:14:51,602.9,250,24050
20240124,11:16:16,611.0,50,23850
20240124,11:17:25,607.75,250,23850
20240124,11:17:27,607.75,750,23850
20240124,11:18:53,614.0,50,24900
20240124,11:19:26,612.3,50,24900
20240124,11:20:43,617.6,50,24900
20240124,11:20:59,620.0,250,24900
20240124,11:23:31,600.0,50,24900
20240124,11:25:58,575.0,50,25150
20240124,11:26:33,560.0,50,25150
20240124,11:27:18,560.4,50,25150
20240124,11:28:04,553.95,50,25150
20240124,11:30:18,530.0,50,25200
20240124,11:30:53,514.05,150,25200
20240124,11:31:16,501.6,200,25200
20240124,11:32:05,499.65,50,25200
20240124,11:32:06,499.55,50,25200
20240124,11:32:15,496.9,200,25200
20240124,11:32:23,488.95,100,25200
20240124,11:32:28,484.8,50,25200
20240124,11:32:31,487.35,150,25200
20240124,11:32:38,486.9,100,25200
20240124,11:33:15,501.6,50,25150
20240124,11:33:26,499.35,50,25150
20240124,11:33:38,500.3,50,25150
20240124,11:34:28,511.85,50,25150
20240124,11:34:35,506.75,100,25150
20240124,11:35:46,523.55,50,25150
20240124,11:36:03,538.9,50,25350
20240124,11:36:20,555.0,50,25350
20240124,11:36:25,547.0,150,25350
20240124,11:36:31,550.5,100,25350
20240124,11:36:48,564.75,100,25350
20240124,11:36:50,566.0,50,25350
20240124,11:37:05,562.0,50,25350
20240124,11:37:08,551.45,50,25350
20240124,11:37:10,553.6,50,25350
20240124,11:38:22,546.4,50,25350
20240124,11:38:40,543.9,50,25350
20240124,11:38:50,534.9,150,25350
20240124,11:39:42,540.65,100,25550
20240124,11:48:55,535.55,200,25450
20240124,11:54:22,542.1,100,25450
20240124,11:55:06,548.6,50,25450
20240124,11:55:42,543.1,50,25450
20240124,11:56:52,545.0,50,25450
20240124,11:59:36,541.4,50,25500
20240124,11:59:54,537.05,50,25500
20240124,12:00:58,531.55,100,25550
20240124,12:01:36,540.0,50,25550
20240124,12:02:49,526.65,100,25550
20240124,12:05:19,507.75,50,25550
20240124,12:06:18,511.0,50,25550
20240124,12:06:29,517.55,50,25550
20240124,12:06:31,522.0,50,25550
20240124,12:08:11,512.05,100,25550
20240124,12:08:13,511.7,100,25550
20240124,12:11:50,525.3,250,25750
20240124,12:14:11,507.95,50,25750
20240124,12:14:13,509.15,50,25750
20240124,12:14:18,511.0,50,25750
20240124,12:16:37,522.0,50,25750
20240124,12:17:00,516.7,50,25900
20240124,12:19:13,524.85,50,26000
20240124,12:19:30,533.0,50,26000
20240124,12:19:54,536.7,50,26000
20240124,12:20:00,544.0,50,26000
20240124,12:28:03,494.9,200,26100
20240124,12:28:30,490.0,50,26100
20240124,12:29:03,499.0,50,26100
20240124,12:29:37,511.0,50,26100
20240124,12:30:57,511.6,50,26150
20240124,12:32:17,499.0,50,26150
20240124,12:32:45,499.0,50,26150
20240124,12:35:37,494.4,450,26150
20240124,12:35:47,497.0,50,26150
20240124,12:35:55,499.0,50,26150
20240124,12:40:04,490.05,250,26450
20240124,12:40:11,487.0,200,26450
20240124,12:40:29,495.95,250,26450
20240124,12:41:51,486.7,250,26450
20240124,12:42:59,499.0,50,26450
20240124,12:45:51,501.4,150,26950
20240124,12:46:14,504.0,50,26950
20240124,12:46:28,511.0,50,26950
20240124,12:47:21,509.95,50,26950
20240124,12:49:44,522.0,100,27050
20240124,12:51:31,533.0,50,27150
20240124,12:52:05,532.65,50,27150
20240124,12:52:41,532.9,50,27150
20240124,12:58:18,544.0,50,27100
20240124,12:59:23,540.0,50,27100
20240124,13:00:03,555.0,50,27100
20240124,13:00:50,566.0,50,27250
20240124,13:01:00,567.75,50,27250
20240124,13:01:12,576.0,50,27250
20240124,13:01:15,577.0,50,27250
20240124,13:02:33,577.0,100,27250
20240124,13:08:36,569.85,100,27400
20240124,13:08:49,569.5,50,27400
20240124,13:19:19,581.1,50,27400
20240124,13:19:28,579.8,100,27400
20240124,13:20:44,588.0,50,27400
20240124,13:20:46,587.05,50,27400
20240124,13:20:58,589.75,100,27400
20240124,13:21:01,581.85,50,27400
20240124,13:21:23,581.85,100,27650
20240124,13:21:49,576.55,1000,27650
20240124,13:22:02,570.75,50,27650
20240124,13:22:04,573.5,50,27650
20240124,13:22:19,577.05,100,27650
20240124,13:22:24,576.65,100,27650
20240124,13:23:14,566.95,50,27650
20240124,13:23:53,575.8,50,27650
20240124,13:24:19,570.0,50,27950
20240124,13:24:42,560.95,50,27950
20240124,13:27:08,558.5,50,27950
20240124,13:29:33,562.0,50,28050
20240124,13:41:00,572.0,50,28050
20240124,13:45:30,559.1,100,28050
20240124,13:58:57,577.0,50,28050
20240124,14:00:55,576.7,50,28200
20240124,14:04:00,588.0,50,28250
20240124,14:05:28,599.95,150,28250
20240124,14:07:10,603.25,50,28350
20240124,14:07:12,600.1,150,28350
20240124,14:09:03,587.6,50,28350
20240124,14:11:52,583.85,450,28500
20240124,14:15:41,603.45,100,28050
20240124,14:18:17,589.4,50,28050
20240124,14:18:33,593.0,300,28100
20240124,14:19:23,597.95,300,28100
20240124,14:20:28,602.1,50,28100
20240124,14:20:51,604.45,50,28100
20240124,14:27:25,614.45,50,28300
20240124,14:27:55,618.6,1750,28300
20240124,14:28:00,623.25,100,28300
20240124,14:28:05,620.0,50,28300
20240124,14:30:27,623.3,100,28700
20240124,14:30:30,626.0,250,28700
20240124,14:30:50,633.0,100,28700
20240124,14:33:00,620.0,50,28700
20240124,14:33:08,623.2,100,28700
20240124,14:33:50,633.0,250,28850
20240124,14:34:37,631.65,50,28850
20240124,14:36:20,636.8,100,28850
20240124,14:37:10,638.0,250,28750
20240124,14:37:53,636.5,100,28750
20240124,14:40:39,645.6,100,28800
20240124,14:40:55,645.9,100,28800
20240124,14:41:08,651.0,50,28800
20240124,14:41:40,656.4,700,28800
20240124,14:41:52,656.4,250,28800
20240124,14:52:12,664.0,100,29250
20240124,14:54:22,664.0,100,29250
20240124,14:58:56,672.85,100,29150
20240124,15:00:39,690.5,50,29150
20240124,15:00:52,690.5,50,29150
20240124,15:04:01,632.1,150,29150
20240124,15:04:04,639.0,200,29150
20240124,15:04:56,654.55,50,29150
20240124,15:05:04,659.6,250,29150
20240124,15:10:28,656.45,250,29150
20240124,15:13:58,668.0,100,28900
20240124,15:17:50,690.6,100,29000
20240124,15:21:54,690.6,100,29000
20240124,15:22:01,680.8,50,29000
20240124,15:23:33,681.55,50,29000
20240124,15:23:59,679.7,100,29000
20240124,15:25:12,678.05,50,28800
20240124,15:25:35,678.2,350,28800
20240124,15:26:52,688.0,50,28800
20240124,15:27:27,689.45,50,28800
20240124,15:27:51,692.1,200,28850
20240124,15:28:48,692.1,50,28850
20240124,15:29:23,683.75,100,28850
20240124,15:29:45,681.6,300,28850
20240125,09:19:05,619.15,1,28650
20240125,09:19:05,619.1,150,28650
20240125,09:19:26,622.55,50,28650
20240125,09:19:28,622.55,50,28650
20240125,09:19:34,616.35,200,28650
20240125,09:19:36,616.35,150,28650
20240125,09:20:52,625.0,50,28650
20240125,09:23:27,625.0,50,28650
20240125,09:23:39,612.0,50,28650
20240125,09:24:54,589.0,50,28600
20240125,09:25:44,589.0,50,28600
20240125,09:26:29,603.9,50,28600
20240125,09:26:47,600.0,500,28600
20240125,09:27:41,617.0,100,28550
20240125,09:28:00,625.0,200,28550
20240125,09:28:09,635.0,200,28550
20240125,09:30:56,648.0,50,28550
20240125,09:33:18,648.0,50,28600
20240125,09:33:26,623.4,50,28600
20240125,09:37:07,616.5,50,28650
20240125,09:41:48,627.0,50,28650
20240125,09:44:41,592.3,50,28700
20240125,09:45:51,583.5,100,28700
20240125,09:46:36,583.5,50,28700
20240125,09:47:13,614.1,50,28700
20240125,09:50:33,611.0,50,28850
20240125,09:50:54,601.45,50,28850
20240125,09:51:14,605.0,50,28850
20240125,09:53:37,593.2,50,28850
20240125,09:54:34,591.0,50,28900
20240125,09:57:47,594.85,50,28850
20240125,09:58:52,601.65,200,28850
20240125,09:58:57,604.9,50,28850
20240125,09:59:40,600.25,50,28850
20240125,09:59:51,596.75,50,28850
20240125,10:01:38,589.0,50,29150
20240125,10:02:16,587.65,50,29150
20240125,10:04:54,590.3,300,29150
20240125,10:06:44,600.0,150,29450
20240125,10:07:23,600.0,350,29450
20240125,10:07:36,603.55,50,29450
20240125,10:18:55,567.45,50,29950
20240125,10:18:58,565.2,50,29950
20240125,10:20:08,560.0,50,29950
20240125,10:20:27,550.05,100,29950
20240125,10:20:30,550.0,50,29950
20240125,10:21:20,541.0,50,29900
20240125,10:21:28,539.55,100,29900
20240125,10:21:43,539.55,50,29900
20240125,10:21:48,548.0,100,29900
20240125,10:22:00,552.0,500,29900
20240125,10:23:06,539.65,150,29900
20240125,10:25:38,542.05,50,29950
20240125,10:26:06,547.7,300,29950
20240125,10:26:28,552.0,50,29950
20240125,10:26:39,555.7,50,29950
20240125,10:26:41,555.0,100,29950
20240125,10:27:09,549.2,50,30300
20240125,10:27:16,552.15,50,30300
20240125,10:27:21,555.0,50,30300
20240125,10:29:16,555.0,300,30300
20240125,10:29:28,557.8,50,30300
20240125,10:29:33,557.8,50,30300
20240125,10:29:36,557.75,50,30300
20240125,10:30:01,555.6,50,30600
20240125,10:30:05,556.05,50,30600
20240125,10:30:06,557.2,50,30600
20240125,10:30:13,558.8,50,30600
20240125,10:31:08,550.75,250,30600
20240125,10:32:06,555.75,100,30600
20240125,10:33:00,570.0,50,30600
20240125,10:34:04,555.4,250,30950
20240125,10:34:22,550.75,50,30950
20240125,10:34:26,551.2,100,30950
20240125,10:34:29,553.0,100,30950
20240125,10:35:59,547.0,50,30950
20240125,10:37:32,550.0,50,31300
20240125,10:40:44,566.65,50,31350
20240125,10:40:47,572.0,50,31350
20240125,10:42:50,550.65,50,31450
20240125,10:42:59,550.0,200,31450
20240125,10:43:15,554.9,100,31450
20240125,10:43:50,544.6,300,31450
20240125,10:43:54,543.25,50,31450
20240125,10:46:39,552.6,100,31450
20240125,10:47:15,558.0,50,31450
20240125,10:50:17,551.0,1750,31550
20240125,10:50:22,554.95,200,31550
20240125,10:50:25,558.0,200,31550
20240125,10:50:53,549.85,200,31550
20240125,10:50:58,548.8,100,31550
20240125,10:51:25,545.0,50,31550
20240125,10:53:03,545.0,50,30950
20240125,10:54:17,532.0,500,30900
20240125,10:54:29,529.9,150,30900
20240125,10:54:35,524.3,50,30900
20240125,10:55:02,523.6,50,30900
20240125,10:55:09,518.5,50,30900
20240125,10:55:25,518.0,200,30900
20240125,10:55:26,518.0,200,30900
20240125,10:55:50,517.6,200,30900
20240125,10:56:00,517.6,200,30900
20240125,10:57:32,519.0,50,30750
20240125,10:57:43,516.6,150,30750
20240125,10:58:08,516.2,150,30750
20240125,10:58:14,516.2,150,30750
20240125,10:58:23,517.3,50,30750
20240125,10:58:24,517.25,50,30750
20240125,10:58:28,515.55,150,30750
20240125,10:59:21,515.55,50,30750
20240125,10:59:56,512.6,50,30750
20240125,11:00:43,512.4,150,31050
20240125,11:00:46,512.4,50,31050
20240125,11:00:58,515.0,50,31050
20240125,11:01:01,516.0,50,31050
20240125,11:01:09,520.15,500,31050
20240125,11:01:11,520.1,50,31050
20240125,11:01:16,516.5,50,31050
20240125,11:01:46,515.05,50,31050
20240125,11:02:44,520.15,50,31050
20240125,11:02:46,519.95,300,31050
20240125,11:03:01,521.2,100,31050
20240125,11:03:29,522.7,50,31900
20240125,11:07:13,527.8,50,31850
20240125,11:07:58,527.9,500,31850
20240125,11:08:08,528.0,500,31850
20240125,11:08:23,527.1,100,31850
20240125,11:10:30,531.0,100,31750
20240125,11:12:32,537.75,50,31750
20240125,11:14:24,527.35,100,31750
20240125,11:17:15,534.8,50,31650
20240125,11:17:17,532.05,50,31650
20240125,11:17:46,536.05,300,31650
20240125,11:18:18,539.65,50,31900
20240125,11:18:23,542.25,300,31900
20240125,11:18:48,545.0,50,31900
20240125,11:19:11,547.0,50,31900
20240125,11:19:32,549.0,50,31900
20240125,11:19:56,547.0,50,31900
20240125,11:19:59,549.0,500,31900
20240125,11:21:03,555.0,200,31900
20240125,11:21:51,565.0,250,31750
20240125,11:22:34,570.0,50,31750
20240125,11:22:36,572.0,50,31750
20240125,11:23:01,562.0,50,31750
20240125,11:23:16,555.65,50,31750
20240125,11:25:57,556.2,50,31750
20240125,11:27:27,535.95,50,31650
20240125,11:29:20,543.1,50,31700
20240125,11:30:26,555.0,50,31650
20240125,11:31:15,545.2,50,31650
20240125,11:34:02,540.0,500,31650
20240125,11:36:03,543.6,50,31650
20240125,11:36:05,543.95,50,31650
20240125,11:36:08,546.45,100,31650
20240125,11:36:52,552.4,50,31700
20240125,11:38:02,561.35,50,31700
20240125,11:38:17,567.0,550,31700
20240125,11:39:02,577.45,200,31700
20240125,11:40:18,591.6,300,31600
20240125,11:40:23,595.65,150,31600
20240125,11:40:30,604.0,50,31600
20240125,11:40:33,603.9,150,31600
20240125,11:41:23,603.75,150,31600
20240125,11:41:37,606.15,150,31600
20240125,11:41:50,601.45,100,31600
20240125,11:42:07,595.5,100,31600
20240125,11:43:20,593.9,50,31150
20240125,11:43:34,596.55,500,31150
20240125,11:44:33,580.5,50,31150
20240125,11:45:13,576.05,50,31500
20240125,11:46:00,592.95,50,31500
20240125,11:49:07,566.1,50,31500
20240125,11:49:25,556.5,50,31500
20240125,11:49:59,554.6,50,31500
20240125,11:50:04,550.0,500,31500
20240125,11:50:05,551.15,50,31500
20240125,11:50:17,539.05,50,31500
20240125,11:52:44,541.75,100,31500
20240125,11:53:57,539.0,500,31500
20240125,11:54:27,534.45,50,30950
20240125,11:55:15,540.0,50,30950
20240125,11:55:29,536.5,50,30950
20240125,11:56:49,530.0,250,30950
20240125,11:58:39,539.0,50,30950
20240125,11:59:01,543.95,150,31000
20240125,12:00:11,551.0,100,31000
20240125,12:01:34,545.0,500,31000
20240125,12:01:49,551.6,150,31000
20240125,12:01:59,552.05,50,31000
20240125,12:02:06,554.0,750,31000
20240125,12:02:22,553.35,50,31000
20240125,12:04:13,547.1,600,31300
20240125,12:04:42,545.25,250,31300
20240125,12:07:39,535.0,200,31300
20240125,12:08:50,551.6,150,32000
20240125,12:11:40,547.85,50,32150
20240125,12:13:43,544.6,50,32150
20240125,12:15:04,542.75,350,32150
20240125,12:16:05,529.35,50,31750
20240125,12:16:15,527.8,100,31750
20240125,12:16:43,530.25,50,31750
20240125,12:17:12,530.9,50,31750
20240125,12:18:47,526.45,250,31700
20240125,12:20:19,529.15,150,31700
20240125,12:20:40,523.0,50,31700
20240125,12:22:15,517.2,300,31700
20240125,12:22:29,519.3,50,31450
20240125,12:22:30,517.95,50,31450
20240125,12:22:40,516.55,50,31450
20240125,12:24:28,525.0,400,31450
20240125,12:25:20,528.0,300,31600
20240125,12:25:43,529.55,200,31600
20240125,12:26:25,532.05,100,31600
20240125,12:32:36,522.6,50,32600
20240125,12:33:08,521.3,50,32600
20240125,12:33:43,518.15,50,32600
20240125,12:35:36,531.75,150,32600
20240125,12:40:18,537.45,200,32800
20240125,12:40:21,535.4,50,32800
20240125,12:40:23,535.35,50,32800
20240125,12:40:28,535.1,100,32800
20240125,12:40:31,535.25,50,32800
20240125,12:40:33,535.1,1050,32800
20240125,12:40:34,535.35,250,32800
20240125,12:40:36,535.3,250,32800
20240125,12:40:38,535.1,250,32800
20240125,12:40:39,534.6,500,32800
20240125,12:40:41,535.0,500,32800
20240125,12:40:44,536.7,250,32800
20240125,12:40:48,537.25,250,32800
20240125,12:41:09,530.95,250,32800
20240125,12:41:13,531.5,250,32800
20240125,12:41:14,532.05,500,32800
20240125,12:41:16,532.05,750,32800
20240125,12:41:18,532.85,250,32800
20240125,12:41:21,531.35,1000,32800
20240125,12:41:57,531.1,250,32800
20240125,12:41:59,530.55,500,32800
20240125,12:42:00,530.1,250,32800
20240125,12:42:05,529.85,750,32800
20240125,12:42:13,527.5,500,32800
20240125,12:42:21,528.55,500,41800
20240125,12:42:35,527.1,250,41800
20240125,12:42:40,524.3,250,41800
20240125,12:42:51,522.75,500,41800
20240125,12:42:58,521.4,250,41800
20240125,12:43:01,522.55,250,41800
20240125,12:43:05,523.7,250,41800
20240125,12:43:18,523.5,250,41800
20240125,12:43:20,523.45,250,41800
20240125,12:43:26,525.4,50,41800
20240125,12:43:45,521.9,50,41800
20240125,12:43:56,520.65,950,41800
20240125,12:43:58,520.6,750,41800
20240125,12:44:00,520.5,500,41800
20240125,12:44:01,520.9,250,41800
20240125,12:44:03,521.0,500,41800
20240125,12:44:05,521.0,250,41800
20240125,12:44:06,520.7,500,41800
20240125,12:44:10,520.1,1000,41800
20240125,12:44:11,520.85,100,41800
20240125,12:44:31,525.65,50,41800
20240125,12:45:04,527.5,150,41800
20240125,12:45:09,529.35,250,41800
20240125,12:45:17,529.35,250,41800
20240125,12:46:06,523.65,500,50050
20240125,12:46:17,523.4,250,50050
20240125,12:46:21,522.45,500,50050
20240125,12:46:27,522.85,1250,50050
20240125,12:46:29,523.2,250,50050
20240125,12:46:31,523.55,1250,50050
20240125,12:46:40,526.05,250,50050
20240125,12:46:42,527.8,750,50050
20240125,12:46:58,527.95,1250,50050
20240125,12:47:00,527.75,500,50050
20240125,12:47:02,528.5,500,50050
20240125,12:47:03,527.85,500,50050
20240125,12:47:07,527.95,250,50050
20240125,12:47:53,529.65,100,50050
20240125,12:48:21,534.4,50,50050
20240125,12:48:43,534.5,100,58150
20240125,12:49:09,528.5,150,58150
20240125,12:49:15,530.05,150,58150
20240125,12:49:17,530.6,100,58150
20240125,12:49:45,530.15,250,58150
20240125,12:50:15,527.3,1750,58150
20240125,12:50:16,527.6,1250,58150
20240125,12:50:18,527.2,1000,58150
20240125,12:50:20,527.1,750,58150
20240125,12:50:23,526.85,250,58150
20240125,12:50:24,526.4,500,58150
20240125,12:50:28,526.6,250,58150
20240125,12:50:29,525.8,1200,58150
20240125,12:50:39,527.8,50,58150
20240125,12:50:44,528.2,100,58150
20240125,12:50:49,527.35,150,58150
20240125,12:50:54,526.85,250,58150
20240125,12:51:16,527.3,250,58150
20240125,12:56:18,515.0,550,66550
20240125,12:56:23,514.75,250,66550
20240125,12:57:06,515.55,350,66550
20240125,12:57:10,513.35,500,66550
20240125,12:57:11,513.7,500,66550
20240125,12:57:18,515.1,50,66550
20240125,12:57:24,515.9,500,67800
20240125,12:57:28,517.25,250,67800
20240125,12:57:39,517.15,250,67800
20240125,12:57:58,520.55,250,67800
20240125,12:57:59,520.45,250,67800
20240125,12:58:06,520.15,750,67800
20240125,12:58:36,511.4,300,67800
20240125,12:58:46,510.45,150,67800
20240125,12:58:49,510.2,200,67800
20240125,12:58:53,510.2,500,67800
20240125,12:59:01,508.95,650,67800
20240125,12:59:19,507.85,250,67800
20240125,12:59:24,504.5,300,67800
20240125,12:59:39,504.5,50,67800
20240125,12:59:46,509.0,50,67800
20240125,13:00:01,505.0,550,67800
20240125,13:00:21,503.75,450,67800
20240125,13:00:23,503.75,200,71800
20240125,13:00:57,512.0,250,71800
20240125,13:01:01,512.0,1250,71800
20240125,13:01:06,511.4,800,71800
20240125,13:01:09,511.15,250,71800
20240125,13:01:11,510.75,250,71800
20240125,13:01:16,511.65,250,71800
20240125,13:01:17,509.65,500,71800
20240125,13:01:19,511.0,50,71800
20240125,13:01:39,507.75,250,71800
20240125,13:02:06,513.0,1500,71800
20240125,13:02:17,511.6,250,71800
20240125,13:02:19,511.35,250,71800
20240125,13:02:26,512.1,250,71800
20240125,13:02:32,512.6,1250,71800
20240125,13:02:44,514.0,1000,71800
20240125,13:02:47,515.65,750,71800
20240125,13:02:51,515.2,1000,71800
20240125,13:02:54,515.2,750,71800
20240125,13:02:56,514.45,250,71800
20240125,13:03:06,512.8,250,71800
20240125,13:03:08,512.8,250,71800
20240125,13:03:21,512.55,250,71800
20240125,13:03:24,513.8,1000,83800
20240125,13:03:28,513.5,250,83800
20240125,13:03:31,513.25,250,83800
20240125,13:03:33,512.4,750,83800
20240125,13:03:34,512.7,250,83800
20240125,13:03:36,512.35,250,83800
20240125,13:03:43,512.05,250,83800
20240125,13:03:48,511.8,250,83800
20240125,13:04:11,513.0,250,83800
20240125,13:04:34,513.85,250,83800
20240125,13:04:41,513.8,250,83800
20240125,13:04:49,516.8,250,83800
20240125,13:04:54,517.6,250,83800
20240125,13:04:57,520.0,50,83800
20240125,13:05:01,520.1,350,83800
20240125,13:05:04,519.15,250,83800
20240125,13:05:06,519.55,500,83800
20240125,13:05:07,519.75,500,83800
20240125,13:05:09,520.15,250,83800
20240125,13:05:49,519.65,250,83800
20240125,13:05:51,520.1,250,83800
20240125,13:06:16,520.35,50,83800
20240125,13:06:57,513.1,200,90250
20240125,13:07:16,512.85,250,90250
20240125,13:07:44,513.6,250,90250
20240125,13:08:14,509.6,250,90250
20240125,13:08:16,509.65,250,90250
20240125,13:08:59,509.4,250,90250
20240125,13:09:15,508.1,200,90250
20240125,13:09:27,504.75,300,91500
20240125,13:09:29,504.5,750,91500
20240125,13:09:30,504.0,250,91500
20240125,13:10:05,505.9,250,91500
20240125,13:10:10,505.65,250,91500
20240125,13:10:15,505.5,250,91500
20240125,13:10:18,505.95,750,91500
20240125,13:10:27,509.6,250,91500
20240125,13:12:18,508.2,50,91500
20240125,13:12:25,507.95,250,91500
20240125,13:12:41,510.2,250,94500
20240125,13:13:06,511.55,400,94500
20240125,13:13:13,512.8,100,94500
20240125,13:13:15,512.8,150,94500
20240125,13:13:21,512.55,250,94500
20240125,13:13:26,511.85,250,94500
20240125,13:13:35,510.8,250,94500
20240125,13:13:38,511.5,250,94500
20240125,13:13:43,512.1,200,94500
20240125,13:13:48,512.6,50,94500
20240125,13:13:50,512.65,250,94500
20240125,13:13:51,512.3,100,94500
20240125,13:13:53,512.3,150,94500
20240125,13:14:13,518.45,300,94500
20240125,13:14:15,517.7,250,94500
20240125,13:15:07,525.15,50,94500
20240125,13:15:15,524.65,150,94500
20240125,13:15:38,516.6,150,97250
20240125,13:15:58,520.75,200,97250
20240125,13:16:01,520.8,250,97250
20240125,13:16:06,522.8,250,97250
20240125,13:16:15,526.3,250,97250
20240125,13:16:16,526.05,250,97250
20240125,13:16:53,524.2,350,97250
20240125,13:17:18,524.4,250,97250
20240125,13:20:00,516.35,250,98700
20240125,13:20:07,515.05,600,98700
20240125,13:20:08,515.05,250,98700
20240125,13:20:28,514.8,250,98700
20240125,13:20:30,515.2,250,98700
20240125,13:21:13,514.95,250,98700
20240125,13:21:55,514.7,250,99950
20240125,13:22:05,515.65,250,99950
20240125,13:22:13,515.4,250,99950
20240125,13:22:16,516.25,250,99950
20240125,13:22:18,517.6,500,99950
20240125,13:22:24,517.65,500,99950
20240125,13:22:29,519.4,250,99950
20240125,13:22:33,519.2,500,99950
20240125,13:23:16,517.8,50,99950
20240125,13:23:26,516.6,50,99950
20240125,13:23:54,511.25,50,99950
20240125,13:24:27,511.95,50,102800
20240125,13:28:36,500.1,350,102850
20240125,13:29:17,500.0,150,102850
20240125,13:29:32,498.2,100,102850
20240125,13:29:42,498.2,100,102850
20240125,13:30:07,496.25,150,102850
20240125,13:31:29,496.25,500,102850
20240125,13:31:38,497.55,100,102900
20240125,13:31:44,495.55,100,102900
20240125,13:31:49,495.1,500,102900
20240125,13:31:51,495.1,450,102900
20240125,13:31:54,494.2,100,102900
20240125,13:31:56,492.95,50,102900
20240125,13:32:02,492.95,100,102900
20240125,13:32:57,498.0,100,102900
20240125,13:33:54,501.9,150,102900
20240125,13:34:30,505.0,100,102900
20240125,13:37:00,497.95,100,102950
20240125,13:37:27,498.85,200,102950
20240125,13:37:47,501.65,100,102950
20240125,13:38:13,501.25,50,102950
20240125,13:39:06,503.3,500,102950
20240125,13:39:28,506.9,250,103300
20240125,13:40:14,504.95,350,103300
20240125,13:40:39,501.9,200,103300
20240125,13:41:57,501.1,250,103300
20240125,13:42:51,499.35,350,103300
20240125,13:42:53,499.25,250,103950
20240125,13:42:56,501.1,50,103950
20240125,13:43:16,503.4,250,103950
20240125,13:43:34,503.15,50,103950
20240125,13:44:09,502.25,250,103950
20240125,13:44:16,502.6,250,103950
20240125,13:45:25,504.85,200,103950
20240125,13:45:27,504.95,750,103950
20240125,13:45:35,506.45,250,106050
20240125,13:45:37,509.05,250,106050
20240125,13:46:58,508.8,250,106050
20240125,13:47:00,507.95,250,106050
20240125,13:47:02,507.95,500,106050
20240125,13:47:07,508.35,250,106050
20240125,13:47:20,508.4,500,106050
20240125,13:47:32,508.15,250,106050
20240125,13:47:33,508.4,500,106050
20240125,13:47:35,507.65,500,106050
20240125,13:47:37,508.0,500,106050
20240125,13:47:40,508.25,500,106050
20240125,13:47:42,508.2,750,106050
20240125,13:47:43,509.25,250,106050
20240125,13:47:50,513.1,50,106050
20240125,13:47:55,513.0,100,106050
20240125,13:48:12,518.0,50,106050
20240125,13:49:38,517.35,500,111400
20240125,13:49:40,517.2,250,111400
20240125,13:49:42,516.4,250,111400
20240125,13:49:48,515.45,500,111400
20240125,13:49:58,518.95,250,111400
20240125,13:50:17,520.3,250,111400
20240125,13:50:20,520.05,250,111400
20240125,13:50:25,522.5,1000,111400
20240125,13:50:55,520.25,750,111400
20240125,13:51:02,524.1,750,111400
20240125,13:51:12,523.85,250,111400
20240125,13:51:13,523.6,500,111400
20240125,13:51:15,525.6,250,111400
20240125,13:51:18,526.0,50,111400
20240125,13:51:22,524.5,500,111400
20240125,13:51:23,524.8,250,111400
20240125,13:51:55,518.0,50,117400
20240125,13:52:36,517.75,250,117400
20240125,13:52:39,516.5,100,117400
20240125,13:52:57,517.7,50,117400
20240125,13:53:22,512.85,50,117400
20240125,13:53:40,511.9,200,117400
20240125,13:53:42,511.65,250,117400
20240125,13:54:20,511.4,250,117400
20240125,13:55:35,501.6,300,118250
20240125,13:56:42,514.5,150,118250
20240125,13:56:53,513.8,50,118250
20240125,13:57:00,514.25,150,118250
20240125,13:57:07,514.45,250,118250
20240125,13:57:27,519.2,250,118250
20240125,13:57:47,515.25,250,118750
20240125,13:57:53,517.95,250,118750
20240125,13:58:13,517.7,250,118750
20240125,13:58:18,521.1,50,118750
20240125,14:00:23,516.55,50,118750
20240125,14:01:33,514.25,300,119500
20240125,14:01:51,517.15,50,119500
20240125,14:02:53,519.4,250,119500
20240125,14:03:03,519.0,300,119500
20240125,14:03:07,520.4,300,119500
20240125,14:05:56,519.0,550,120550
20240125,14:06:01,522.9,300,120550
20240125,14:06:14,520.45,100,120550
20240125,14:06:27,525.0,50,120550
20240125,14:06:54,516.55,50,120800
20240125,14:07:26,512.0,50,120800
20240125,14:07:52,512.0,100,120800
20240125,14:08:11,513.5,150,120800
20240125,14:08:57,510.6,50,120800
20240125,14:10:58,511.15,250,121050
20240125,14:11:00,511.75,50,121050
20240125,14:11:21,510.9,200,121050
20240125,14:11:31,513.6,100,121050
20240125,14:11:38,513.2,700,121050
20240125,14:12:06,511.85,150,121050
20240125,14:12:11,512.75,150,121050
20240125,14:12:15,513.85,300,121050
20240125,14:12:16,514.75,250,121050
20240125,14:12:26,512.6,250,121050
20240125,14:12:33,514.05,250,123300
20240125,14:12:35,515.1,50,123300
20240125,14:12:36,515.7,450,123300
20240125,14:12:38,514.95,250,123300
20240125,14:12:51,515.85,100,123300
20240125,14:12:55,513.9,750,123300
20240125,14:12:56,513.5,750,123300
20240125,14:12:58,514.0,500,123300
20240125,14:13:01,513.35,250,123300
20240125,14:13:36,512.95,50,123300
20240125,14:14:21,505.5,50,123300
20240125,14:15:56,499.0,50,126600
20240125,14:15:59,497.3,150,126600
20240125,14:16:33,503.4,50,126600
20240125,14:16:51,501.25,300,126600
20240125,14:17:08,496.4,150,126600
20240125,14:17:13,496.3,250,126600
20240125,14:17:20,496.35,100,126600
20240125,14:17:23,494.25,100,126600
20240125,14:17:36,494.2,100,126600
20240125,14:17:39,493.2,100,126600
20240125,14:17:56,493.2,250,126600
20240125,14:18:03,492.0,50,126600
20240125,14:18:06,492.0,50,126600
20240125,14:18:08,492.0,50,126600
20240125,14:18:09,492.0,350,126600
20240125,14:18:23,490.4,50,126600
20240125,14:18:38,490.4,250,126400
20240125,14:18:43,495.1,100,126400
20240125,14:19:13,496.1,50,126400
20240125,14:19:14,496.1,50,126400
20240125,14:19:24,497.1,100,126400
20240125,14:19:31,496.4,50,126400
20240125,14:19:53,496.1,100,126400
20240125,14:19:58,495.1,100,126400
20240125,14:20:26,496.05,50,126400
20240125,14:20:51,496.05,50,126400
20240125,14:20:56,495.05,100,126400
20240125,14:21:29,498.05,100,126400
20240125,14:21:56,498.4,50,126800
20240125,14:23:01,495.3,100,126800
20240125,14:23:04,495.05,250,126800
20240125,14:23:17,497.2,100,126800
20240125,14:23:26,496.95,150,126800
20240125,14:23:29,496.2,100,126800
20240125,14:23:31,495.85,250,126800
20240125,14:23:34,496.2,1000,126800
20240125,14:23:36,497.55,350,126800
20240125,14:23:50,493.5,350,126800
20240125,14:24:13,496.2,250,126800
20240125,14:24:25,495.95,250,126800
20240125,14:24:41,495.9,50,129500
20240125,14:24:48,496.2,50,129500
20240125,14:24:55,496.2,50,129500
20240125,14:24:56,496.2,400,129500
20240125,14:25:13,496.2,100,129500
20240125,14:26:21,499.8,250,129500
20240125,14:26:24,498.0,100,129500
20240125,14:26:26,498.0,150,129500
20240125,14:26:36,497.75,250,129500
20240125,14:26:39,498.2,150,129500
20240125,14:26:47,501.5,100,129500
20240125,14:26:57,502.3,750,129500
20240125,14:26:58,502.2,100,129500
20240125,14:27:07,504.0,150,129500
20240125,14:27:26,501.15,250,129500
20240125,14:28:34,500.9,100,131800
20240125,14:28:37,500.9,150,131800
20240125,14:29:50,505.2,50,131800
20240125,14:30:46,515.2,50,132100
20240125,14:31:05,514.65,250,132100
20240125,14:31:42,507.5,50,132100
20240125,14:32:01,508.9,200,132100
20240125,14:32:06,508.35,50,132100
20240125,14:32:29,504.25,50,132100
20240125,14:33:09,499.65,50,132100
20240125,14:35:19,501.3,100,132100
20240125,14:35:22,497.8,100,132100
20240125,14:35:49,495.5,100,132100
20240125,14:35:56,494.5,200,132100
20240125,14:36:31,491.85,50,132100
20240125,14:36:56,494.85,50,132100
20240125,14:37:13,495.6,100,132100
20240125,14:37:44,496.4,50,132100
20240125,14:39:09,485.55,150,132100
20240125,14:39:15,485.55,100,132100
20240125,14:39:22,489.05,100,132100
20240125,14:39:33,489.05,50,132100
20240125,14:39:40,487.05,100,132150
20240125,14:39:43,483.85,100,132150
20240125,14:40:30,483.85,50,132150
20240125,14:40:50,487.85,150,132150
20240125,14:41:51,489.85,50,132150
20240125,14:41:53,488.85,100,132150
20240125,14:42:05,488.5,50,132150
20240125,14:42:35,487.5,100,132150
20240125,14:42:43,486.5,100,132150
20240125,14:42:51,483.35,100,132150
20240125,14:43:15,483.35,100,132150
20240125,14:43:36,483.0,150,132150
20240125,14:44:00,483.0,450,132150
20240125,14:44:12,481.55,50,132150
20240125,14:45:23,481.55,50,132150
20240125,14:45:47,492.0,50,132200
20240125,14:46:14,498.25,50,132200
20240125,14:46:26,497.0,50,132200
20240125,14:46:36,496.05,100,132200
20240125,14:47:24,496.0,50,132200
20240125,14:49:23,492.15,250,132250
20240125,14:51:13,493.7,100,132250
20240125,14:52:27,491.45,50,132500
20240125,14:53:30,492.5,100,132500
20240125,14:54:16,498.0,50,132500
20240125,14:55:03,498.75,100,132600
20240125,14:56:58,498.9,50,132600
20240125,14:58:24,495.0,50,132500
20240125,14:58:26,496.0,50,132500
20240125,15:00:11,501.3,50,132500
20240125,15:00:26,501.85,50,132500
20240125,15:00:41,505.0,50,132600
20240125,15:00:49,509.45,50,132600
20240125,15:01:13,514.0,50,132600
20240125,15:01:16,514.65,50,132600
20240125,15:01:32,512.5,50,132600
20240125,15:01:34,515.2,150,132600
20240125,15:01:44,516.0,200,132600
20240125,15:01:57,516.0,1800,132600
20240125,15:02:02,518.0,750,132600
20240125,15:02:19,520.1,200,132600
20240125,15:02:25,518.25,50,132600
20240125,15:02:28,518.6,50,132600
20240125,15:02:40,515.95,50,132600
20240125,15:04:02,521.0,50,132750
20240125,15:04:14,523.6,50,132750
20240125,15:05:07,525.0,150,132750
20240125,15:06:10,530.0,200,132750
20240125,15:06:12,531.3,100,132750
20240125,15:07:34,534.35,50,132800
20240125,15:08:05,533.5,50,132800
20240125,15:08:27,537.0,1750,132800
20240125,15:09:55,537.05,50,132800
20240125,15:10:08,541.0,100,132800
20240125,15:11:22,536.8,50,132800
20240125,15:12:42,551.55,50,132900
20240125,15:12:45,555.0,50,132900
20240125,15:13:09,563.9,50,132900
20240125,15:13:41,561.65,350,132900
20240125,15:13:51,558.65,50,132900
20240125,15:14:38,549.25,50,132900
20240125,15:14:56,546.0,100,132900
20240125,15:15:12,548.1,50,132900
20240125,15:16:59,539.25,100,132850
20240125,15:17:27,543.2,50,132850
20240125,15:18:17,550.2,100,132850
20240125,15:18:48,548.7,50,132950
20240125,15:19:10,552.65,50,132950
20240125,15:19:15,555.8,50,132950
20240125,15:19:40,555.8,50,132950
20240125,15:19:42,555.8,100,132950
20240125,15:19:57,553.0,50,132950
20240125,15:20:20,558.05,50,132950
20240125,15:20:25,556.5,100,132950
20240125,15:20:27,557.9,150,132950
20240125,15:20:33,555.8,200,132950
20240125,15:20:53,554.4,50,132950
20240125,15:21:31,559.9,50,132950
20240125,15:21:36,562.8,200,132950
20240125,15:22:51,565.0,100,133000
20240125,15:23:05,564.0,100,133000
20240125,15:23:18,564.35,50,133000
20240125,15:23:46,562.0,50,133000
20240125,15:23:48,562.95,500,133000
20240125,15:23:53,560.0,50,133000
20240125,15:23:56,564.05,100,133000
20240125,15:24:20,559.45,50,133000
20240125,15:24:34,557.6,50,133000
20240125,15:24:58,561.15,50,132850
20240125,15:25:01,561.05,50,132850
20240125,15:25:03,561.95,50,132850
20240125,15:25:11,561.75,50,132850
20240125,15:25:19,562.15,50,132850
20240125,15:25:24,562.9,200,132850
20240125,15:25:29,562.6,50,132850
20240125,15:25:33,562.25,50,132850
20240125,15:25:34,563.3,150,132850
20240125,15:25:43,563.3,250,132850
20240125,15:25:44,565.5,50,132850
20240125,15:25:51,566.35,50,132850
20240125,15:25:54,567.75,100,132850
20240125,15:25:56,568.5,250,132850
20240125,15:26:08,569.25,600,132850
20240125,15:26:18,570.4,100,132850
20240125,15:26:19,570.15,250,132850
20240125,15:26:21,570.15,150,132850
20240125,15:26:26,570.9,50,132850
20240125,15:26:33,571.45,100,132850
20240125,15:26:54,575.0,100,132850
20240125,15:27:08,576.65,500,132850
20240125,15:27:31,578.5,50,132850
20240125,15:27:41,577.5,200,132850
20240125,15:27:43,579.3,150,133250
20240125,15:27:51,578.0,50,133250
20240125,15:28:01,577.75,50,133250
20240125,15:28:24,580.55,150,133250
20240125,15:28:28,578.4,100,133250
20240125,15:28:33,582.2,50,133250
20240125,15:28:35,582.1,100,133250
20240125,15:28:38,580.55,150,133250
20240125,15:28:40,580.5,100,133250
20240125,15:28:48,580.8,50,133250
20240125,15:29:06,573.25,50,133250
20240125,15:29:34,567.2,100,133250
20240129,09:15:19,659.5,1,133350
20240129,09:15:19,659.5,100,133350
20240129,09:15:21,666.85,50,133350
20240129,09:15:24,666.85,50,133350
20240129,09:15:31,665.05,100,133350
20240129,09:15:41,664.5,50,133350
20240129,09:15:45,667.45,100,133350
20240129,09:15:46,667.45,450,133350
20240129,09:15:50,668.0,50,133350
20240129,09:16:13,668.0,150,133350
20240129,09:16:15,652.4,100,133350
20240129,09:17:24,652.4,50,133050
20240129,09:17:32,657.5,100,133050
20240129,09:17:35,657.35,50,133050
20240129,09:17:40,657.4,50,133050
20240129,09:17:44,658.7,150,133050
20240129,09:17:54,651.7,50,133050
20240129,09:18:02,651.7,50,133050
20240129,09:18:07,649.45,1800,133050
20240129,09:18:14,649.45,200,133050
20240129,09:18:52,668.2,250,133050
20240129,09:19:36,668.3,50,133050
20240129,09:19:42,669.6,50,133050
20240129,09:19:44,669.6,50,133050
20240129,09:19:56,672.25,50,133050
20240129,09:19:57,673.9,50,133050
20240129,09:20:05,680.5,100,133050
20240129,09:20:05,680.5,50,133050
20240129,09:20:14,683.35,50,133000
20240129,09:20:24,691.85,50,133000
20240129,09:20:26,694.2,50,133000
20240129,09:20:30,694.2,500,133000
20240129,09:20:32,692.95,100,133000
20240129,09:20:39,695.0,150,133000
20240129,09:20:40,695.0,50,133000
20240129,09:20:41,696.4,100,133000
20240129,09:21:09,707.6,100,133000
20240129,09:21:14,711.95,100,133000
20240129,09:21:20,713.5,50,133000
20240129,09:21:21,717.1,50,133000
20240129,09:21:24,719.4,50,133000
20240129,09:21:26,719.4,100,133000
20240129,09:21:28,718.15,50,133000
20240129,09:22:02,707.65,50,133000
20240129,09:22:38,705.65,450,133000
20240129,09:22:54,705.6,50,133000
20240129,09:23:46,720.6,400,132850
20240129,09:24:01,726.5,50,132850
20240129,09:24:49,735.7,250,132850
20240129,09:24:50,735.4,850,132850
20240129,09:24:52,734.75,100,132850
20240129,09:24:53,734.55,50,132850
20240129,09:24:58,732.4,50,132850
20240129,09:25:14,751.0,50,132850
20240129,09:25:23,753.3,50,132850
20240129,09:26:12,753.3,200,132850
20240129,09:26:15,751.1,50,132850
20240129,09:26:46,755.9,50,132850
20240129,09:27:01,760.0,200,132850
20240129,09:27:04,760.0,450,132850
20240129,09:27:20,760.0,50,132850
20240129,09:27:39,746.7,50,132850
20240129,09:27:47,740.0,100,132850
20240129,09:28:11,737.8,50,132850
20240129,09:28:27,748.4,100,132850
20240129,09:28:44,758.15,650,132850
20240129,09:28:45,756.75,550,132850
20240129,09:29:15,746.8,450,133300
20240129,09:29:25,747.5,100,133300
20240129,09:30:02,755.5,450,133300
20240129,09:30:03,756.2,1350,133300
20240129,09:30:20,749.05,50,133300
20240129,09:30:47,747.1,50,133300
20240129,09:31:41,744.85,50,133300
20240129,09:32:17,734.5,50,133200
20240129,09:33:53,732.65,50,133200
20240129,09:33:59,740.25,150,133200
20240129,09:36:02,746.55,50,133200
20240129,09:36:09,741.0,100,133200
20240129,09:36:56,744.05,50,133200
20240129,09:37:04,741.0,50,133200
20240129,09:39:07,740.45,50,133250
20240129,09:39:17,742.2,100,133250
20240129,09:39:27,738.65,50,133250
20240129,09:39:39,742.0,50,133250
20240129,09:41:17,754.25,50,133250
20240129,09:41:39,766.1,150,133250
20240129,09:41:57,766.1,150,133250
20240129,09:42:20,754.25,50,133250
20240129,09:42:59,746.75,50,133250
20240129,09:46:47,755.35,50,133250
20240129,09:48:27,750.2,50,133250
20240129,09:48:38,747.4,50,133250
20240129,09:52:35,755.0,50,133250
20240129,09:54:16,748.75,50,133200
20240129,09:54:33,744.15,50,133200
20240129,09:54:42,747.55,50,133200
20240129,09:56:23,750.0,50,133200
20240129,09:57:37,766.5,150,133200
20240129,09:57:44,772.5,150,133200
20240129,09:58:52,792.9,50,133200
20240129,09:58:55,792.9,100,133200
20240129,10:00:08,823.5,500,133200
20240129,10:00:21,823.5,100,133200
20240129,10:00:36,819.4,50,133200
20240129,10:00:51,816.2,50,133200
20240129,10:05:00,806.0,50,132900
20240129,10:10:22,783.9,100,132950
20240129,10:11:07,794.9,100,132950
20240129,10:11:34,791.65,100,132750
20240129,10:19:11,802.0,50,132650
20240129,10:24:22,801.2,50,132700
20240129,10:26:39,816.2,50,132700
20240129,10:28:34,794.5,50,132700
20240129,10:36:22,806.0,50,132700
20240129,10:42:47,806.0,50,132700
20240129,10:44:04,798.45,50,132700
20240129,10:55:11,805.95,50,132600
20240129,10:57:18,816.2,200,132600
20240129,10:57:38,816.0,50,132600
20240129,10:58:00,814.95,100,132600
20240129,10:58:35,812.85,50,132600
20240129,11:01:49,817.15,50,132450
20240129,11:02:00,813.15,50,132450
20240129,11:04:50,817.8,50,132550
20240129,11:04:53,817.05,50,132550
20240129,11:04:57,817.85,50,132550
20240129,11:05:16,815.05,50,132550
20240129,11:05:28,813.25,50,132700
20240129,11:06:45,818.7,50,132700
20240129,11:06:49,825.0,50,132700
20240129,11:07:21,825.0,1000,132700
20240129,11:13:41,814.0,50,132700
20240129,11:14:49,811.0,50,132700
20240129,11:15:35,817.55,50,132700
20240129,11:19:45,776.3,50,132750
20240129,11:19:47,784.75,50,132750
20240129,11:21:00,793.35,50,132800
20240129,11:21:17,782.35,50,132800
20240129,11:22:03,772.25,200,132800
20240129,11:22:27,773.9,50,132800
20240129,11:22:40,773.9,50,132800
20240129,11:22:45,779.65,100,132800
20240129,11:39:57,806.45,50,132850
20240129,11:54:30,832.5,1000,132850
20240129,12:00:54,832.5,50,132850
20240129,12:11:58,828.0,50,132850
20240129,12:14:20,820.05,50,132850
20240129,12:20:30,831.45,50,132850
20240129,12:22:40,834.85,50,132850
20240129,12:24:19,834.9,150,132850
20240129,12:26:35,834.9,50,132850
20240129,12:27:15,823.0,50,132850
20240129,12:37:27,838.85,1800,132850
20240129,12:37:54,840.3,1800,132850
20240129,12:38:14,845.4,1800,132850
20240129,12:38:23,845.4,250,132850
20240129,12:38:34,844.8,1800,133200
20240129,12:38:53,844.7,1800,133200
20240129,12:39:18,849.9,600,133200
20240129,12:49:56,850.8,50,133200
20240129,12:50:12,851.75,50,133400
20240129,12:50:20,851.75,150,133400
20240129,12:50:28,853.45,50,133400
20240129,12:51:23,853.45,50,133250
20240129,12:51:24,851.7,50,133250
20240129,13:00:47,885.5,100,133250
20240129,13:00:49,885.5,50,133250
20240129,13:02:49,885.5,50,133250
20240129,13:04:29,873.25,50,133250
20240129,13:06:34,874.8,150,133200
20240129,13:07:31,867.0,150,133200
20240129,13:08:23,858.5,150,133200
20240129,13:09:23,862.1,50,133200
20240129,13:10:08,858.5,50,133200
20240129,13:18:56,854.4,100,133150
20240129,13:28:21,855.0,150,133100
20240129,13:33:42,856.4,50,133100
20240129,13:36:39,862.7,50,133050
20240129,13:43:39,863.75,50,133050
20240129,13:43:53,862.2,100,133050
20240129,13:46:39,852.85,50,133000
20240129,13:49:43,869.4,50,132950
20240129,13:49:50,876.1,150,132950
20240129,13:52:18,876.0,50,132950
20240129,13:59:51,880.5,50,132950
20240129,14:01:34,888.0,50,132950
20240129,14:10:01,888.0,50,132950
20240129,14:13:52,870.0,50,132950
20240129,14:14:14,861.75,250,132950
20240129,14:18:31,880.0,50,132750
20240129,14:20:15,872.35,100,132750
20240129,14:26:02,875.0,100,132750
20240129,14:30:19,868.7,350,132850
20240129,14:31:22,860.0,50,132850
20240129,14:36:03,870.0,100,132700
20240129,14:38:35,880.0,50,132700
20240129,14:39:55,887.7,100,132700
20240129,14:40:39,898.9,50,132700
20240129,14:40:43,900.0,50,132700
20240129,14:40:53,900.0,150,132700
20240129,14:42:41,894.0,200,132700
20240129,14:44:18,879.35,150,132700
20240129,14:54:03,892.95,50,132500
20240129,14:55:32,886.25,50,132500
20240129,14:55:38,886.25,350,132500
20240129,14:56:15,887.75,100,132500
20240129,14:58:26,859.5,50,132200
20240129,15:01:39,848.7,500,132200
20240129,15:02:03,848.7,50,132250
20240129,15:02:21,873.6,50,132250
20240129,15:02:25,883.0,50,132250
20240129,15:02:26,879.55,100,132250
20240129,15:02:27,880.4,50,132250
20240129,15:02:48,861.9,150,132250
20240129,15:03:17,861.9,50,132400
20240129,15:03:51,848.7,50,132400
20240129,15:05:03,848.7,50,132400
20240129,15:05:50,859.95,100,132400
20240129,15:06:06,861.6,50,132350
20240129,15:07:33,866.2,100,132350
20240129,15:07:58,871.05,50,132350
20240129,15:10:02,877.0,50,132300
20240129,15:10:06,884.5,50,132300
20240129,15:10:19,888.05,50,132300
20240129,15:11:08,867.0,150,132300
20240129,15:14:21,866.25,50,132300
20240129,15:14:30,866.0,50,132300
20240129,15:14:46,869.15,50,132300
20240129,15:18:25,864.95,250,132300
20240129,15:19:48,882.15,100,132300
20240129,15:19:51,881.3,50,132300
20240129,15:19:52,881.25,50,132300
20240129,15:20:57,890.2,50,132050
20240129,15:21:20,894.55,50,132050
20240129,15:22:04,902.7,1800,132050
20240129,15:22:13,902.7,50,132050
20240129,15:22:16,903.9,1800,132050
20240129,15:22:17,903.9,50,132050
20240129,15:22:20,899.85,50,132050
20240129,15:22:21,899.7,50,132050
20240129,15:22:22,901.65,500,132050
20240129,15:22:25,900.0,800,132050
20240129,15:22:27,903.7,800,132050
20240129,15:22:31,900.9,400,132050
20240129,15:22:35,902.3,1800,132050
20240129,15:22:36,903.55,1800,132050
20240129,15:22:37,903.4,1800,132050
20240129,15:22:38,904.5,1800,132050
20240129,15:22:39,908.65,3700,132050
20240129,15:23:00,905.3,50,132050
20240129,15:23:17,912.65,1800,132050
20240129,15:23:18,912.65,1800,132050
20240129,15:24:01,910.05,400,133550
20240129,15:24:21,905.9,100,133550
20240129,15:25:02,904.9,1800,133550
20240129,15:26:16,909.35,100,133550
20240129,15:26:20,910.35,50,133550
20240129,15:26:24,911.85,50,133550
20240129,15:26:25,911.85,50,133550
20240129,15:26:27,911.85,50,133550
20240129,15:26:30,911.6,100,133550
20240129,15:26:34,911.15,500,133550
20240129,15:26:50,911.55,400,133550
20240129,15:26:54,910.5,1800,133550
20240129,15:27:00,910.8,1800,132550
20240129,15:27:03,911.15,800,132550
20240129,15:27:08,909.35,1200,132550
20240129,15:27:12,909.45,1800,132550
20240129,15:27:24,910.95,50,132550
20240129,15:28:18,908.55,10800,132550
20240129,15:29:12,908.8,50,132550
20240129,15:29:13,907.85,100,132550
20240130,09:15:40,949.0,1,122350
20240130,09:15:40,949.0,50,122350
20240130,09:19:37,954.9,50,122300
20240130,09:28:14,954.9,50,122350
20240130,09:28:37,870.05,100,122350
20240130,09:29:33,870.05,100,122350
20240130,09:30:49,870.05,50,122350
20240130,09:30:51,896.4,50,122350
20240130,09:31:42,896.8,50,122350
20240130,09:50:22,888.75,50,122350
20240130,09:56:22,870.05,50,122300
20240130,09:56:24,864.3,50,122300
20240130,10:00:04,864.3,50,122250
20240130,10:00:05,901.3,50,122250
20240130,10:02:04,900.0,50,122250
20240130,10:05:20,913.0,200,122250
20240130,10:15:16,916.0,200,122200
20240130,10:16:13,904.65,200,122200
20240130,10:17:46,897.25,100,122200
20240130,10:23:20,882.0,50,122200
20240130,10:23:21,877.85,50,122200
20240130,10:23:32,888.0,50,122200
20240130,10:25:09,899.5,100,122200
20240130,10:33:43,858.6,50,122050
20240130,10:42:57,858.6,200,122050
20240130,10:43:47,862.35,50,122050
20240130,10:55:08,849.55,250,122050
20240130,11:00:58,854.95,50,121800
20240130,11:05:20,838.2,50,121800
20240130,11:06:02,831.6,150,121800
20240130,11:07:22,815.55,50,121800
20240130,11:36:27,815.55,100,121800
20240130,11:38:37,851.4,50,121700
20240130,11:49:30,839.85,50,121700
20240130,11:49:52,846.0,300,121700
20240130,11:52:42,848.7,150,121700
20240130,11:58:44,861.5,50,121700
20240130,11:59:40,870.1,50,121650
20240130,12:15:30,836.2,100,121650
20240130,12:23:00,849.4,50,121650
20240130,12:26:28,834.15,50,121650
20240130,12:42:47,829.75,50,121650
20240130,12:42:48,829.85,50,121650
20240130,12:47:23,814.45,100,121550
20240130,13:08:50,814.0,50,121550
20240130,13:13:25,813.35,100,121550
20240130,13:22:02,788.8,50,121550
20240130,13:27:29,788.8,150,121550
20240130,13:55:36,794.4,50,121400
20240130,13:58:33,797.05,50,121400
20240130,14:00:38,802.45,50,121350
20240130,14:16:47,785.25,50,121400
20240130,14:27:28,752.0,50,121350
20240130,14:30:17,727.9,150,121300
20240130,14:31:34,714.85,150,121300
20240130,14:32:08,708.4,150,121300
20240130,14:32:27,708.4,50,121300
20240130,14:33:53,710.4,50,121300
20240130,14:35:59,687.4,50,121300
20240130,14:36:12,681.0,100,121300
20240130,14:36:39,681.0,100,121300
20240130,14:38:28,698.15,50,121300
20240130,14:38:41,698.3,150,121300
20240130,14:44:00,698.3,50,121300
20240130,14:46:07,674.0,650,121150
20240130,14:49:36,674.0,100,120500
20240130,14:56:29,675.4,150,120400
20240130,14:59:08,676.25,300,120550
20240130,15:00:23,689.0,50,120550
20240130,15:00:26,694.0,150,120550
20240130,15:01:39,635.8,50,120550
20240130,15:02:06,634.2,50,120550
20240130,15:05:46,634.2,50,120450
20240130,15:06:05,639.9,50,120450
20240130,15:06:07,636.1,150,120450
20240130,15:06:25,638.8,600,120450
20240130,15:06:38,637.15,50,120450
20240130,15:06:59,635.95,650,120450
20240130,15:09:51,635.55,50,120400
20240130,15:11:02,641.05,350,120400
20240130,15:13:42,651.0,50,120400
20240130,15:14:35,660.45,50,120400
20240130,15:14:56,666.55,50,120400
20240130,15:14:57,666.05,50,120400
20240130,15:16:02,666.65,3600,120450
20240130,15:16:03,666.0,1800,120450
20240130,15:16:10,666.0,2300,120450
20240130,15:16:47,676.35,150,120450
20240130,15:16:57,676.0,3700,120450
20240130,15:17:17,682.75,50,120450
20240130,15:19:13,660.55,200,124350
20240130,15:19:28,659.9,150,124350
20240130,15:20:01,661.55,150,124350
20240130,15:23:08,677.0,3000,124350
20240130,15:23:25,671.3,50,124350
20240130,15:23:34,670.0,450,124350
20240130,15:23:47,668.0,50,124350
20240130,15:23:48,668.0,1300,124350
20240130,15:23:56,666.55,200,124350
20240130,15:25:01,668.7,100,129350
20240130,15:26:04,665.25,500,129350
20240130,15:26:10,667.7,50,129350
20240130,15:26:42,666.0,750,129350
20240130,15:27:12,663.35,50,129850
20240131,09:15:03,628.2,1,129850
20240131,09:15:03,628.2,100,129850
20240131,09:15:05,629.6,50,129850
20240131,09:15:06,629.6,50,129850
20240131,09:15:36,616.8,50,129850
20240131,09:15:41,625.4,50,129850
20240131,09:15:45,633.15,50,129850
20240131,09:15:53,633.15,50,129850
20240131,09:15:54,622.25,50,129850
20240131,09:16:00,618.35,50,129850
20240131,09:16:01,618.7,50,129850
20240131,09:16:02,621.9,50,129850
20240131,09:16:09,636.45,50,129850
20240131,09:16:11,636.45,50,129850
20240131,09:16:24,622.85,50,129850
20240131,09:16:30,629.5,50,129850
20240131,09:17:04,621.35,50,129850
20240131,09:17:33,618.0,50,129950
20240131,09:18:17,622.0,50,129950
20240131,09:19:20,633.5,50,129950
20240131,09:19:35,630.95,50,129950
20240131,09:19:36,631.6,900,129950
20240131,09:20:01,638.0,50,129950
20240131,09:20:34,638.0,50,130050
20240131,09:24:02,638.0,50,130100
20240131,09:24:24,630.25,50,130100
20240131,09:24:45,635.3,50,130100
20240131,09:24:58,630.0,1500,130100
20240131,09:25:48,646.65,50,130100
20240131,09:25:51,647.45,50,130100
20240131,09:26:02,647.45,50,130100
20240131,09:26:13,640.0,1600,130100
20240131,09:28:01,661.85,50,127000
20240131,09:29:45,676.0,50,127000
20240131,09:29:54,676.0,50,127000
20240131,09:29:55,676.0,50,127000
20240131,09:30:21,679.05,50,127000
20240131,09:34:57,693.7,100,126950
20240131,09:35:00,693.7,50,126950
20240131,09:36:02,706.45,50,126900
20240131,09:38:02,706.45,50,126900
20240131,09:40:22,684.9,50,127000
20240131,09:44:00,725.7,50,127000
20240131,09:45:07,730.9,300,127000
20240131,09:46:14,730.9,50,127000
20240131,10:04:53,708.4,50,126650
20240131,10:09:21,740.85,50,126650
20240131,10:11:53,740.85,50,126700
20240131,10:20:00,742.5,50,126750
20240131,10:23:57,744.55,500,126750
20240131,10:26:34,744.55,250,126750
20240131,10:27:10,750.85,1200,126750
20240131,10:27:36,750.85,200,126750
20240131,10:31:16,742.0,500,126850
20240131,10:31:40,747.0,500,126850
20240131,10:32:18,765.7,250,126850
20240131,10:32:29,770.0,500,125750
20240131,10:32:31,770.0,500,125750
20240131,10:33:25,772.0,1000,125750
20240131,10:33:46,775.0,1000,125750
20240131,10:51:19,775.0,50,122750
20240131,10:55:37,783.35,50,122750
20240131,10:57:57,783.35,100,122750
20240131,11:05:18,789.25,500,122650
20240131,11:06:02,800.45,50,123150
20240131,11:07:25,817.7,300,123150
20240131,11:20:04,817.7,900,122850
20240131,11:21:10,800.9,750,122850
20240131,11:26:09,805.25,450,122850
20240131,11:34:31,845.55,100,122850
20240131,11:34:39,845.95,50,122850
20240131,11:36:08,845.95,100,122750
20240131,11:37:17,840.4,50,122750
20240131,11:41:58,846.55,50,122650
20240131,11:43:43,846.55,50,122650
20240131,11:49:36,838.8,50,122650
20240131,11:53:28,850.0,50,122700
20240131,11:58:50,850.1,50,122700
20240131,12:00:50,850.1,50,122700
20240131,12:10:52,842.65,500,122650
20240131,12:17:02,830.0,50,122650
20240131,12:19:31,826.1,100,122650
20240131,12:26:12,842.2,50,122550
20240131,12:49:33,784.3,200,122550
20240131,12:50:39,781.4,100,122550
20240131,12:51:56,765.0,500,122550
20240131,12:56:57,776.75,200,122050
20240131,12:57:14,774.75,200,122050
20240131,13:22:28,822.7,50,122050
20240131,13:36:48,822.3,50,122000
20240131,13:37:04,821.7,150,122000
20240131,14:25:05,798.9,50,121850
20240131,14:39:15,813.8,50,121850
20240131,14:44:41,830.0,50,121850
20240131,14:57:28,808.0,200,121800
20240131,15:00:46,823.55,50,121600
20240131,15:01:23,822.2,50,121600
20240131,15:04:13,845.6,50,121600
20240131,15:05:12,849.0,50,121600
20240131,15:05:50,869.65,50,121600
20240131,15:05:51,870.3,50,121600
20240131,15:06:16,870.3,50,121600
20240131,15:07:21,850.2,100,121650
20240131,15:08:56,835.85,50,121650
20240131,15:08:57,835.3,50,121650
20240131,15:09:00,832.3,50,121650
20240131,15:14:17,837.65,100,121600
20240131,15:15:52,815.65,100,121600
20240131,15:23:20,824.45,50,121700
20240131,15:24:30,829.6,150,121700
20240131,15:25:12,827.7,50,121700
20240201,09:15:28,820.75,1,121500
20240201,09:15:28,820.75,50,121500
20240201,09:15:39,837.45,50,121500
20240201,09:15:56,837.45,50,121500
20240201,09:16:54,832.7,100,121500
20240201,09:17:27,824.75,50,121600
20240201,09:18:21,823.9,50,121600
20240201,09:20:41,814.7,50,121550
20240201,09:21:12,814.7,50,121550
20240201,09:23:11,830.3,1500,121550
20240201,09:23:17,832.6,50,121550
20240201,09:23:32,833.4,1500,121550
20240201,09:24:41,815.55,50,121550
20240201,09:24:47,816.1,300,121550
20240201,09:24:48,816.0,600,121550
20240201,09:24:50,815.55,1200,121550
20240201,09:24:51,814.55,300,121550
20240201,09:24:54,812.2,1500,121550
20240201,09:24:58,812.2,600,121550
20240201,09:25:13,810.45,1950,121550
20240201,09:25:16,810.45,600,121550
20240201,09:25:18,818.05,900,121550
20240201,09:25:20,810.85,1200,121550
20240201,09:25:44,816.6,600,121550
20240201,09:25:48,815.85,300,121550
20240201,09:25:50,812.3,600,121550
20240201,09:25:56,814.2,300,121550
20240201,09:26:03,816.7,300,121550
20240201,09:26:04,811.2,1950,121550
20240201,09:26:05,810.3,1850,121550
20240201,09:26:08,812.05,200,121550
20240201,09:26:09,807.35,600,121550
20240201,09:26:10,807.35,50,121550
20240201,09:26:17,811.5,1800,121550
20240201,09:26:22,809.0,1800,121550
20240201,09:26:24,805.6,300,121600
20240201,09:26:27,805.6,300,121600
20240201,09:26:33,815.85,600,121600
20240201,09:26:36,810.95,1500,121600
20240201,09:26:43,809.2,1800,121600
20240201,09:26:44,808.0,300,121600
20240201,09:26:45,809.45,900,121600
20240201,09:26:46,808.7,2400,121600
20240201,09:26:48,805.6,900,121600
20240201,09:26:51,808.35,450,121600
20240201,09:26:59,804.9,1000,121600
20240201,09:27:04,804.9,200,121600
20240201,09:27:05,807.0,1000,121600
20240201,09:27:08,803.15,650,121600
20240201,09:27:14,804.45,3300,121600
20240201,09:27:29,807.55,300,121600
20240201,09:27:36,807.45,600,121600
20240201,09:27:44,814.05,1750,121600
20240201,09:28:05,818.45,300,121600
20240201,09:28:13,818.8,2100,121600
20240201,09:28:14,817.65,300,121600
20240201,09:28:18,812.4,1200,121600
20240201,09:28:34,822.6,600,121600
20240201,09:28:43,832.6,600,121600
20240201,09:28:49,833.95,1800,121600
20240201,09:28:52,834.35,400,121600
20240201,09:28:53,833.45,600,121600
20240201,09:28:55,830.35,1050,121600
20240201,09:29:00,828.2,300,121600
20240201,09:29:03,826.15,1050,121600
20240201,09:29:07,831.05,300,121600
20240201,09:29:08,828.35,300,121600
20240201,09:29:11,825.85,300,121600
20240201,09:29:19,820.15,1150,121600
20240201,09:30:38,805.55,1800,122350
20240201,09:30:52,810.35,300,122350
20240201,09:30:55,815.65,650,122350
20240201,09:30:57,817.8,350,122350
20240201,09:31:10,804.95,1200,122350
20240201,09:31:40,803.95,150,122350
20240201,09:31:43,796.75,300,122350
20240201,09:33:26,796.75,650,123100
20240201,09:35:21,829.0,150,123100
20240201,09:35:27,823.9,50,123350
20240201,09:35:31,831.65,400,123350
20240201,09:35:35,831.3,300,123350
20240201,09:35:38,821.85,200,123350
20240201,09:35:40,821.45,300,123350
20240201,09:35:41,818.35,1200,123350
20240201,09:35:51,817.3,50,123350
20240201,09:35:57,814.8,900,123350
20240201,09:35:58,813.6,50,123350
20240201,09:36:02,814.35,100,123350
20240201,09:36:26,804.0,300,123350
20240201,09:36:31,810.55,250,123350
20240201,09:37:09,803.45,450,123350
20240201,09:37:10,800.8,1050,123350
20240201,09:37:12,806.35,750,123350
20240201,09:37:14,803.35,3400,123350
20240201,09:37:15,801.0,700,123350
20240201,09:37:16,800.0,950,123350
20240201,09:37:17,797.55,1100,123350
20240201,09:37:19,800.3,500,123350
20240201,09:37:31,805.45,200,123350
20240201,09:37:35,802.3,4250,123350
20240201,09:37:38,804.75,500,123350
20240201,09:37:41,805.9,100,123350
20240201,09:37:44,805.5,150,123350
20240201,09:37:46,809.5,600,123350
20240201,09:37:47,809.1,300,123350
20240201,09:37:52,802.8,350,123350
20240201,09:37:55,800.3,450,123350
20240201,09:37:56,799.65,50,123350
20240201,09:37:59,800.2,450,123350
20240201,09:38:00,799.1,1800,123350
20240201,09:38:01,799.35,300,123350
20240201,09:38:02,797.65,2250,123350
20240201,09:38:17,800.8,50,123350
20240201,09:38:20,799.85,300,123350
20240201,09:38:31,794.7,600,126500
20240201,09:38:45,794.7,100,126500
20240201,09:39:03,796.7,50,126500
20240201,09:39:20,796.8,300,126500
20240201,09:39:21,798.55,300,126500
20240201,09:39:29,805.0,50,126500
20240201,09:39:32,796.45,350,126500
20240201,09:39:36,795.65,300,126500
20240201,09:39:37,793.85,1200,126500
20240201,09:39:43,789.8,300,126500
20240201,09:39:45,785.9,650,126500
20240201,09:39:51,785.9,300,126500
20240201,09:39:54,788.35,50,126500
20240201,09:39:55,786.05,100,126500
20240201,09:40:00,785.45,900,126500
20240201,09:40:06,785.45,300,126500
20240201,09:40:14,794.35,1050,126500
20240201,09:40:17,795.75,300,126500
20240201,09:40:19,796.1,50,126500
20240201,09:40:29,806.75,300,126500
20240201,09:40:30,807.25,50,126500
20240201,09:40:38,806.85,1900,126500
20240201,09:40:39,805.6,100,126500
20240201,09:40:41,807.2,300,126500
20240201,09:40:44,811.95,300,126500
20240201,09:40:53,824.15,50,126500
20240201,09:40:54,826.35,550,126500
20240201,09:40:57,821.7,1200,126500
20240201,09:40:58,819.4,50,126500
20240201,09:40:59,820.75,50,126500
20240201,09:41:00,818.05,2100,126500
20240201,09:41:01,816.1,600,126500
20240201,09:41:02,815.95,2850,126500
20240201,09:41:11,819.5,100,126500
20240201,09:41:12,821.6,300,126500
20240201,09:41:13,821.8,50,126500
20240201,09:41:18,820.55,1800,126500
20240201,09:41:21,822.2,50,126500
20240201,09:41:23,821.15,3600,126500
20240201,09:41:25,818.85,100,134200
20240201,09:41:28,822.75,200,134200
20240201,09:41:38,820.9,1350,134200
20240201,09:41:41,820.1,100,134200
20240201,09:41:46,820.0,300,134200
20240201,09:41:47,818.7,950,134200
20240201,09:41:51,820.1,300,134200
20240201,09:42:08,824.1,100,134200
20240201,09:42:14,817.5,50,134200
20240201,09:42:19,812.9,900,134200
20240201,09:42:21,819.35,450,134200
20240201,09:42:24,821.8,1150,134200
20240201,09:42:34,822.1,50,134200
20240201,09:42:39,824.65,300,134200
20240201,09:42:42,825.3,100,134200
20240201,09:42:54,824.9,50,134200
20240201,09:43:01,825.2,2700,134200
20240201,09:43:05,825.1,50,134200
20240201,09:43:08,823.55,400,134200
20240201,09:43:13,821.6,100,134200
20240201,09:43:14,823.6,650,134200
20240201,09:43:19,824.5,450,134200
20240201,09:43:27,821.6,250,134200
20240201,09:43:29,820.05,50,134200
20240201,09:43:29,819.15,50,134200
20240201,09:43:30,818.25,200,134200
20240201,09:43:33,820.8,50,134200
20240201,09:43:42,818.5,50,134200
20240201,09:43:53,820.1,50,134200
20240201,09:43:55,819.8,400,134200
20240201,09:44:02,817.9,50,134200
20240201,09:44:05,821.7,350,134200
20240201,09:44:07,818.15,100,134200
20240201,09:44:12,816.6,150,134200
20240201,09:44:28,821.6,50,138900
20240201,09:44:35,822.6,50,138900
20240201,09:44:43,824.7,300,138900
20240201,09:44:53,826.15,50,138900
20240201,09:44:54,826.25,300,138900
20240201,09:44:55,826.05,50,138900
20240201,09:44:56,824.65,350,138900
20240201,09:44:59,823.4,50,138900
20240201,09:45:04,832.95,100,138900
20240201,09:45:05,830.65,150,138900
20240201,09:45:06,829.65,350,138900
20240201,09:45:10,825.75,50,138900
20240201,09:45:18,825.5,100,138900
20240201,09:45:32,830.15,100,138900
20240201,09:45:35,829.9,50,138900
20240201,09:45:44,828.9,50,138900
20240201,09:45:51,831.0,350,138900
20240201,09:45:54,832.25,50,138900
20240201,09:46:03,842.95,50,138900
20240201,09:46:04,844.05,50,138900
20240201,09:46:05,847.55,500,138900
20240201,09:46:07,847.55,100,138900
20240201,09:46:08,838.85,100,138900
20240201,09:46:09,837.45,100,138900
20240201,09:46:12,840.05,50,138900
20240201,09:46:15,841.85,100,138900
20240201,09:46:24,842.55,450,138900
20240201,09:46:25,841.4,50,138900
20240201,09:46:27,840.15,100,138900
20240201,09:47:00,841.05,300,138900
20240201,09:48:03,825.05,300,141050
20240201,09:48:07,822.35,300,141050
20240201,09:48:12,829.3,200,141050
20240201,09:48:53,837.2,300,141050
20240201,09:48:59,839.15,1200,141050
20240201,09:49:44,832.8,50,141050
20240201,09:49:56,828.3,300,141050
20240201,09:50:04,825.05,600,141050
20240201,09:50:28,832.8,300,143950
20240201,09:51:14,840.65,50,143950
20240201,09:51:15,837.0,400,143950
20240201,09:51:28,833.15,300,143950
20240201,09:51:42,834.35,250,143950
20240201,09:51:53,832.9,150,143950
20240201,09:52:57,835.2,300,143950
20240201,09:53:23,831.65,300,143950
20240201,09:54:28,839.9,6300,145100
20240201,09:54:48,836.7,1000,145100
20240201,09:54:58,835.25,900,145100
20240201,09:55:02,834.55,300,145100
20240201,09:55:03,832.35,400,145100
20240201,09:55:07,829.55,50,145100
20240201,09:55:11,826.95,100,145100
20240201,09:55:12,827.8,600,145100
20240201,09:55:58,839.3,100,145100
20240201,09:56:01,836.95,900,145100
20240201,09:56:06,833.9,200,145100
20240201,10:00:46,849.2,100,153500
20240201,10:00:47,849.85,50,153500
20240201,10:00:49,849.85,100,153500
20240201,10:01:37,836.95,200,153500
20240201,10:01:39,833.6,100,153500
20240201,10:01:44,833.95,100,153500
20240201,10:05:02,827.05,50,153000
20240201,10:05:03,826.85,100,153000
20240201,10:05:27,833.0,50,153000
20240201,10:05:38,835.65,50,152900
20240201,10:06:04,840.6,50,152900
20240201,10:06:08,841.35,50,152900
20240201,10:06:17,841.7,50,152900
20240201,10:06:30,841.75,50,152900
20240201,10:07:00,844.0,50,152900
20240201,10:07:10,844.6,50,152900
20240201,10:07:19,842.9,50,152900
20240201,10:07:46,847.25,100,152900
20240201,10:07:51,856.6,50,152900
20240201,10:07:53,858.8,50,152900
20240201,10:07:55,860.8,50,152900
20240201,10:08:05,860.8,50,152900
20240201,10:08:08,856.4,250,152900
20240201,10:08:14,873.25,600,152900
20240201,10:08:15,873.25,1100,152900
20240201,10:08:17,881.0,50,152900
20240201,10:08:38,881.0,50,151800
20240201,10:08:58,878.0,200,151800
20240201,10:09:14,876.25,50,151800
20240201,10:10:02,876.3,50,151800
20240201,10:10:59,867.2,50,151800
20240201,10:11:36,867.4,50,151800
20240201,10:12:33,882.35,50,151750
20240201,10:15:25,882.35,100,151750
20240201,10:16:33,859.55,150,151750
20240201,10:16:47,855.1,50,151750
20240201,10:25:36,868.1,50,151750
20240201,10:29:40,885.9,50,151700
20240201,10:30:18,885.9,50,151700
20240201,10:30:22,877.6,50,151700
20240201,10:30:32,883.0,50,151700
20240201,10:31:54,877.25,150,151700
20240201,10:33:58,876.25,200,151450
20240201,10:36:19,880.1,100,151450
20240201,10:36:52,883.6,50,151450
20240201,10:38:04,879.0,50,151450
20240201,10:42:46,870.6,50,151350
20240201,10:44:55,871.35,50,151350
20240201,10:44:56,870.65,250,151350
20240201,10:50:50,877.6,100,151300
20240201,10:51:18,870.0,50,151300
20240201,10:53:05,875.85,50,151300
20240201,10:56:25,891.35,22500,151300
20240201,10:56:58,891.35,50,171450
20240201,10:57:15,870.0,50,171450
20240201,10:57:17,865.0,50,171450
20240201,10:57:20,860.0,50,171450
20240201,10:57:26,869.05,22200,171450
20240201,10:57:27,869.05,300,171450
20240201,10:57:52,869.55,50,171450
20240201,10:57:57,875.0,2250,171450
20240201,10:57:58,875.0,3450,171450
20240201,10:58:00,880.05,3850,171450
20240201,10:58:08,886.6,12950,171450
20240201,10:59:51,889.9,50,215450
20240201,11:02:27,909.55,1300,215450
20240201,11:02:36,912.85,50,215450
20240201,11:02:46,925.95,200,215450
20240201,11:03:09,933.3,50,215450
20240201,11:04:59,933.3,50,215450
20240201,11:05:38,900.0,50,215450
20240201,11:06:39,890.0,100,215450
20240201,11:06:41,885.0,50,215450
20240201,11:06:43,880.0,50,215450
20240201,11:06:51,882.3,50,215450
20240201,11:06:56,870.0,100,215450
20240201,11:06:57,865.25,100,215450
20240201,11:07:00,860.0,50,215450
20240201,11:07:01,850.95,100,215450
20240201,11:07:02,854.45,200,215450
20240201,11:07:05,851.65,50,215450
20240201,11:07:10,860.25,100,215450
20240201,11:07:12,870.4,50,215450
20240201,11:07:23,870.55,50,215450
20240201,11:07:33,867.4,100,215450
20240201,11:08:08,895.55,50,215450
20240201,11:12:25,885.0,50,215500
20240201,11:12:26,880.0,50,215500
20240201,11:12:48,875.0,50,215500
20240201,11:12:53,873.8,50,215500
20240201,11:13:05,881.3,50,215500
20240201,11:15:41,875.0,50,215450
20240201,11:16:16,868.95,150,215450
20240201,11:16:19,865.0,50,215450
20240201,11:16:39,860.0,50,215450
20240201,11:16:43,855.0,50,215450
20240201,11:16:45,850.0,100,215450
20240201,11:16:46,835.9,250,215450
20240201,11:16:48,821.25,2900,215450
20240201,11:16:49,806.8,1500,215450
20240201,11:16:50,800.65,1800,215450
20240201,11:17:06,800.0,50,215450
20240201,11:17:08,795.0,50,215450
20240201,11:17:11,772.8,50,215450
20240201,11:17:28,756.55,50,215450
20240201,11:17:45,756.55,50,215500
20240201,11:17:50,775.15,50,215500
20240201,11:18:11,788.35,50,215500
20240201,11:18:14,799.35,50,215500
20240201,11:18:22,793.0,50,215500
20240201,11:18:23,802.15,50,215500
20240201,11:18:48,825.15,50,215500
20240201,11:19:09,831.5,50,215500
20240201,11:19:28,820.8,100,215500
20240201,11:23:28,829.1,150,215400
20240201,11:25:10,830.15,150,215400
20240201,11:26:31,838.15,150,215400
20240201,11:27:24,837.05,150,215400
20240201,11:27:31,836.75,150,215400
20240201,11:27:41,839.2,150,215400
20240201,11:32:59,839.55,300,215400
20240201,11:35:48,831.25,50,215400
20240201,11:36:08,835.35,50,215400
20240201,11:37:52,859.9,50,215400
20240201,11:37:54,862.8,50,215400
20240201,11:38:14,850.25,50,215400
20240201,11:41:19,844.5,50,215450
20240201,11:47:53,844.95,100,215450
20240201,11:48:36,841.0,50,215450
20240201,11:49:36,848.9,50,215450
20240201,11:50:20,857.0,50,215450
20240201,11:51:30,860.65,750,215350
20240201,11:53:55,873.4,200,215350
20240201,11:56:28,829.15,50,215350
20240201,11:56:30,835.15,100,215350
20240201,11:56:31,832.0,50,215350
20240201,11:56:42,827.5,50,215350
20240201,11:56:49,835.5,100,215400
20240201,11:57:56,830.0,50,215400
20240201,11:58:26,808.25,300,215400
20240201,11:58:31,792.95,450,215400
20240201,11:58:40,808.2,100,215400
20240201,11:59:09,825.75,50,215400
20240201,12:02:44,796.65,50,215400
20240201,12:03:12,784.4,300,215400
20240201,12:03:15,783.95,600,215400
20240201,12:03:19,769.95,900,215400
20240201,12:03:20,770.8,17300,215400
20240201,12:03:21,770.0,21300,215400
20240201,12:03:22,770.6,4700,215400
20240201,12:03:27,770.75,50,215400
20240201,12:03:28,774.0,50,215400
20240201,12:03:32,769.3,100,215400
20240201,12:03:33,762.45,1950,215400
20240201,12:03:38,765.0,21150,215400
20240201,12:03:39,765.25,1350,215400
20240201,12:04:03,769.9,50,215400
20240201,12:04:17,784.35,50,215400
20240201,12:04:19,783.1,100,215400
20240201,12:04:32,780.95,150,215400
20240201,12:05:00,794.65,50,215400
20240201,12:05:32,813.55,50,215400
20240201,12:05:33,805.6,100,215400
20240201,12:05:40,814.15,50,215400
20240201,12:06:03,817.6,50,160250
20240201,12:06:36,819.7,50,160250
20240201,12:06:45,825.1,50,160250
20240201,12:06:47,829.9,50,160250
20240201,12:07:28,848.85,50,160250
20240201,12:09:58,850.65,50,160250
20240201,12:10:10,850.2,50,160250
20240201,12:10:15,848.0,250,160250
20240201,12:12:31,858.0,100,160000
20240201,12:12:46,857.55,50,160000
20240201,12:14:40,833.2,50,160000
20240201,12:17:39,834.55,100,159850
20240201,12:18:34,824.6,250,159750
20240201,12:22:33,815.1,1800,159500
20240201,12:23:01,797.05,1800,159500
20240201,12:23:17,803.3,350,159500
20240201,12:24:20,816.7,500,158350
20240201,12:24:27,817.7,50,158350
20240201,12:25:16,819.7,100,158350
20240201,12:31:22,807.0,50,157700
20240201,12:34:16,824.0,200,157700
20240201,12:37:12,827.95,100,157500
20240201,12:37:56,834.8,50,157500
20240201,12:41:41,830.25,50,157350
20240201,12:47:30,843.65,100,157300
20240201,12:47:32,842.4,50,157300
20240201,12:49:59,857.8,50,157350
20240201,12:50:26,849.7,50,157350
20240201,12:52:09,841.6,150,157350
20240201,12:54:04,851.0,50,157300
20240201,12:56:39,841.6,200,157150
20240201,13:00:14,832.0,1000,156950
20240201,13:01:18,811.1,50,156950
20240201,13:02:00,820.4,50,156950
20240201,13:02:50,827.85,50,156950
20240201,13:02:56,829.25,50,155900
20240201,13:03:55,831.9,100,155900
20240201,13:06:39,829.9,350,155700
20240201,13:07:53,825.0,50,155700
20240201,13:13:32,831.3,100,155300
20240201,13:13:58,825.3,100,155300
20240201,13:20:00,803.9,50,155200
20240201,13:20:21,812.4,50,155200
20240201,13:21:49,810.1,50,155250
20240201,13:27:09,806.1,50,155200
20240201,13:27:19,808.4,50,155200
20240201,13:28:24,799.85,50,155200
20240201,13:28:42,784.7,200,155200
20240201,13:28:43,782.8,50,155200
20240201,13:29:40,802.15,50,155200
20240201,13:31:05,797.25,50,155000
20240201,13:31:35,782.15,50,155000
20240201,13:32:00,790.65,50,155000
20240201,13:32:35,788.0,50,155000
20240201,13:33:07,786.0,50,154800
20240201,13:33:09,784.6,150,154800
20240201,13:33:15,780.0,100,154800
20240201,13:33:36,789.1,50,154800
20240201,13:33:51,783.1,50,154800
20240201,13:33:52,782.95,50,154800
20240201,13:34:27,790.25,100,154800
20240201,13:35:05,792.0,4250,154800
20240201,13:35:06,792.0,18250,154800
20240201,13:35:10,794.3,100,154800
20240201,13:35:12,792.0,4100,154800
20240201,13:35:26,790.0,3050,154800
20240201,13:35:27,790.05,22850,154800
20240201,13:37:49,793.0,7900,121650
20240201,13:37:51,793.0,1150,121650
20240201,13:37:56,793.0,1850,121650
20240201,13:37:57,792.55,4100,121650
20240201,13:38:08,795.5,50,121650
20240201,13:38:17,798.7,150,121650
20240201,13:38:19,797.1,150,121650
20240201,13:38:20,796.0,150,121650
20240201,13:38:25,793.65,100,121650
20240201,13:38:26,793.75,50,121650
20240201,13:38:47,789.95,1700,121650
20240201,13:38:50,790.0,7400,121650
20240201,13:38:51,790.0,4000,121650
20240201,13:38:51,790.0,1850,121650
20240201,13:38:52,789.8,5950,121650
20240201,13:38:53,790.0,2050,121650
20240201,13:38:56,791.2,450,121650
20240201,13:38:57,790.7,450,121650
20240201,13:38:58,789.4,450,131200
20240201,13:39:03,790.3,300,131200
20240201,13:39:05,791.35,100,131200
20240201,13:39:38,787.0,11250,131200
20240201,13:40:34,787.0,18400,131200
20240201,13:40:34,786.95,550,131200
20240201,13:40:35,787.0,14800,131200
20240201,13:42:31,813.3,50,116550
20240201,13:42:33,808.25,100,116550
20240201,13:42:36,807.8,100,116550
20240201,13:42:42,809.85,100,116550
20240201,13:42:44,807.05,100,116550
20240201,13:47:33,812.9,4000,116500
20240201,13:50:25,813.7,350,112550
20240201,13:51:05,809.15,50,112200
20240201,13:56:40,802.0,300,112150
20240201,14:05:19,811.0,1000,111850
20240201,14:05:31,808.0,1000,111850
20240201,14:05:54,803.0,1000,111850
20240201,14:05:55,802.0,1000,111850
20240201,14:06:20,803.65,50,107850
20240201,14:13:00,823.25,50,107850
20240201,14:13:24,822.05,200,107800
20240201,14:15:09,816.0,50,107550
20240201,14:16:19,805.3,150,107550
20240201,14:17:35,810.0,150,107550
20240201,14:18:21,807.2,150,107200
20240201,14:18:50,805.15,100,107200
20240201,14:19:21,806.7,50,107200
20240201,14:20:01,810.0,50,107200
20240201,14:21:30,804.85,50,106850
20240201,14:21:51,806.8,50,106850
20240201,14:23:32,808.2,50,106850
20240201,14:23:48,809.55,50,106850
20240201,14:25:08,816.35,50,106700
20240201,14:28:41,817.65,50,106650
20240201,14:30:41,816.25,50,106650
20240201,14:37:45,812.15,50,106600
20240201,14:38:10,809.15,250,106600
20240201,14:44:47,792.8,50,106300
20240201,14:46:53,802.55,50,106250
20240201,14:49:14,808.05,50,106250
20240201,14:50:55,820.85,200,106200
20240201,14:51:43,819.0,50,106200
20240201,14:53:23,811.1,100,106200
20240201,14:56:18,829.45,100,106100
20240201,14:57:58,822.6,50,106200
20240201,14:58:03,823.85,50,106200
20240201,14:58:35,821.25,50,106200
20240201,15:00:12,812.0,200,106050
20240201,15:01:12,812.15,50,106050
20240201,15:01:25,811.5,50,106050
20240201,15:02:22,806.55,50,106050
20240201,15:02:24,805.6,250,106050
20240201,15:03:04,800.0,250,106050
20240201,15:03:59,809.8,100,105450
20240201,15:06:05,800.8,50,105450
20240201,15:06:09,801.35,50,105450
20240201,15:06:17,798.9,50,105100
20240201,15:06:24,799.1,50,105100
20240201,15:07:39,799.4,50,105100
20240201,15:07:39,798.7,150,105100
20240201,15:07:41,800.55,50,105100
20240201,15:08:45,802.55,50,105100
20240201,15:08:52,803.5,100,105100
20240201,15:09:24,799.95,50,104850
20240201,15:10:14,802.3,100,104850
20240201,15:14:08,798.85,1000,104800
20240201,15:14:47,795.0,200,104800
20240201,15:14:48,795.0,350,104800
20240201,15:15:54,791.2,50,103400
20240201,15:16:39,794.55,50,103400
20240201,15:16:56,796.8,50,103400
20240201,15:17:09,800.0,50,103400
20240201,15:17:15,798.75,100,103400
20240201,15:17:20,797.6,50,103400
20240201,15:17:33,798.75,100,103400
20240201,15:18:15,797.0,200,103200
20240201,15:19:59,798.95,50,103200
20240201,15:22:41,798.2,100,103000
20240201,15:22:43,798.2,100,103000
20240201,15:23:17,798.8,100,103000
20240201,15:24:50,799.4,50,103000
20240201,15:25:33,798.0,100,103000
20240201,15:26:23,798.2,100,103000
20240201,15:26:41,797.1,100,103000
20240201,15:26:42,797.85,100,103000
20240201,15:26:43,797.85,100,103000
20240201,15:26:47,797.55,100,103000
20240201,15:26:50,798.25,100,103000
20240201,15:27:21,798.05,100,102850
20240201,15:29:45,798.15,50,102850
