date,time,tick_price,volume,open_interest
20240130,12:17:44,3.05,50,100
20240130,12:19:08,3.05,50,100
20240130,13:22:04,4.8,950,100
20240130,13:22:15,4.8,650,100
20240130,13:23:27,4.65,50,100
20240130,13:24:25,4.65,100,1750
20240130,13:25:01,4.65,250,1750
20240130,13:30:42,4.45,50,1500
20240130,13:30:59,4.4,50,1500
20240130,13:35:06,4.45,50,1400
20240130,13:35:40,4.2,650,1400
20240130,13:36:25,4.2,50,1400
20240130,13:36:31,4.2,50,1050
20240130,13:36:36,4.2,50,1050
20240130,13:36:41,4.2,50,1050
20240130,13:36:53,4.2,50,1050
20240130,13:37:12,4.2,50,1050
20240130,13:37:24,4.05,150,1050
20240130,13:43:08,4.2,50,1200
20240130,13:43:22,4.2,50,1200
20240130,13:43:28,4.2,50,1200
20240130,13:43:34,4.2,50,1200
20240130,13:46:16,4.2,250,1400
20240130,13:46:23,4.15,100,1400
20240130,13:46:45,4.2,50,1400
20240130,13:58:35,4.3,50,1800
20240130,14:10:13,4.25,150,1850
20240130,14:16:11,4.3,50,1850
20240130,14:21:41,4.3,50,1900
20240130,14:25:21,4.4,100,1900
20240130,14:30:25,5.45,850,1900
20240130,14:31:03,4.4,200,1900
20240130,14:31:31,4.5,150,1900
20240130,14:31:52,4.5,250,1900
20240130,14:32:25,4.45,50,1900
20240130,14:33:05,4.45,100,2300
20240130,14:33:14,4.45,50,2300
20240130,14:33:24,4.4,100,2300
20240130,14:34:12,4.4,150,2300
20240130,14:34:22,4.4,550,2300
20240130,14:34:49,4.3,350,2300
20240130,14:34:58,4.3,100,2300
20240130,14:35:26,4.3,550,2300
20240130,14:36:09,4.5,100,3600
20240130,14:37:30,4.4,100,3600
20240130,14:37:41,4.3,250,3600
20240130,14:37:51,4.35,50,3600
20240130,14:38:01,4.3,200,3600
20240130,14:38:20,4.4,300,3600
20240130,14:40:12,4.2,50,4200
20240130,14:41:20,4.2,100,4200
20240130,14:42:42,4.3,50,4250
20240130,14:42:59,4.1,150,4250
20240130,14:44:07,4.05,150,4250
20240130,14:44:16,4.0,150,4250
20240130,14:44:25,4.05,100,4250
20240130,14:45:01,4.1,100,4400
20240130,14:45:55,4.15,150,4400
20240130,14:46:13,4.1,300,4400
20240130,14:46:51,4.05,50,4400
20240130,14:47:30,3.85,100,4400
20240130,14:47:41,3.65,600,4400
20240130,14:48:47,3.75,150,3950
20240130,14:49:07,3.8,100,3950
20240130,14:50:53,3.8,300,3950
20240130,14:51:14,3.85,100,4350
20240130,14:53:21,4.05,150,4350
20240130,14:53:49,4.0,450,4350
20240130,14:54:09,3.7,250,4350
20240130,14:55:45,3.75,50,4350
20240130,14:56:05,3.7,200,4350
20240130,14:56:15,3.6,250,4350
20240130,14:56:35,3.55,500,4350
20240130,14:57:20,3.55,250,4750
20240130,14:58:07,3.5,10050,4750
20240130,14:58:16,3.45,4950,4750
20240130,14:58:42,3.45,50,4750
20240130,14:58:51,3.45,50,4750
20240130,14:58:59,3.4,300,4750
20240130,14:59:26,3.4,50,4750
20240130,15:00:22,3.35,50,19950
20240130,15:01:04,3.3,100,19950
20240130,15:01:15,3.4,100,19950
20240130,15:01:27,3.4,900,19950
20240130,15:02:18,3.45,50,19950
20240130,15:02:54,3.4,400,19950
20240130,15:03:04,3.4,200,19950
20240130,15:03:25,3.3,200,19350
20240130,15:03:35,3.35,350,19350
20240130,15:03:46,3.3,50,19350
20240130,15:06:26,3.3,50,19150
20240130,15:06:35,3.35,200,19150
20240130,15:06:44,3.35,400,19150
20240130,15:07:31,3.35,50,19150
20240130,15:10:23,3.65,150,18950
20240130,15:10:42,3.45,1050,18950
20240130,15:11:33,3.4,100,18950
20240130,15:11:42,3.4,50,18950
20240130,15:13:43,3.4,200,18500
20240130,15:13:53,3.4,900,18500
20240130,15:14:44,3.3,450,18500
20240130,15:15:36,3.3,500,19050
20240130,15:15:45,3.3,300,19050
20240130,15:16:04,3.2,850,19050
20240130,15:16:14,3.2,50,19050
20240130,15:16:24,3.2,50,19050
20240130,15:18:04,3.1,750,19050
20240130,15:18:42,3.25,50,20150
20240130,15:19:01,3.2,100,20150
20240130,15:19:30,3.3,50,20150
20240130,15:20:07,3.2,100,20150
20240130,15:20:17,3.25,50,20150
20240130,15:20:36,3.25,100,20150
20240130,15:21:25,3.2,100,20250
20240130,15:22:44,3.25,1250,20250
20240130,15:25:31,3.2,50,20200
20240130,15:26:01,3.15,50,20200
20240130,15:28:23,3.05,750,20200
20240130,15:28:33,3.15,700,20200
20240130,15:28:52,3.2,500,20200
20240130,15:29:32,3.35,900,20200
20240131,09:15:35,3.4,1,19900
20240131,09:15:35,3.95,1,19900
20240131,09:15:35,2.45,1,19900
20240131,09:15:35,3.85,1500,19900
20240131,09:16:10,3.85,500,19900
20240131,09:16:18,3.95,50,19900
20240131,09:16:26,3.95,200,19900
20240131,09:16:35,3.95,300,19900
20240131,09:17:16,4.0,300,19900
20240131,09:17:25,4.0,50,19900
20240131,09:17:47,4.1,1050,19600
20240131,09:17:57,4.0,1100,19600
20240131,09:18:09,4.0,900,19600
20240131,09:18:16,3.95,200,19600
20240131,09:19:16,3.9,700,19600
20240131,09:19:23,3.95,150,19600
20240131,09:19:29,3.9,150,19600
20240131,09:19:49,3.95,100,19600
20240131,09:20:02,3.85,1000,19600
20240131,09:20:24,3.9,200,20650
20240131,09:21:29,3.85,100,20650
20240131,09:22:13,3.85,400,20650
20240131,09:23:09,3.85,200,20650
20240131,09:23:24,3.85,250,20650
20240131,09:23:58,3.8,250,20650
20240131,09:25:06,3.8,50,20650
20240131,09:25:18,3.85,50,20650
20240131,09:25:31,3.75,500,20650
20240131,09:26:01,3.75,50,20650
20240131,09:26:09,3.75,700,20650
20240131,09:26:16,3.7,150,20650
20240131,09:26:37,3.7,250,21650
20240131,09:26:52,3.7,100,21650
20240131,09:27:06,3.7,100,21650
20240131,09:27:33,3.7,1000,21650
20240131,09:27:40,3.7,550,21650
20240131,09:27:49,3.7,400,21650
20240131,09:27:57,3.75,50,21650
20240131,09:28:06,3.75,300,21650
20240131,09:28:19,3.7,200,21650
20240131,09:28:41,3.7,150,21650
20240131,09:28:48,3.7,100,21650
20240131,09:28:55,3.65,100,21650
20240131,09:29:02,3.8,300,21650
20240131,09:29:08,3.8,100,21650
20240131,09:29:23,3.85,450,21650
20240131,09:29:30,3.85,300,23150
20240131,09:29:37,3.8,500,23150
20240131,09:29:46,3.85,150,23150
20240131,09:29:53,3.85,100,23150
20240131,09:30:01,3.9,650,23150
20240131,09:30:17,3.75,250,23150
20240131,09:31:06,3.8,550,23150
20240131,09:31:14,3.8,1100,23150
20240131,09:31:28,3.7,200,23150
20240131,09:31:42,3.7,250,23150
20240131,09:31:49,3.7,150,23150
20240131,09:32:10,3.85,50,23150
20240131,09:32:38,3.85,50,23200
20240131,09:33:05,3.9,700,23200
20240131,09:33:11,3.8,150,23200
20240131,09:33:24,3.8,200,23200
20240131,09:33:51,3.75,50,23200
20240131,09:34:38,3.75,50,23200
20240131,09:34:45,3.7,50,23200
20240131,09:35:16,3.65,50,23200
20240131,09:35:38,3.5,50,23750
20240131,09:36:01,3.4,50,23750
20240131,09:36:43,3.55,100,23750
20240131,09:37:00,3.45,100,23750
20240131,09:37:08,3.5,50,23750
20240131,09:37:15,3.4,50,23750
20240131,09:37:49,3.45,50,23750
20240131,09:40:05,3.5,50,23800
20240131,09:40:12,3.55,50,23800
20240131,09:40:19,3.5,100,23800
20240131,09:40:26,3.55,50,23800
20240131,09:40:34,3.7,1850,23800
20240131,09:40:40,3.5,50,23800
20240131,09:40:47,3.6,150,23800
20240131,09:41:21,3.65,50,23800
20240131,09:41:43,3.55,50,25550
20240131,09:41:52,3.5,50,25550
20240131,09:41:59,3.5,50,25550
20240131,09:42:08,3.55,50,25550
20240131,09:42:16,3.5,50,25550
20240131,09:42:24,3.5,100,25550
20240131,09:42:31,3.5,100,25550
20240131,09:42:38,3.5,50,25550
20240131,09:42:59,3.5,50,25550
20240131,09:43:05,3.5,50,25550
20240131,09:43:22,3.45,100,25550
20240131,09:43:30,3.35,700,25550
20240131,09:43:39,3.4,50,25550
20240131,09:43:48,3.45,200,25550
20240131,09:43:56,3.45,650,25550
20240131,09:44:36,3.45,250,24900
20240131,09:45:36,3.4,400,24900
20240131,09:45:43,3.4,50,24900
20240131,09:45:50,3.4,50,24900
20240131,09:46:04,3.45,50,24900
20240131,09:46:54,3.45,50,24900
20240131,09:47:22,3.5,100,24900
20240131,09:47:29,3.45,50,24600
20240131,09:47:50,3.45,100,24600
20240131,09:50:12,3.4,300,24600
20240131,09:50:37,3.4,50,24400
20240131,09:52:25,3.5,50,24400
20240131,09:52:45,3.5,300,24400
20240131,09:52:51,3.5,250,24400
20240131,09:53:50,3.6,50,23850
20240131,09:54:57,3.5,50,23850
20240131,09:55:45,3.5,50,23850
20240131,09:57:23,3.5,50,23850
20240131,09:57:36,3.45,50,23850
20240131,09:57:49,3.45,50,23850
20240131,09:58:54,3.4,250,23850
20240131,09:59:00,3.4,50,23850
20240131,09:59:07,3.4,150,23850
20240131,09:59:13,3.4,50,23850
20240131,09:59:26,3.4,50,23850
20240131,10:00:26,3.4,100,24250
20240131,10:00:48,3.45,500,24250
20240131,10:01:34,3.55,50,24250
20240131,10:03:14,3.55,100,24650
20240131,10:05:58,3.45,350,24650
20240131,10:06:50,3.4,250,24650
20240131,10:08:06,3.3,50,24650
20240131,10:08:13,3.3,300,24650
20240131,10:08:29,3.15,300,24200
20240131,10:09:53,3.35,1800,24200
20240131,10:10:27,3.35,1800,24200
20240131,10:11:00,3.3,250,24200
20240131,10:11:07,3.35,200,24200
20240131,10:11:13,3.35,50,24200
20240131,10:12:09,3.4,400,27550
20240131,10:12:46,3.4,50,27550
20240131,10:13:02,3.35,50,27550
20240131,10:13:42,3.35,250,27550
20240131,10:13:55,3.35,50,27550
20240131,10:14:02,3.35,650,27550
20240131,10:14:09,3.4,300,27550
20240131,10:14:22,3.35,50,27550
20240131,10:15:24,3.45,200,26200
20240131,10:15:41,3.4,100,26200
20240131,10:15:49,3.45,400,26200
20240131,10:16:04,3.45,50,26200
20240131,10:16:12,3.45,350,26200
20240131,10:16:20,3.5,100,26200
20240131,10:16:34,3.5,50,26200
20240131,10:16:41,3.5,200,26200
20240131,10:17:17,3.45,100,26200
20240131,10:17:24,3.5,500,26200
20240131,10:17:58,3.45,100,25250
20240131,10:18:12,3.45,100,25250
20240131,10:18:34,3.45,50,25250
20240131,10:19:15,3.55,250,25250
20240131,10:19:23,3.5,50,25250
20240131,10:19:29,3.5,50,25250
20240131,10:20:22,3.55,250,25250
20240131,10:23:03,3.55,50,25150
20240131,10:23:16,3.55,50,25150
20240131,10:24:09,3.55,250,25250
20240131,10:24:26,3.5,50,25250
20240131,10:25:51,3.55,200,25250
20240131,10:28:05,3.6,100,25250
20240131,10:28:17,3.55,50,25250
20240131,10:30:04,3.5,150,25250
20240131,10:30:51,3.65,600,25250
20240131,10:31:04,3.55,150,25250
20240131,10:31:09,3.5,150,25250
20240131,10:32:30,3.45,150,25800
20240131,10:33:02,3.45,100,25800
20240131,10:33:18,3.45,100,25800
20240131,10:33:26,3.45,200,25800
20240131,10:33:51,3.5,500,25800
20240131,10:34:08,3.4,350,25800
20240131,10:34:17,3.45,100,25800
20240131,10:34:54,3.45,250,25800
20240131,10:40:03,3.5,50,25100
20240131,10:41:04,3.55,50,25100
20240131,10:41:11,3.6,250,25100
20240131,10:42:18,3.6,300,25350
20240131,10:44:14,3.75,4450,25350
20240131,10:44:36,3.75,500,29800
20240131,10:44:56,3.6,150,29800
20240131,10:45:03,3.6,150,29800
20240131,10:45:23,3.6,150,29800
20240131,10:45:55,3.5,1800,29800
20240131,10:46:02,3.45,1800,29800
20240131,10:46:14,3.45,1800,29800
20240131,10:46:20,3.4,1800,29800
20240131,10:46:59,3.45,1800,29800
20240131,10:48:54,3.4,1800,33500
20240131,10:52:36,3.45,50,35300
20240131,10:53:30,3.4,250,35300
20240131,10:55:12,3.35,250,35250
20240131,10:58:58,3.4,300,35000
20240131,11:00:23,3.45,50,35050
20240131,11:00:30,3.4,450,35050
20240131,11:02:11,3.4,250,35050
20240131,11:06:39,3.45,250,35450
20240131,11:07:38,3.45,50,35450
20240131,11:07:52,3.45,100,35450
20240131,11:08:31,3.45,350,35450
20240131,11:10:09,3.5,250,35400
20240131,11:10:39,3.5,150,35400
20240131,11:13:22,3.5,150,35300
20240131,11:13:28,3.45,50,35300
20240131,11:13:52,3.5,50,35300
20240131,11:15:45,3.5,250,35300
20240131,11:17:43,3.5,50,35350
20240131,11:20:18,3.5,50,35350
20240131,11:20:48,3.5,250,35350
20240131,11:21:46,3.5,500,35350
20240131,11:21:52,3.5,350,35350
20240131,11:22:32,3.5,250,35350
20240131,11:24:19,3.5,250,35600
20240131,11:24:32,3.5,250,35600
20240131,11:25:06,3.5,200,35600
20240131,11:26:45,3.5,100,35600
20240131,11:26:51,3.5,50,35600
20240131,11:27:34,3.45,450,35600
20240131,11:27:40,3.45,550,35600
20240131,11:28:05,3.5,50,35600
20240131,11:31:01,3.4,100,35550
20240131,11:31:52,3.35,100,35550
20240131,11:32:00,3.35,100,35550
20240131,11:32:07,3.5,250,35550
20240131,11:33:07,3.35,100,35500
20240131,11:33:33,3.35,500,35500
20240131,11:36:49,3.45,100,35500
20240131,11:36:54,3.45,50,35550
20240131,11:38:42,3.5,350,35600
20240131,11:38:55,3.5,250,35600
20240131,11:39:48,3.55,50,35600
20240131,11:40:04,3.5,500,35600
20240131,11:40:30,3.5,500,35600
20240131,11:41:10,3.5,500,35600
20240131,11:51:40,3.4,1500,37100
20240131,11:52:05,3.4,100,37100
20240131,11:52:18,3.35,50,37100
20240131,11:52:30,3.35,250,37100
20240131,11:52:36,3.35,150,37100
20240131,11:53:26,3.4,300,37100
20240131,11:53:46,3.35,50,38950
20240131,11:55:49,3.3,300,38950
20240131,11:56:06,3.35,50,38950
20240131,11:56:11,3.3,350,38950
20240131,11:56:31,3.3,50,38950
20240131,11:56:36,3.35,50,38950
20240131,11:58:53,3.4,50,39250
20240131,12:01:11,3.4,50,39250
20240131,12:01:23,3.4,100,39250
20240131,12:01:36,3.4,100,39250
20240131,12:01:42,3.35,50,39250
20240131,12:01:48,3.4,50,39250
20240131,12:01:53,3.35,50,39250
20240131,12:03:21,3.4,50,39250
20240131,12:03:28,3.4,100,39250
20240131,12:03:34,3.35,50,39250
20240131,12:03:42,3.35,100,39250
20240131,12:03:48,3.4,50,39250
20240131,12:03:54,3.35,50,39250
20240131,12:05:54,3.35,250,39250
20240131,12:06:01,3.35,100,39250
20240131,12:06:08,3.35,100,39250
20240131,12:09:39,3.3,50,39250
20240131,12:10:05,3.4,50,39250
20240131,12:10:15,3.4,250,39250
20240131,12:11:36,3.35,50,39250
20240131,12:11:41,3.3,250,39250
20240131,12:12:30,3.4,250,39800
20240131,12:13:20,3.35,100,39800
20240131,12:14:00,3.25,1800,39800
20240131,12:14:25,3.25,1800,39800
20240131,12:14:46,3.35,250,39800
20240131,12:14:51,3.35,50,43600
20240131,12:15:09,3.35,50,43600
20240131,12:15:15,3.3,50,43600
20240131,12:16:21,3.25,750,43600
20240131,12:16:59,3.3,450,43600
20240131,12:17:05,3.3,300,43600
20240131,12:18:09,3.35,50,44850
20240131,12:18:14,3.35,100,44850
20240131,12:18:19,3.4,50,44850
20240131,12:18:25,3.45,100,44850
20240131,12:18:36,3.4,100,44850
20240131,12:18:42,3.3,100,44850
20240131,12:18:48,3.3,500,44850
20240131,12:19:49,3.4,50,44850
20240131,12:21:50,3.5,100,45400
20240131,12:22:24,3.4,50,45400
20240131,12:24:19,3.4,50,45400
20240131,12:25:37,3.4,50,45400
20240131,12:27:10,3.4,50,45400
20240131,12:27:42,3.4,50,45400
20240131,12:27:56,3.4,1700,45400
20240131,12:29:08,3.35,150,45400
20240131,12:29:30,3.4,50,45400
20240131,12:30:02,3.25,250,45700
20240131,12:31:52,3.3,250,45700
20240131,12:32:27,3.35,50,45700
20240131,12:33:14,3.35,50,45700
20240131,12:34:09,3.3,50,45700
20240131,12:35:32,3.25,100,45700
20240131,12:36:34,3.25,250,45700
20240131,12:36:57,3.15,150,45700
20240131,12:40:11,3.15,50,45550
20240131,12:40:21,3.2,250,45550
20240131,12:41:48,3.2,50,45600
20240131,12:46:18,3.45,50,45600
20240131,12:48:15,3.5,200,45600
20240131,12:48:34,3.4,150,45600
20240131,12:48:47,3.4,50,45600
20240131,12:48:59,3.4,50,45600
20240131,12:50:07,3.45,250,45600
20240131,12:50:40,3.4,500,45600
20240131,12:50:52,3.45,300,45600
20240131,12:51:53,3.45,50,45600
20240131,12:52:15,3.3,3200,45600
20240131,12:52:21,3.25,100,45600
20240131,12:53:04,3.3,500,45600
20240131,12:53:16,3.3,150,45600
20240131,12:54:18,3.3,150,49450
20240131,12:58:09,3.3,100,49600
20240131,12:58:15,3.3,250,49600
20240131,13:00:18,3.25,800,49950
20240131,13:00:39,3.25,250,49950
20240131,13:01:30,3.3,250,49950
20240131,13:01:42,3.3,250,49950
20240131,13:02:44,3.25,50,49950
20240131,13:02:50,3.25,250,49950
20240131,13:03:02,3.25,800,50450
20240131,13:03:08,3.25,200,50450
20240131,13:06:40,3.25,50,49200
20240131,13:06:52,3.25,250,49200
20240131,13:07:03,3.25,250,49200
20240131,13:07:31,3.25,200,49200
20240131,13:07:36,3.3,50,49200
20240131,13:07:52,3.3,100,49200
20240131,13:10:23,3.3,250,50050
20240131,13:10:34,3.3,250,50050
20240131,13:11:14,3.3,250,50050
20240131,13:11:20,3.25,100,50050
20240131,13:11:26,3.25,50,50050
20240131,13:11:32,3.2,1400,50050
20240131,13:11:38,3.25,100,50050
20240131,13:11:49,3.3,150,50050
20240131,13:12:13,3.3,250,52350
20240131,13:12:19,3.3,150,52350
20240131,13:12:30,3.25,150,52350
20240131,13:12:56,3.25,200,52350
20240131,13:14:27,3.25,250,52350
20240131,13:14:50,3.25,750,52350
20240131,13:15:19,3.2,250,53700
20240131,13:15:25,3.25,250,53700
20240131,13:16:50,3.25,200,53700
20240131,13:18:19,3.3,250,53750
20240131,13:20:19,3.25,50,53750
20240131,13:20:27,3.2,50,53750
20240131,13:22:18,3.35,750,53750
20240131,13:23:25,3.35,50,54000
20240131,13:23:39,3.35,50,54000
20240131,13:26:36,3.35,50,54700
20240131,13:26:43,3.3,50,54700
20240131,13:26:50,3.4,50,54700
20240131,13:27:03,3.3,50,54750
20240131,13:27:10,3.4,50,54750
20240131,13:27:16,3.35,50,54750
20240131,13:27:29,3.4,50,54750
20240131,13:27:35,3.3,50,54750
20240131,13:28:54,3.35,100,54750
20240131,13:29:01,3.25,50,54750
20240131,13:29:07,3.35,50,54750
20240131,13:29:14,3.35,100,54750
20240131,13:29:20,3.25,100,54750
20240131,13:29:27,3.3,100,54750
20240131,13:32:29,3.2,700,54800
20240131,13:32:46,3.25,1500,54800
20240131,13:37:23,3.25,150,54800
20240131,13:39:36,3.3,500,54850
20240131,13:39:50,3.3,50,54850
20240131,13:40:17,3.3,100,54850
20240131,13:44:28,3.4,50,55050
20240131,13:45:36,3.35,50,55050
20240131,13:45:43,3.3,750,55050
20240131,13:46:02,3.3,250,55050
20240131,13:46:30,3.3,250,55050
20240131,13:46:43,3.3,250,55050
20240131,13:47:05,3.3,250,55050
20240131,13:51:07,3.35,50,56500
20240131,13:51:13,3.35,100,56500
20240131,13:56:30,3.25,300,56500
20240131,13:56:45,3.25,450,56500
20240131,13:56:52,3.25,200,56500
20240131,13:56:59,3.3,1800,56500
20240131,13:57:06,3.25,1400,57000
20240131,13:57:12,3.3,1800,57000
20240131,13:57:19,3.25,2200,57000
20240131,13:57:25,3.3,3400,57000
20240131,13:57:32,3.35,2550,57000
20240131,13:57:40,3.35,50,57000
20240131,13:57:47,3.25,1250,57000
20240131,13:57:53,3.25,250,57000
20240131,13:57:59,3.2,650,57000
20240131,13:58:06,3.2,300,57000
20240131,13:58:12,3.2,350,57000
20240131,13:58:39,3.15,250,57000
20240131,13:58:52,3.15,250,57000
20240131,13:59:04,3.15,50,57000
20240131,13:59:10,3.15,350,57000
20240131,13:59:16,3.15,200,57000
20240131,13:59:35,3.1,250,57000
20240131,13:59:41,3.1,900,57000
20240131,14:00:00,3.05,250,56950
20240131,14:00:26,3.05,250,56950
20240131,14:00:32,3.05,100,56950
20240131,14:00:46,3.05,250,56950
20240131,14:01:47,3.05,1850,56950
20240131,14:02:14,3.05,50,56950
20240131,14:02:32,3.0,250,56950
20240131,14:02:39,3.0,700,56950
20240131,14:02:45,3.0,500,56950
20240131,14:02:51,3.0,250,56950
20240131,14:02:58,3.0,500,56950
20240131,14:03:25,3.05,50,58700
20240131,14:03:36,3.0,50,58700
20240131,14:03:58,3.05,50,58700
20240131,14:07:18,3.1,50,58650
20240131,14:07:47,3.1,150,58650
20240131,14:08:19,3.1,50,58650
20240131,14:10:38,3.05,500,58650
20240131,14:14:29,3.1,250,58650
20240131,14:14:34,3.1,250,58650
20240131,14:14:53,3.1,250,58650
20240131,14:14:58,3.1,250,58650
20240131,14:15:17,3.1,100,58650
20240131,14:16:34,3.2,50,58650
20240131,14:17:08,3.2,50,58650
20240131,14:18:09,3.2,900,58650
20240131,14:18:46,3.1,500,58650
20240131,14:21:19,3.2,50,59800
20240131,14:21:24,3.15,250,59800
20240131,14:21:29,3.25,50,59800
20240131,14:21:34,3.15,50,59800
20240131,14:21:38,3.2,50,59800
20240131,14:21:43,3.15,50,59800
20240131,14:22:33,3.2,100,59800
20240131,14:24:42,3.15,250,59800
20240131,14:28:59,3.15,250,59800
20240131,14:29:04,3.15,250,59800
20240131,14:29:09,3.2,250,59800
20240131,14:29:14,3.15,100,59800
20240131,14:31:02,3.15,50,59800
20240131,14:32:34,3.15,350,59800
20240131,14:37:20,3.1,150,60200
20240131,14:41:13,3.15,50,60200
20240131,14:41:18,3.2,50,60200
20240131,14:42:49,3.1,100,60100
20240131,14:46:40,3.2,50,60150
20240131,14:46:46,3.15,350,60150
20240131,14:48:36,3.15,100,60100
20240131,14:48:43,3.2,50,60100
20240131,14:50:51,3.2,300,60100
20240131,14:51:10,3.35,50,60400
20240131,14:52:07,3.2,50,60400
20240131,14:52:18,3.2,1050,60400
20240131,14:53:38,3.25,150,60400
20240131,14:53:43,3.2,150,60400
20240131,14:55:03,3.25,150,60800
20240131,15:00:51,3.2,1150,60950
20240131,15:01:06,3.15,350,60950
20240131,15:01:33,3.2,50,60950
20240131,15:05:41,3.15,50,62150
20240131,15:06:00,3.15,50,62150
20240131,15:09:59,3.1,500,62150
20240131,15:10:11,3.2,50,62150
20240131,15:11:06,3.2,300,62150
20240131,15:11:12,3.25,250,62150
20240131,15:11:31,3.3,250,62150
20240131,15:11:37,3.35,750,62150
20240131,15:11:43,3.35,150,62150
20240131,15:11:49,3.3,50,62150
20240131,15:12:06,3.35,700,62150
20240131,15:12:11,3.3,50,62850
20240131,15:12:40,3.15,750,62850
20240131,15:12:47,3.25,50,62850
20240131,15:14:37,3.3,50,62850
20240131,15:14:56,3.35,250,62850
20240131,15:15:08,3.3,250,62850
20240131,15:15:33,3.3,50,63550
20240131,15:16:50,3.25,100,63550
20240131,15:17:45,3.3,50,63550
20240131,15:18:09,3.15,1800,63550
20240131,15:19:13,3.2,150,65350
20240131,15:20:31,3.25,550,65350
20240131,15:22:24,3.2,50,65900
20240131,15:22:34,3.2,1250,65900
20240131,15:23:15,3.2,100,65900
20240131,15:23:20,3.25,100,65900
20240131,15:25:50,3.25,50,67150
20240131,15:25:55,3.25,50,67150
20240131,15:26:16,3.25,50,67150
20240131,15:26:20,3.2,100,67150
20240131,15:26:25,3.25,100,67150
20240131,15:27:07,3.2,450,67150
20240131,15:27:12,3.35,50,67150
20240131,15:27:22,3.35,50,67150
20240131,15:27:37,3.25,50,67150
20240131,15:27:42,3.3,300,67150
20240131,15:27:48,3.25,50,67150
20240131,15:28:03,3.25,500,67150
20240131,15:28:08,3.3,50,67150
20240131,15:28:13,3.3,300,67150
20240131,15:28:34,3.25,400,67150
20240131,15:28:40,3.25,350,67150
20240131,15:28:51,3.3,100,67150
20240131,15:29:03,3.25,100,67150
20240131,15:29:10,3.15,600,67150
20240131,15:29:41,3.3,50,67150
20240131,15:29:55,3.4,50,67150
20240201,09:15:00,3.4,1,68000
20240201,09:15:00,3.4,250,68000
20240201,09:15:07,3.45,250,68000
20240201,09:15:18,3.15,100,68000
20240201,09:15:28,3.2,150,68000
20240201,09:15:50,3.2,900,68000
20240201,09:16:00,3.3,2300,68000
20240201,09:16:10,3.55,1700,68000
20240201,09:16:40,3.6,3000,68000
20240201,09:16:50,3.6,600,68000
20240201,09:17:00,3.6,50,68000
20240201,09:17:11,3.45,400,68000
20240201,09:17:21,3.5,50,68000
20240201,09:17:30,3.6,150,70050
20240201,09:17:40,3.65,300,70050
20240201,09:17:50,3.85,50,70050
20240201,09:17:59,3.85,250,70050
20240201,09:18:09,3.8,50,70050
20240201,09:18:19,3.8,1800,70050
20240201,09:18:59,3.75,200,70050
20240201,09:19:19,3.7,550,70050
20240201,09:19:29,4.05,300,70050
20240201,09:19:57,3.75,200,70050
20240201,09:20:17,3.85,500,70050
20240201,09:21:03,3.85,50,72050
20240201,09:21:13,3.8,50,72050
20240201,09:21:50,3.8,250,72050
20240201,09:22:20,3.8,200,72050
20240201,09:22:40,3.8,450,72050
20240201,09:23:50,3.8,1050,71450
20240201,09:24:12,3.65,2000,71450
20240201,09:24:56,3.65,2350,71450
20240201,09:25:05,3.75,50,71450
20240201,09:25:57,3.7,250,71450
20240201,09:26:06,3.65,100,71450
20240201,09:26:24,3.8,100,71450
20240201,09:26:33,3.75,250,70550
20240201,09:28:19,3.8,300,70550
20240201,09:28:29,3.7,400,70550
20240201,09:28:38,3.7,200,70550
20240201,09:29:05,3.6,50,70550
20240201,09:30:09,3.45,50,70400
20240201,09:30:44,3.4,1000,70400
20240201,09:31:45,3.45,100,70400
20240201,09:32:48,3.4,250,70900
20240201,09:34:00,3.5,50,70900
20240201,09:34:26,3.45,50,70900
20240201,09:35:01,3.35,50,70900
20240201,09:35:10,3.4,50,70900
20240201,09:35:19,3.4,50,70900
20240201,09:35:37,3.3,950,71000
20240201,09:35:46,3.35,600,71000
20240201,09:36:20,3.35,150,71000
20240201,09:36:36,3.4,450,71000
20240201,09:37:56,3.45,400,71000
20240201,09:38:04,3.4,250,71000
20240201,09:38:21,3.35,750,71000
20240201,09:38:37,3.3,50,70350
20240201,09:38:54,3.35,350,70350
20240201,09:39:02,3.3,400,70350
20240201,09:39:17,3.4,100,70350
20240201,09:40:07,3.3,100,70350
20240201,09:40:52,3.25,50,70350
20240201,09:41:01,3.25,200,70350
20240201,09:41:10,3.3,300,70350
20240201,09:42:02,3.3,50,70200
20240201,09:42:10,3.3,50,70200
20240201,09:42:25,3.25,2100,70200
20240201,09:42:32,3.2,450,70200
20240201,09:42:39,3.2,250,70200
20240201,09:43:36,3.2,600,70200
20240201,09:44:59,3.2,400,70300
20240201,09:45:31,3.15,50,70300
20240201,09:45:47,3.2,1450,70300
20240201,09:45:55,3.1,100,70300
20240201,09:46:04,3.1,100,70300
20240201,09:46:46,3.2,3250,70300
20240201,09:46:53,3.3,3650,70300
20240201,09:47:18,3.3,1200,70300
20240201,09:47:26,3.3,1100,70300
20240201,09:47:34,3.35,1850,68850
20240201,09:47:43,3.35,50,68850
20240201,09:47:59,3.35,500,68850
20240201,09:48:06,3.35,250,68850
20240201,09:49:01,3.4,250,68850
20240201,09:49:39,3.4,500,68850
20240201,09:49:53,3.45,50,68850
20240201,09:50:22,3.4,250,68850
20240201,09:50:44,3.4,500,68800
20240201,09:51:00,3.4,500,68800
20240201,09:51:09,3.4,200,68800
20240201,09:51:17,3.4,150,68800
20240201,09:51:47,3.4,1800,68800
20240201,09:52:15,3.35,50,68800
20240201,09:53:44,3.45,50,69050
20240201,09:53:59,3.4,50,69050
20240201,09:54:39,3.35,50,69050
20240201,09:55:02,3.4,250,69050
20240201,09:55:24,3.35,500,69050
20240201,09:55:32,3.35,250,69050
20240201,09:55:47,3.4,50,69050
20240201,09:55:54,3.4,250,69050
20240201,09:56:15,3.35,250,69050
20240201,09:57:18,3.35,800,68850
20240201,09:57:56,3.2,50,68850
20240201,09:58:47,3.3,50,68850
20240201,10:00:18,3.3,50,68900
20240201,10:00:40,3.35,100,68900
20240201,10:03:48,3.4,50,69000
20240201,10:06:06,3.35,550,69000
20240201,10:06:23,3.4,50,69000
20240201,10:07:45,3.35,250,69000
20240201,10:07:52,3.35,250,69000
20240201,10:08:09,3.3,50,69000
20240201,10:08:35,3.2,100,68450
20240201,10:08:44,3.2,150,68450
20240201,10:08:59,2.6,6900,68450
20240201,10:09:08,3.15,300,68450
20240201,10:09:24,3.1,50,68450
20240201,10:09:34,3.15,450,68450
20240201,10:09:41,3.2,150,68450
20240201,10:11:23,3.25,550,68450
20240201,10:12:13,3.2,550,67400
20240201,10:13:03,3.25,900,67400
20240201,10:13:47,3.3,1100,67400
20240201,10:14:18,3.25,250,67400
20240201,10:15:20,3.3,1800,65950
20240201,10:15:27,3.25,1800,65950
20240201,10:17:30,3.35,50,65950
20240201,10:17:51,3.4,550,65950
20240201,10:19:00,3.45,100,65950
20240201,10:20:46,3.45,250,66300
20240201,10:21:49,3.45,550,66300
20240201,10:21:55,3.4,350,66300
20240201,10:22:12,3.5,100,66300
20240201,10:23:16,3.5,50,66300
20240201,10:23:32,3.45,50,66300
20240201,10:25:15,3.5,450,67300
20240201,10:25:50,3.4,50,67300
20240201,10:26:43,3.45,200,67500
20240201,10:27:05,3.45,50,67500
20240201,10:28:38,3.4,100,67500
20240201,10:31:40,3.4,250,67500
20240201,10:31:56,3.45,200,67500
20240201,10:32:04,3.4,50,67500
20240201,10:32:20,3.4,50,67500
20240201,10:34:44,3.5,500,67300
20240201,10:35:16,3.5,100,67300
20240201,10:35:23,3.45,100,67300
20240201,10:35:46,3.45,500,67100
20240201,10:39:22,3.5,700,67100
20240201,10:39:30,3.5,300,67100
20240201,10:40:02,3.5,150,67100
20240201,10:40:10,3.45,50,67100
20240201,10:40:42,3.5,150,67100
20240201,10:40:51,3.55,200,67100
20240201,10:41:00,3.5,150,67100
20240201,10:42:52,3.45,50,66450
20240201,10:45:01,3.4,50,66450
20240201,10:46:20,3.4,150,66450
20240201,10:48:17,3.4,200,66600
20240201,10:48:41,3.35,100,66600
20240201,10:48:48,3.35,100,66600
20240201,10:49:11,3.4,50,66600
20240201,10:50:05,3.35,50,66600
20240201,10:50:32,3.35,150,66600
20240201,10:50:46,3.4,1750,67100
20240201,10:51:26,3.55,500,67100
20240201,10:54:53,3.5,750,66900
20240201,10:55:50,3.4,100,66900
20240201,10:56:02,3.35,50,66900
20240201,10:56:59,3.45,50,66750
20240201,10:57:08,3.45,50,66750
20240201,10:57:30,3.45,50,66750
20240201,10:59:18,3.45,100,66750
20240201,10:59:35,3.5,250,66750
20240201,10:59:48,3.5,50,66800
20240201,11:00:27,3.4,200,66800
20240201,11:00:59,3.4,300,66800
20240201,11:02:07,3.4,250,66800
20240201,11:02:43,3.5,900,67050
20240201,11:02:52,3.45,150,67050
20240201,11:03:10,3.35,1500,67050
20240201,11:03:30,3.45,50,67050
20240201,11:04:00,3.35,50,67050
20240201,11:04:35,3.35,150,67050
20240201,11:05:35,3.6,1500,67050
20240201,11:05:50,3.65,50,67250
20240201,11:06:13,3.65,50,67250
20240201,11:06:50,3.65,350,67250
20240201,11:06:57,3.6,500,67250
20240201,11:07:06,3.65,350,67250
20240201,11:07:22,3.65,150,67250
20240201,11:09:03,3.45,400,67650
20240201,11:09:46,3.55,100,67650
20240201,11:10:22,3.55,50,67650
20240201,11:10:27,3.55,100,67650
20240201,11:14:18,3.55,100,67650
20240201,11:14:28,3.55,1150,67650
20240201,11:14:42,3.55,100,67650
20240201,11:14:47,3.5,900,68550
20240201,11:14:56,3.5,900,68550
20240201,11:15:01,3.5,300,68550
20240201,11:15:06,3.5,500,68550
20240201,11:15:11,3.5,850,68550
20240201,11:15:16,3.5,50,68550
20240201,11:15:30,3.5,250,68550
20240201,11:15:34,3.5,250,68550
20240201,11:15:39,3.5,300,68550
20240201,11:15:45,3.5,250,68550
20240201,11:15:56,3.5,500,68550
20240201,11:16:20,3.5,350,68550
20240201,11:16:46,3.55,50,68550
20240201,11:16:55,3.5,450,68550
20240201,11:17:04,3.6,50,68550
20240201,11:17:12,3.7,250,68550
20240201,11:17:22,3.6,300,68550
20240201,11:17:31,3.7,1800,68550
20240201,11:17:39,3.8,100,68550
20240201,11:17:48,3.85,1500,68150
20240201,11:17:56,3.75,100,68150
20240201,11:18:05,3.75,150,68150
20240201,11:18:14,3.8,600,68150
20240201,11:18:22,3.8,350,68150
20240201,11:18:31,3.85,800,68150
20240201,11:18:40,3.85,1000,68150
20240201,11:18:49,3.85,1600,68150
20240201,11:18:58,3.85,1400,68150
20240201,11:19:24,3.85,150,68150
20240201,11:19:32,3.85,550,68150
20240201,11:19:41,3.9,500,68150
20240201,11:19:48,3.9,250,68150
20240201,11:20:05,3.9,100,68150
20240201,11:20:13,3.9,1000,68150
20240201,11:20:22,3.95,50,68150
20240201,11:20:30,3.9,150,68150
20240201,11:21:03,3.85,150,68300
20240201,11:21:12,3.95,300,68300
20240201,11:21:20,3.9,150,68300
20240201,11:22:26,3.7,450,68300
20240201,11:22:33,3.55,2150,68300
20240201,11:22:48,3.65,1850,68300
20240201,11:22:55,3.7,2200,68300
20240201,11:23:10,3.65,500,68300
20240201,11:23:25,3.65,650,68300
20240201,11:23:33,3.6,1550,68300
20240201,11:23:49,3.65,250,73400
20240201,11:24:04,3.6,100,73400
20240201,11:24:13,3.65,50,73400
20240201,11:24:29,3.6,400,73400
20240201,11:24:37,3.6,50,73400
20240201,11:24:45,3.6,250,73400
20240201,11:25:17,3.55,100,73400
20240201,11:25:33,3.55,100,73400
20240201,11:25:42,3.5,50,73400
20240201,11:25:57,3.6,100,73400
20240201,11:26:05,3.6,200,73400
20240201,11:26:12,3.65,250,73400
20240201,11:26:20,3.6,100,73400
20240201,11:26:51,3.65,250,73250
20240201,11:26:59,3.75,1450,73250
20240201,11:27:06,3.6,50,73250
20240201,11:27:28,3.7,150,73250
20240201,11:29:11,3.6,250,73250
20240201,11:30:08,3.6,100,73400
20240201,11:30:16,3.6,300,73400
20240201,11:30:24,3.6,350,73400
20240201,11:30:45,3.55,100,73400
20240201,11:30:54,3.65,50,73400
20240201,11:31:01,3.55,700,73400
20240201,11:31:51,3.55,400,73400
20240201,11:31:58,3.55,50,73400
20240201,11:32:19,3.5,250,73400
20240201,11:32:26,3.5,100,73400
20240201,11:32:47,3.5,600,73600
20240201,11:33:15,3.5,550,73600
20240201,11:33:37,3.5,500,73600
20240201,11:33:44,3.5,150,73600
20240201,11:33:51,3.5,400,73600
20240201,11:33:57,3.5,600,73600
20240201,11:34:04,3.5,350,73600
20240201,11:34:11,3.5,650,73600
20240201,11:34:20,3.55,650,73600
20240201,11:35:18,3.5,250,73600
20240201,11:35:39,3.5,750,73600
20240201,11:36:12,3.45,150,73750
20240201,11:36:32,3.45,100,73750
20240201,11:36:55,3.45,50,73750
20240201,11:37:15,3.4,50,73750
20240201,11:37:35,3.45,1000,73750
20240201,11:37:50,3.4,250,73750
20240201,11:38:07,3.4,100,73750
20240201,11:38:24,3.35,50,73750
20240201,11:38:32,3.35,50,73750
20240201,11:38:47,3.35,100,73750
20240201,11:38:54,3.3,50,73500
20240201,11:39:02,3.25,100,73500
20240201,11:39:09,3.25,300,73500
20240201,11:39:17,3.25,150,73500
20240201,11:39:32,3.3,50,73500
20240201,11:39:39,3.3,100,73500
20240201,11:40:02,3.25,100,73500
20240201,11:41:38,3.3,100,73500
20240201,11:42:46,3.3,50,73400
20240201,11:44:22,3.3,50,73400
20240201,11:44:34,3.35,450,73400
20240201,11:46:59,3.25,150,73400
20240201,11:47:42,3.3,100,73400
20240201,11:47:55,3.3,250,73350
20240201,11:48:36,3.3,300,73350
20240201,11:48:55,3.3,100,73350
20240201,11:49:28,3.25,200,73350
20240201,11:49:47,3.2,50,73350
20240201,11:50:01,3.15,300,73350
20240201,11:50:16,3.15,50,73350
20240201,11:50:24,3.1,50,73350
20240201,11:50:32,3.05,400,73350
20240201,11:50:41,3.0,1800,73350
20240201,11:52:14,3.1,50,75500
20240201,11:52:21,3.05,50,75500
20240201,11:53:03,3.05,50,75500
20240201,11:53:11,3.05,50,75500
20240201,11:55:23,2.9,50,75500
20240201,11:55:46,2.85,400,75500
20240201,11:55:54,2.85,300,75500
20240201,11:56:32,2.8,150,75500
20240201,11:56:40,2.85,100,75500
20240201,11:56:48,2.85,100,75500
20240201,11:58:27,2.75,300,75500
20240201,11:58:35,2.85,100,75500
20240201,11:58:51,2.85,100,75500
20240201,12:00:55,2.65,50,75550
20240201,12:01:57,2.5,650,75550
20240201,12:02:13,2.5,1400,75550
20240201,12:02:29,2.65,2000,75550
20240201,12:02:36,2.65,100,75550
20240201,12:02:54,2.65,100,75300
20240201,12:03:02,2.65,50,75300
20240201,12:03:10,2.65,1550,75300
20240201,12:03:18,2.65,250,75300
20240201,12:03:35,2.6,250,75300
20240201,12:03:45,2.6,550,75300
20240201,12:03:55,2.6,1050,75300
20240201,12:04:05,2.5,650,75300
20240201,12:04:15,2.45,200,75300
20240201,12:04:34,2.4,1700,75300
20240201,12:04:44,2.5,3050,75300
20240201,12:04:53,2.5,750,75300
20240201,12:05:03,2.45,2200,75300
20240201,12:05:31,2.45,3000,75300
20240201,12:05:59,2.35,700,77050
20240201,12:06:08,2.35,3200,77050
20240201,12:06:17,2.4,850,77050
20240201,12:06:26,2.45,3800,77050
20240201,12:06:44,2.4,750,77050
20240201,12:06:54,2.4,2200,77050
20240201,12:07:14,2.3,1400,77050
20240201,12:07:23,2.3,3300,77050
20240201,12:07:43,2.2,1950,77050
20240201,12:08:02,2.25,100,77050
20240201,12:08:21,2.25,50,77050
20240201,12:08:30,2.2,50,77050
20240201,12:08:56,2.2,50,77450
20240201,12:09:13,2.2,50,77450
20240201,12:09:32,2.2,600,77450
20240201,12:09:49,2.15,900,77450
20240201,12:09:57,2.25,3900,77450
20240201,12:10:06,2.35,700,77450
20240201,12:10:15,2.35,150,77450
20240201,12:10:25,2.3,950,77450
20240201,12:10:34,2.3,550,77450
20240201,12:11:00,2.4,5450,77450
20240201,12:11:20,2.3,50,77450
20240201,12:11:47,2.3,250,77450
20240201,12:13:03,2.3,1000,78850
20240201,12:13:13,2.3,3950,78850
20240201,12:13:42,2.35,50,78850
20240201,12:14:40,2.3,1400,78850
20240201,12:14:59,2.3,3600,80500
20240201,12:15:43,2.3,150,80500
20240201,12:15:53,2.3,2650,80500
20240201,12:16:02,2.3,50,80500
20240201,12:16:30,2.25,100,80500
20240201,12:16:58,2.25,200,80500
20240201,12:17:07,2.25,900,80500
20240201,12:17:26,2.1,1400,80500
20240201,12:17:44,2.25,150,80500
20240201,12:18:27,2.2,100,83850
20240201,12:19:23,2.3,9100,83850
20240201,12:19:58,2.25,7400,83850
20240201,12:20:15,2.3,550,83850
20240201,12:20:34,2.25,50,83850
20240201,12:20:51,2.3,4900,83850
20240201,12:22:01,2.35,50,104400
20240201,12:22:19,2.3,200,104400
20240201,12:23:04,2.35,650,104400
20240201,12:23:13,2.35,50,104400
20240201,12:23:40,2.35,100,104400
20240201,12:24:14,2.4,150,104750
20240201,12:24:31,2.35,50,104750
20240201,12:25:05,2.35,50,104750
20240201,12:25:13,2.35,50,104750
20240201,12:25:22,2.35,100,104750
20240201,12:25:39,2.35,50,104750
20240201,12:25:47,2.35,50,104750
20240201,12:25:55,2.3,1800,104750
20240201,12:26:04,2.3,3600,104750
20240201,12:26:12,2.3,900,104750
20240201,12:26:20,2.25,100,104750
20240201,12:26:37,2.25,150,104750
20240201,12:27:05,2.25,1900,102450
20240201,12:27:51,2.25,3250,102450
20240201,12:28:17,2.2,1550,102450
20240201,12:28:25,2.2,1000,102450
20240201,12:28:42,2.25,500,102450
20240201,12:28:51,2.25,250,102450
20240201,12:28:59,2.25,550,102450
20240201,12:30:16,2.25,1800,104050
20240201,12:30:24,2.2,1800,104050
20240201,12:30:33,2.2,1050,104050
20240201,12:30:58,2.25,2150,104050
20240201,12:32:05,2.25,1550,104050
20240201,12:33:17,2.2,50,100550
20240201,12:33:34,2.25,250,100550
20240201,12:35:18,2.2,100,100550
20240201,12:35:44,2.2,50,100550
20240201,12:37:31,2.15,50,100350
20240201,12:37:41,2.15,800,100350
20240201,12:37:51,2.1,100,100350
20240201,12:38:08,2.05,150,100350
20240201,12:38:17,2.05,1800,100350
20240201,12:38:25,2.05,2800,100350
20240201,12:38:34,2.0,300,100350
20240201,12:38:51,2.15,2650,100350
20240201,12:39:00,2.1,900,106750
20240201,12:39:08,2.1,150,106750
20240201,12:39:17,2.15,100,106750
20240201,12:39:25,2.15,50,106750
20240201,12:39:41,2.1,250,106750
20240201,12:39:49,2.1,250,106750
20240201,12:39:58,2.15,600,106750
20240201,12:40:06,2.1,200,106750
20240201,12:40:14,2.1,1700,106750
20240201,12:40:32,2.1,2450,106750
20240201,12:40:41,2.15,100,106750
20240201,12:40:49,2.1,50,106750
20240201,12:41:15,2.1,150,106750
20240201,12:46:38,2.1,250,106700
20240201,12:46:46,2.1,150,106700
20240201,12:47:51,2.1,500,106700
20240201,12:48:02,2.1,200,106700
20240201,12:48:12,2.1,150,106900
20240201,12:49:09,2.1,250,106900
20240201,12:49:29,2.1,500,106900
20240201,12:50:09,2.1,50,106900
20240201,12:51:08,2.15,50,107850
20240201,12:52:47,2.1,200,107850
20240201,12:55:42,2.05,450,108100
20240201,12:55:51,2.05,50,108100
20240201,12:56:36,2.05,200,108100
20240201,12:58:52,2.1,50,108050
20240201,12:59:18,2.1,100,108050
20240201,13:00:10,2.05,50,108100
20240201,13:01:03,2.1,50,108100
20240201,13:01:37,2.05,50,108100
20240201,13:02:20,2.0,1350,108100
20240201,13:02:30,2.0,250,108100
20240201,13:03:21,1.9,100,109350
20240201,13:03:54,1.9,50,109350
20240201,13:04:12,1.9,50,109350
20240201,13:04:28,1.9,3450,109350
20240201,13:05:33,2.0,150,109350
20240201,13:05:51,2.0,50,109350
20240201,13:06:46,2.0,250,111100
20240201,13:06:53,2.05,50,111100
20240201,13:07:09,2.0,200,111100
20240201,13:08:13,2.0,250,111100
20240201,13:08:20,2.0,50,111100
20240201,13:08:35,2.0,1800,111100
20240201,13:08:57,2.0,1500,111100
20240201,13:09:59,2.0,1800,113450
20240201,13:10:08,2.0,50,113450
20240201,13:10:25,2.0,5300,113450
20240201,13:10:57,2.0,900,113450
20240201,13:11:40,2.0,3550,113450
20240201,13:11:56,2.0,1800,113450
20240201,13:13:30,1.9,250,124200
20240201,13:14:21,1.95,50,124200
20240201,13:14:29,1.95,1000,124200
20240201,13:16:34,1.9,100,124200
20240201,13:16:56,1.9,50,124200
20240201,13:18:02,1.95,2600,125650
20240201,13:18:09,2.0,400,125650
20240201,13:18:38,1.95,250,125650
20240201,13:18:53,1.95,200,125650
20240201,13:20:22,1.95,450,125650
20240201,13:23:06,1.9,900,126950
20240201,13:25:51,1.9,1800,127150
20240201,13:26:04,1.9,900,127150
20240201,13:26:48,1.9,1800,127150
20240201,13:27:46,1.9,1100,127150
20240201,13:28:32,1.95,50,127150
20240201,13:29:55,1.85,50,127150
20240201,13:30:09,1.85,1900,127200
20240201,13:30:22,1.9,100,127200
20240201,13:30:56,1.9,50,127200
20240201,13:31:34,1.95,200,127200
20240201,13:32:22,1.95,50,127200
20240201,13:32:57,1.95,800,127200
20240201,13:33:36,2.0,100,128950
20240201,13:34:15,1.95,50,128950
20240201,13:34:23,1.95,50,128950
20240201,13:35:27,1.9,50,128950
20240201,13:36:09,1.9,250,129100
20240201,13:36:53,2.0,100,129100
20240201,13:38:13,2.0,1850,129100
20240201,13:38:55,2.05,50,129100
20240201,13:39:08,2.05,50,129100
20240201,13:39:21,2.05,50,129000
20240201,13:39:35,2.1,1850,129000
20240201,13:40:13,2.05,250,129000
20240201,13:40:34,2.1,450,129000
20240201,13:40:49,2.05,250,129000
20240201,13:41:06,2.1,2650,129000
20240201,13:41:29,2.05,400,129000
20240201,13:41:43,2.05,1300,129000
20240201,13:41:51,2.05,50,129000
20240201,13:42:32,2.05,600,133500
20240201,13:42:40,2.1,200,133500
20240201,13:42:48,2.05,100,133500
20240201,13:42:55,2.1,1850,133500
20240201,13:43:03,2.05,50,133500
20240201,13:43:18,2.05,200,133500
20240201,13:43:39,2.05,650,133500
20240201,13:43:47,2.05,900,133500
20240201,13:43:54,2.1,1050,133500
20240201,13:44:43,2.1,200,133500
20240201,13:46:19,2.1,50,136700
20240201,13:46:32,2.05,2950,136700
20240201,13:46:46,2.05,50,136700
20240201,13:47:13,2.05,100,136700
20240201,13:49:43,2.0,150,138000
20240201,13:49:57,1.95,200,138000
20240201,13:50:11,2.05,1800,138000
20240201,13:52:29,2.0,100,140050
20240201,13:53:16,2.0,100,140050
20240201,13:53:24,2.0,50,140050
20240201,13:53:54,2.0,250,140050
20240201,13:54:01,2.0,700,140050
20240201,13:54:08,2.0,100,140800
20240201,13:54:16,2.0,150,140800
20240201,13:54:31,2.05,1800,140800
20240201,13:54:52,1.9,11900,140800
20240201,13:54:59,1.85,8150,140800
20240201,13:55:06,1.85,300,140800
20240201,13:55:13,1.85,5450,140800
20240201,13:55:21,1.8,25850,140800
20240201,13:55:28,1.7,41050,140800
20240201,13:55:36,1.8,50,140800
20240201,13:55:43,1.8,5200,140800
20240201,13:55:50,1.85,4250,140800
20240201,13:55:57,1.85,7150,140800
20240201,13:56:04,1.8,1050,140800
20240201,13:56:11,1.8,4950,140800
20240201,13:56:17,1.85,37850,140800
20240201,13:56:24,1.85,2450,140800
20240201,13:56:31,1.85,12500,140800
20240201,13:56:38,1.8,4000,140800
20240201,13:56:45,1.8,4000,140800
20240201,13:57:14,1.8,100,289200
20240201,13:57:36,1.8,50,289200
20240201,13:57:58,1.85,8850,289200
20240201,13:58:05,1.8,27250,289200
20240201,13:58:12,1.85,14400,289200
20240201,13:58:19,1.85,21650,289200
20240201,13:58:26,1.85,10850,289200
20240201,13:58:34,1.85,3100,289200
20240201,13:58:42,1.8,500,289200
20240201,13:58:49,1.85,19150,289200
20240201,13:58:57,1.85,1800,289200
20240201,13:59:13,1.85,800,289200
20240201,13:59:28,1.85,20050,289200
20240201,13:59:36,1.9,1450,289200
20240201,13:59:51,1.85,100,289200
20240201,13:59:58,1.85,100,289200
20240201,14:00:05,1.9,4050,395200
20240201,14:00:13,1.9,3350,395200
20240201,14:00:20,1.9,400,395200
20240201,14:00:35,1.9,3600,395200
20240201,14:00:41,1.85,400,395200
20240201,14:01:10,1.85,500,395200
20240201,14:01:36,1.85,3400,395200
20240201,14:02:03,1.85,1050,395200
20240201,14:02:10,1.85,1100,395200
20240201,14:02:17,1.8,50,395200
20240201,14:03:55,1.85,100,409900
20240201,14:04:01,1.85,50,409900
20240201,14:04:37,1.85,2300,409900
20240201,14:04:50,1.85,3600,409900
20240201,14:05:03,1.85,1150,409900
20240201,14:05:16,1.8,350,409900
20240201,14:06:32,1.85,2400,415350
20240201,14:08:35,1.8,400,415350
20240201,14:08:51,1.8,100,415350
20240201,14:09:07,1.8,50,415350
20240201,14:10:07,1.8,50,417150
20240201,14:13:26,1.85,100,417150
20240201,14:13:34,1.8,350,417150
20240201,14:14:03,1.85,2300,417150
20240201,14:14:11,1.9,550,417150
20240201,14:14:18,1.9,550,417150
20240201,14:14:25,1.9,250,417150
20240201,14:14:33,1.9,4400,417150
20240201,14:14:40,1.85,2200,417150
20240201,14:14:48,1.8,3300,417150
20240201,14:14:55,1.85,850,417150
20240201,14:15:25,1.85,100,422700
20240201,14:16:07,1.85,100,422700
20240201,14:17:08,1.8,450,422700
20240201,14:17:15,1.85,500,422700
20240201,14:17:28,1.8,250,422700
20240201,14:17:42,1.85,1500,422700
20240201,14:17:55,1.85,200,422700
20240201,14:18:32,1.8,200,424800
20240201,14:19:10,1.8,100,424800
20240201,14:19:57,1.8,100,424800
20240201,14:20:34,1.75,200,424800
20240201,14:20:40,1.75,200,424800
20240201,14:20:46,1.75,100,424800
20240201,14:20:52,1.75,200,424800
20240201,14:21:12,1.7,200,425000
20240201,14:21:18,1.7,1800,425000
20240201,14:23:10,1.65,2050,425000
20240201,14:24:27,1.65,400,425700
20240201,14:24:53,1.75,1800,425700
20240201,14:25:50,1.75,550,425700
20240201,14:27:18,1.75,650,425700
20240201,14:27:23,1.8,100,425700
20240201,14:28:14,1.75,1500,425700
20240201,14:28:40,1.75,750,425700
20240201,14:28:48,1.75,50,425700
20240201,14:29:16,1.75,100,425700
20240201,14:30:11,1.8,100,425700
20240201,14:36:20,1.7,2400,425300
20240201,14:37:10,1.7,1000,425300
20240201,14:37:15,1.7,650,425300
20240201,14:37:21,1.7,3350,425300
20240201,14:37:42,1.7,1000,425300
20240201,14:38:01,1.7,800,425300
20240201,14:39:17,1.65,100,425450
20240201,14:39:37,1.65,50,425450
20240201,14:40:13,1.7,150,425450
20240201,14:40:51,1.6,250,425450
20240201,14:41:11,1.6,1300,425450
20240201,14:42:27,1.7,250,424650
20240201,14:42:33,1.65,100,424650
20240201,14:42:39,1.7,300,424650
20240201,14:42:45,1.55,250,424650
20240201,14:43:17,1.55,200,424650
20240201,14:43:50,1.65,500,424650
20240201,14:44:55,1.65,100,424650
20240201,14:45:25,1.6,1700,424250
20240201,14:46:33,1.7,400,424250
20240201,14:46:48,1.7,100,424250
20240201,14:47:15,1.65,150,424250
20240201,14:47:21,1.7,50,424250
20240201,14:50:11,1.7,150,425800
20240201,14:50:32,1.7,350,425800
20240201,14:50:48,1.7,400,425800
20240201,14:51:14,1.7,400,425800
20240201,14:54:25,1.7,500,425450
20240201,14:54:52,1.7,900,425450
20240201,14:54:59,1.7,300,425450
20240201,14:56:21,1.7,850,425450
20240201,14:56:38,1.65,500,425450
20240201,14:58:25,1.7,50,425350
20240201,14:59:58,1.6,1500,425350
20240201,15:02:41,1.7,1000,426900
20240201,15:02:49,1.7,100,426900
20240201,15:02:57,1.75,400,426900
20240201,15:04:30,1.7,1400,426900
20240201,15:04:54,1.7,400,426900
20240201,15:05:33,1.7,800,426900
20240201,15:05:47,1.65,500,426900
20240201,15:06:02,1.65,300,426900
20240201,15:06:08,1.65,400,426900
20240201,15:06:22,1.65,1400,427350
20240201,15:06:37,1.65,200,427350
20240201,15:07:06,1.65,400,427350
20240201,15:07:21,1.6,150,427350
20240201,15:07:34,1.65,800,427350
20240201,15:07:42,1.65,500,427350
20240201,15:07:56,1.65,550,427350
20240201,15:08:11,1.6,200,427350
20240201,15:08:18,1.6,1200,427350
20240201,15:08:32,1.65,300,427350
20240201,15:08:47,1.65,900,427350
20240201,15:08:56,1.6,1000,427350
20240201,15:09:18,1.6,700,428550
20240201,15:09:59,1.65,200,428550
20240201,15:10:06,1.6,200,428550
20240201,15:10:57,1.65,950,428550
20240201,15:11:11,1.65,150,428550
20240201,15:11:25,1.6,50,428550
20240201,15:11:53,1.6,800,428550
20240201,15:12:26,1.6,1000,428550
20240201,15:12:56,1.6,500,428550
20240201,15:13:03,1.6,750,428550
20240201,15:13:16,1.65,100,428550
20240201,15:13:31,1.55,750,428550
20240201,15:14:14,1.6,300,428550
20240201,15:15:35,1.55,200,427900
20240201,15:16:50,1.6,50,427900
20240201,15:17:25,1.65,50,427900
20240201,15:17:33,1.65,1500,427900
20240201,15:17:47,1.6,1700,427900
20240201,15:17:55,1.6,450,427900
20240201,15:18:25,1.6,50,430100
20240201,15:18:32,1.6,1700,430100
20240201,15:18:53,1.55,4000,430100
20240201,15:19:01,1.6,3600,430100
20240201,15:19:53,1.55,50,430100
20240201,15:20:21,1.5,1500,430100
20240201,15:20:36,1.5,1000,430100
20240201,15:20:51,1.5,1500,430100
20240201,15:21:05,1.5,1800,430100
20240201,15:21:13,1.55,50,430100
20240201,15:21:22,1.5,1650,430100
20240201,15:22:07,1.55,1200,430700
20240201,15:22:41,1.55,200,430700
20240201,15:22:48,1.55,1200,430700
20240201,15:22:56,1.55,50,430700
20240201,15:23:42,1.55,5000,430700
20240201,15:23:50,1.6,100,430700
20240201,15:23:58,1.55,400,430700
20240201,15:24:05,1.6,6000,430700
20240201,15:25:12,1.55,100,429400
20240201,15:25:20,1.55,50,429400
20240201,15:25:44,1.6,400,429400
20240201,15:25:55,1.55,500,429400
20240201,15:26:53,1.55,150,429400
20240201,15:27:27,1.55,400,429300
20240201,15:27:52,1.55,900,429300
20240201,15:28:05,1.6,6350,429300
20240201,15:28:18,1.65,100,429300
20240201,15:28:45,1.6,700,429300
20240201,15:28:52,1.6,1200,429300
20240201,15:28:59,1.6,100,429300
20240201,15:29:14,1.6,50,429300
20240201,15:29:36,1.65,5400,429300
20240201,15:29:44,1.65,700,429300
20240201,15:29:52,1.55,2300,429300
20240201,15:30:00,1.55,1500,429300
20240202,09:15:02,1.4,1,435700
20240202,09:15:02,1.4,800,435700
20240202,09:15:02,1.4,200,435700
20240202,09:15:03,1.65,50,435700
20240202,09:15:05,1.65,50,435700
20240202,09:15:07,1.7,50,435700
20240202,09:15:08,1.9,50,435700
20240202,09:15:09,1.9,250,435700
20240202,09:15:10,1.65,150,435700
20240202,09:15:16,1.65,1350,435700
20240202,09:15:18,1.6,200,435700
20240202,09:15:19,1.6,300,435700
20240202,09:15:25,1.6,200,435700
20240202,09:15:26,1.6,1450,435700
20240202,09:15:27,1.6,500,435700
20240202,09:15:30,1.55,50,435700
20240202,09:15:32,1.55,1850,435700
20240202,09:15:37,1.5,600,435700
20240202,09:15:41,1.6,50,435700
20240202,09:15:42,1.5,700,435700
20240202,09:15:43,1.5,50,435700
20240202,09:15:44,1.55,400,435700
20240202,09:15:45,1.55,1000,435700
20240202,09:15:46,1.55,200,435700
20240202,09:15:48,1.55,650,435700
20240202,09:15:50,1.55,50,435700
20240202,09:15:55,1.5,2000,435700
20240202,09:15:56,1.55,1850,435700
20240202,09:15:57,1.55,400,435700
20240202,09:16:01,1.55,50,435700
20240202,09:16:09,1.5,450,435700
20240202,09:16:12,1.5,2000,435700
20240202,09:16:50,1.5,250,435700
20240202,09:16:51,1.5,1200,435700
20240202,09:16:52,1.5,1300,435700
20240202,09:17:06,1.5,2250,435700
20240202,09:17:09,1.55,750,435700
20240202,09:17:10,1.55,50,435700
20240202,09:17:14,1.5,150,444050
20240202,09:17:36,1.55,3000,444050
20240202,09:17:42,1.55,500,444050
20240202,09:17:53,1.5,100,444050
20240202,09:17:56,1.5,350,444050
20240202,09:17:59,1.5,100,444050
20240202,09:18:00,1.5,100,444050
20240202,09:18:01,1.5,50,444050
20240202,09:18:02,1.5,850,444050
20240202,09:18:06,1.5,400,444050
20240202,09:18:20,1.5,250,444050
20240202,09:18:30,1.5,1200,444050
20240202,09:18:31,1.5,1900,444050
20240202,09:18:33,1.5,50,444050
20240202,09:18:34,1.5,750,444050
20240202,09:18:47,1.45,200,444050
20240202,09:18:48,1.45,1600,444050
20240202,09:19:05,1.5,50,444050
20240202,09:19:13,1.5,300,444050
20240202,09:19:21,1.5,50,444050
20240202,09:19:22,1.5,500,444050
20240202,09:19:46,1.5,50,444050
20240202,09:20:10,1.45,100,444050
20240202,09:20:16,1.45,50,445600
20240202,09:20:23,1.5,150,445600
20240202,09:20:40,1.5,1800,445600
20240202,09:20:41,1.5,50,445600
20240202,09:20:43,1.45,200,445600
20240202,09:20:45,1.5,200,445600
20240202,09:20:48,1.5,450,445600
20240202,09:20:55,1.45,100,445600
20240202,09:21:18,1.45,50,445600
20240202,09:21:35,1.45,100,445600
20240202,09:21:52,1.5,300,445600
20240202,09:22:04,1.5,1900,445600
20240202,09:22:15,1.45,300,445600
20240202,09:22:18,1.5,50,445600
20240202,09:22:41,1.5,50,445600
20240202,09:22:52,1.45,100,445600
20240202,09:23:01,1.45,150,445600
20240202,09:23:44,1.45,50,445600
20240202,09:23:47,1.5,50,441650
20240202,09:23:51,1.5,50,441650
20240202,09:24:18,1.5,2500,441650
20240202,09:24:27,1.45,50,441650
20240202,09:24:35,1.45,50,441650
20240202,09:24:47,1.5,50,441650
20240202,09:24:54,1.45,50,441650
20240202,09:24:59,1.5,50,441650
20240202,09:25:02,1.45,50,441650
20240202,09:25:15,1.5,2100,441650
20240202,09:25:42,1.5,5400,441650
20240202,09:25:44,1.5,1300,441650
20240202,09:25:48,1.5,100,441650
20240202,09:25:52,1.55,50,441650
20240202,09:26:10,1.55,50,441650
20240202,09:26:14,1.55,500,441650
20240202,09:26:26,1.55,500,442350
20240202,09:26:32,1.5,50,442350
20240202,09:26:34,1.55,50,442350
20240202,09:26:40,1.5,50,442350
20240202,09:26:42,1.5,100,442350
20240202,09:27:31,1.55,6200,442350
20240202,09:27:34,1.55,50,442350
20240202,09:27:38,1.6,700,442350
20240202,09:27:47,1.6,50,442350
20240202,09:28:03,1.55,1500,442350
20240202,09:28:05,1.6,50,442350
20240202,09:28:06,1.55,400,442350
20240202,09:28:07,1.55,1600,442350
20240202,09:28:11,1.55,2800,442350
20240202,09:28:36,1.55,50,442350
20240202,09:29:10,1.55,100,442350
20240202,09:29:16,1.6,5000,442350
20240202,09:29:21,1.55,500,442450
20240202,09:29:35,1.6,50,442450
20240202,09:29:47,1.55,50,442450
20240202,09:29:52,1.6,150,442450
20240202,09:30:43,1.6,100,442450
20240202,09:30:45,1.6,50,442450
20240202,09:30:49,1.6,100,442450
20240202,09:30:52,1.55,500,442450
20240202,09:30:54,1.6,200,442450
20240202,09:30:54,1.6,50,442450
20240202,09:30:57,1.55,50,442450
20240202,09:31:03,1.6,50,442450
20240202,09:31:05,1.55,50,442450
20240202,09:31:09,1.6,50,442450
20240202,09:31:13,1.55,50,442450
20240202,09:31:17,1.6,50,442450
20240202,09:31:19,1.55,200,442450
20240202,09:31:24,1.55,2050,442450
20240202,09:31:36,1.6,50,442450
20240202,09:31:37,1.6,50,442450
20240202,09:31:41,1.55,50,442450
20240202,09:31:46,1.6,50,442450
20240202,09:31:49,1.55,50,442450
20240202,09:31:56,1.55,800,442450
20240202,09:32:01,1.55,150,442450
20240202,09:32:16,1.55,50,442450
20240202,09:33:14,1.6,50,444700
20240202,09:33:30,1.55,50,444700
20240202,09:33:39,1.6,250,444700
20240202,09:34:17,1.6,100,444700
20240202,09:34:39,1.55,150,444700
20240202,09:35:06,1.6,250,444700
20240202,09:35:19,1.6,150,444450
20240202,09:35:28,1.6,100,444450
20240202,09:35:39,1.6,400,444450
20240202,09:35:41,1.6,650,444450
20240202,09:35:43,1.6,1200,444450
20240202,09:35:52,1.55,150,444450
20240202,09:36:22,1.6,50,444450
20240202,09:36:33,1.6,50,444450
20240202,09:36:36,1.6,100,444450
20240202,09:36:45,1.6,50,444450
20240202,09:36:48,1.55,50,444450
20240202,09:36:57,1.55,100,444450
20240202,09:37:28,1.6,150,444450
20240202,09:38:08,1.6,900,444450
20240202,09:38:12,1.6,350,444450
20240202,09:38:13,1.6,250,444450
20240202,09:38:18,1.55,50,447550
20240202,09:38:20,1.6,50,447550
20240202,09:38:21,1.55,50,447550
20240202,09:38:22,1.6,50,447550
20240202,09:38:50,1.55,150,447550
20240202,09:38:53,1.6,50,447550
20240202,09:38:55,1.6,500,447550
20240202,09:38:56,1.6,300,447550
20240202,09:38:57,1.6,50,447550
20240202,09:39:00,1.6,100,447550
20240202,09:39:05,1.6,150,447550
20240202,09:39:08,1.55,100,447550
20240202,09:39:26,1.6,50,447550
20240202,09:39:36,1.55,50,447550
20240202,09:39:41,1.6,50,447550
20240202,09:39:54,1.6,200,447550
20240202,09:40:28,1.6,2200,447550
20240202,09:40:32,1.6,150,447550
20240202,09:40:52,1.6,200,447550
20240202,09:41:17,1.6,100,447550
20240202,09:41:18,1.55,50,449800
20240202,09:41:29,1.6,250,449800
20240202,09:41:34,1.6,5550,449800
20240202,09:41:35,1.6,100,449800
20240202,09:41:37,1.6,1700,449800
20240202,09:41:44,1.6,1800,449800
20240202,09:41:45,1.6,1400,449800
20240202,09:42:06,1.65,800,449800
20240202,09:42:06,1.6,2100,449800
20240202,09:42:09,1.65,50,449800
20240202,09:42:11,1.6,3000,449800
20240202,09:42:19,1.6,3050,449800
20240202,09:42:27,1.65,100,449800
20240202,09:42:33,1.65,250,449800
20240202,09:42:38,1.6,50,449800
20240202,09:42:39,1.65,500,449800
20240202,09:42:41,1.65,50,449800
20240202,09:42:50,1.65,1850,449800
20240202,09:42:51,1.65,2050,449800
20240202,09:42:53,1.65,250,449800
20240202,09:42:54,1.7,100,449800
20240202,09:42:55,1.65,200,449800
20240202,09:42:56,1.65,800,449800
20240202,09:43:09,1.65,800,449800
20240202,09:43:10,1.7,50,449800
20240202,09:43:22,1.7,2300,449800
20240202,09:43:23,1.7,50,449800
20240202,09:43:33,1.7,1200,449800
20240202,09:43:35,1.7,2000,449800
20240202,09:43:40,1.7,400,449800
20240202,09:43:42,1.7,800,449800
20240202,09:43:53,1.7,1200,449800
20240202,09:43:54,1.75,5400,449800
20240202,09:43:55,1.75,150,449800
20240202,09:44:05,1.7,3050,449800
20240202,09:44:06,1.7,50,449800
20240202,09:44:12,1.7,1800,449800
20240202,09:44:13,1.7,200,449800
20240202,09:44:15,1.65,50,449800
20240202,09:44:16,1.65,50,466050
20240202,09:44:18,1.7,50,466050
20240202,09:44:24,1.7,3550,466050
20240202,09:44:26,1.7,2200,466050
20240202,09:44:48,1.7,50,466050
20240202,09:44:50,1.7,50,466050
20240202,09:44:53,1.7,1800,466050
20240202,09:44:56,1.7,1800,466050
20240202,09:45:00,1.65,50,466050
20240202,09:45:08,1.7,50,466050
20240202,09:45:12,1.7,1800,466050
20240202,09:45:15,1.7,1800,466050
20240202,09:45:19,1.7,1800,466050
20240202,09:45:22,1.7,800,466050
20240202,09:45:23,1.7,1200,466050
20240202,09:45:29,1.7,1800,466050
20240202,09:45:59,1.7,2000,466050
20240202,09:46:01,1.75,1200,466050
20240202,09:46:06,1.75,650,466050
20240202,09:46:15,1.7,400,466050
20240202,09:46:18,1.7,400,466050
20240202,09:46:20,1.7,400,466050
20240202,09:46:20,1.75,50,466050
20240202,09:46:28,1.7,5150,466050
20240202,09:46:31,1.7,1500,466050
20240202,09:46:36,1.7,250,466050
20240202,09:46:37,1.7,150,466050
20240202,09:46:39,1.7,50,466050
20240202,09:46:51,1.7,100,466050
20240202,09:46:57,1.7,250,466050
20240202,09:47:03,1.7,100,466050
20240202,09:47:09,1.65,3050,466050
20240202,09:47:12,1.65,1350,466050
20240202,09:47:21,1.65,250,482400
20240202,09:47:23,1.6,50,482400
20240202,09:47:25,1.6,200,482400
20240202,09:47:25,1.65,50,482400
20240202,09:47:26,1.65,1000,482400
20240202,09:47:31,1.6,50,482400
20240202,09:47:47,1.65,50,482400
20240202,09:47:49,1.6,50,482400
20240202,09:47:50,1.6,200,482400
20240202,09:48:00,1.6,250,482400
20240202,09:48:11,1.65,50,482400
20240202,09:48:23,1.65,50,482400
20240202,09:48:28,1.6,50,482400
20240202,09:48:45,1.65,50,482400
20240202,09:48:50,1.6,50,482400
20240202,09:48:51,1.65,100,482400
20240202,09:49:02,1.65,50,482400
20240202,09:49:04,1.6,50,482400
20240202,09:49:10,1.6,500,482400
20240202,09:49:11,1.65,50,482400
20240202,09:49:25,1.65,50,482400
20240202,09:49:45,1.65,100,482400
20240202,09:49:46,1.65,50,482400
20240202,09:49:51,1.65,50,482400
20240202,09:49:52,1.65,50,482400
20240202,09:49:54,1.6,150,482400
20240202,09:49:55,1.65,150,482400
20240202,09:50:00,1.6,50,482400
20240202,09:50:06,1.65,200,482400
20240202,09:50:07,1.65,100,482400
20240202,09:50:08,1.65,6500,482400
20240202,09:50:14,1.65,50,482400
20240202,09:50:16,1.7,1900,482400
20240202,09:50:25,1.7,50,478250
20240202,09:50:29,1.65,200,478250
20240202,09:50:38,1.7,50,478250
20240202,09:50:59,1.65,50,478250
20240202,09:51:04,1.65,150,478250
20240202,09:51:11,1.65,1450,478250
20240202,09:51:15,1.65,200,478250
20240202,09:51:25,1.65,50,478250
20240202,09:51:26,1.7,100,478250
20240202,09:51:42,1.7,1800,478250
20240202,09:51:43,1.7,700,478250
20240202,09:51:53,1.7,1000,478250
20240202,09:51:56,1.7,50,478250
20240202,09:51:59,1.7,1450,478250
20240202,09:52:01,1.65,150,478250
20240202,09:52:45,1.7,50,478250
20240202,09:52:46,1.65,1050,478250
20240202,09:52:59,1.65,250,478250
20240202,09:53:15,1.65,2000,478250
20240202,09:53:15,1.65,3600,478250
20240202,09:53:16,1.65,2700,478250
20240202,09:53:17,1.65,1200,484050
20240202,09:53:29,1.65,800,484050
20240202,09:53:30,1.65,5050,484050
20240202,09:53:39,1.65,850,484050
20240202,09:53:42,1.6,8100,484050
20240202,09:53:43,1.65,7150,484050
20240202,09:53:44,1.65,250,484050
20240202,09:53:46,1.65,2150,484050
20240202,09:53:49,1.65,1750,484050
20240202,09:53:55,1.65,50,484050
20240202,09:53:59,1.65,50,484050
20240202,09:54:15,1.65,50,484050
20240202,09:54:19,1.6,2000,484050
20240202,09:54:21,1.6,50,484050
20240202,09:55:04,1.65,850,484050
20240202,09:55:06,1.65,150,484050
20240202,09:55:14,1.6,400,484050
20240202,09:55:18,1.65,200,484050
20240202,09:55:24,1.65,100,484050
20240202,09:55:27,1.65,100,484050
20240202,09:55:43,1.6,50,484050
20240202,09:56:30,1.6,50,497700
20240202,09:56:39,1.65,50,497700
20240202,09:56:46,1.6,50,497700
20240202,09:56:48,1.6,50,497700
20240202,09:57:08,1.65,50,497700
20240202,09:57:10,1.6,10350,497700
20240202,09:57:13,1.6,250,497700
20240202,09:57:15,1.6,1200,497700
20240202,09:57:16,1.6,3600,497700
20240202,09:57:17,1.6,1200,497700
20240202,09:57:19,1.6,1800,497700
20240202,09:57:19,1.6,950,497700
20240202,09:57:21,1.6,1800,497700
20240202,09:57:22,1.6,1800,497700
20240202,09:57:22,1.6,1850,497700
20240202,09:57:23,1.6,1800,497700
20240202,09:57:24,1.6,1200,497700
20240202,09:57:29,1.65,50,497700
20240202,09:57:32,1.6,50,497700
20240202,09:57:39,1.6,200,497700
20240202,09:57:50,1.6,100,497700
20240202,09:57:50,1.65,1600,497700
20240202,09:57:56,1.65,50,497700
20240202,09:58:06,1.6,50,497700
20240202,09:58:11,1.65,50,497700
20240202,09:58:22,1.6,200,497700
20240202,09:58:25,1.65,50,497700
20240202,09:58:36,1.6,200,497700
20240202,09:58:39,1.6,1800,497700
20240202,09:58:41,1.6,2650,497700
20240202,09:58:43,1.55,50,497700
20240202,09:58:52,1.6,50,497700
20240202,09:59:03,1.55,100,497700
20240202,09:59:04,1.55,50,497700
20240202,09:59:32,1.6,50,497700
20240202,09:59:41,1.55,50,484950
20240202,09:59:48,1.55,4050,484950
20240202,09:59:50,1.55,50,484950
20240202,10:00:08,1.6,500,484950
20240202,10:00:15,1.55,150,484950
20240202,10:00:30,1.55,500,484950
20240202,10:00:57,1.6,1800,484950
20240202,10:00:58,1.6,5400,484950
20240202,10:01:02,1.6,3100,484950
20240202,10:01:03,1.6,250,484950
20240202,10:01:08,1.6,100,484950
20240202,10:01:17,1.6,200,484950
20240202,10:01:28,1.6,1500,484950
20240202,10:01:29,1.6,650,484950
20240202,10:01:31,1.65,250,484950
20240202,10:01:36,1.65,5500,484950
20240202,10:01:54,1.65,50,484950
20240202,10:02:02,1.6,50,484950
20240202,10:02:09,1.6,11800,484950
20240202,10:02:10,1.65,3750,484950
20240202,10:02:11,1.65,2500,484950
20240202,10:02:16,1.65,1800,484950
20240202,10:02:18,1.7,500,484950
20240202,10:02:22,1.7,100,484750
20240202,10:02:23,1.65,200,484750
20240202,10:02:44,1.65,250,484750
20240202,10:02:50,1.7,800,484750
20240202,10:02:51,1.7,13100,484750
20240202,10:02:52,1.7,20800,484750
20240202,10:02:53,1.7,1550,484750
20240202,10:02:54,1.7,1800,484750
20240202,10:02:55,1.7,3150,484750
20240202,10:02:57,1.7,1800,484750
20240202,10:03:00,1.7,1500,484750
20240202,10:03:04,1.7,1250,484750
20240202,10:03:10,1.65,50,484750
20240202,10:03:11,1.65,1500,484750
20240202,10:03:14,1.65,1450,484750
20240202,10:03:14,1.65,1500,484750
20240202,10:03:32,1.6,1450,484750
20240202,10:03:57,1.6,1500,484750
20240202,10:04:07,1.6,1500,484750
20240202,10:04:11,1.6,1350,484750
20240202,10:05:06,1.6,50,484750
20240202,10:05:14,1.55,350,484750
20240202,10:05:25,1.6,50,475850
20240202,10:05:27,1.6,600,475850
20240202,10:05:50,1.6,4450,475850
20240202,10:06:03,1.6,50,475850
20240202,10:06:16,1.55,500,475850
20240202,10:06:43,1.6,3600,475850
20240202,10:06:43,1.6,6300,475850
20240202,10:06:44,1.6,500,475850
20240202,10:06:46,1.6,2500,475850
20240202,10:06:52,1.6,1200,475850
20240202,10:06:53,1.65,50,475850
20240202,10:07:02,1.6,100,475850
20240202,10:07:07,1.6,600,475850
20240202,10:07:12,1.6,1200,475850
20240202,10:07:35,1.6,6350,475850
20240202,10:07:46,1.6,300,475850
20240202,10:07:48,1.6,200,475850
20240202,10:07:50,1.6,50,475850
20240202,10:07:51,1.6,1800,475850
20240202,10:07:53,1.6,100,475850
20240202,10:09:32,1.55,50,468850
20240202,10:09:50,1.6,1100,468850
20240202,10:09:55,1.6,100,468850
20240202,10:10:00,1.55,1800,468850
20240202,10:10:00,1.55,5400,468850
20240202,10:10:09,1.55,1800,468850
20240202,10:10:10,1.55,1800,468850
20240202,10:10:31,1.55,1800,468850
20240202,10:10:33,1.55,400,468850
20240202,10:10:37,1.55,1000,468850
20240202,10:10:59,1.55,500,468850
20240202,10:11:11,1.55,800,468850
20240202,10:11:12,1.55,5200,468850
20240202,10:11:18,1.55,1800,468850
20240202,10:11:20,1.55,7200,468000
20240202,10:11:21,1.55,5200,468000
20240202,10:11:22,1.55,500,468000
20240202,10:11:31,1.5,1500,468000
20240202,10:11:32,1.5,1500,468000
20240202,10:11:33,1.5,1500,468000
20240202,10:11:35,1.55,1000,468000
20240202,10:11:41,1.55,3600,468000
20240202,10:11:42,1.55,7050,468000
20240202,10:11:56,1.55,200,468000
20240202,10:12:05,1.6,50,468000
20240202,10:12:35,1.55,1600,468000
20240202,10:13:48,1.6,1350,468000
20240202,10:14:25,1.55,1000,468000
20240202,10:15:02,1.55,200,470500
20240202,10:15:03,1.55,200,470500
20240202,10:16:10,1.55,1500,470500
20240202,10:16:37,1.6,1800,470500
20240202,10:17:42,1.6,1800,470500
20240202,10:17:54,1.55,500,472750
20240202,10:18:00,1.6,500,472750
20240202,10:18:18,1.55,1500,472750
20240202,10:18:24,1.55,1000,472750
20240202,10:18:43,1.6,500,472750
20240202,10:18:58,1.6,50,472750
20240202,10:19:07,1.6,1800,472750
20240202,10:19:24,1.6,100,472750
20240202,10:19:26,1.55,50,472750
20240202,10:19:27,1.55,600,472750
20240202,10:20:24,1.6,3600,472300
20240202,10:20:24,1.6,12000,472300
20240202,10:20:29,1.55,300,472300
20240202,10:20:40,1.55,1800,472300
20240202,10:20:43,1.55,1800,472300
20240202,10:20:44,1.55,400,472300
20240202,10:20:57,1.55,3600,472300
20240202,10:20:58,1.55,2200,472300
20240202,10:21:00,1.55,1350,472300
20240202,10:21:01,1.55,250,472300
20240202,10:21:02,1.55,1500,472300
20240202,10:21:04,1.55,1500,472300
20240202,10:21:07,1.55,1500,472300
20240202,10:21:08,1.55,3600,472300
20240202,10:21:09,1.55,20650,472300
20240202,10:21:28,1.5,1500,472300
20240202,10:21:33,1.55,100,472300
20240202,10:22:00,1.55,1500,472300
20240202,10:23:37,1.55,50,472300
20240202,10:25:16,1.5,50,463800
20240202,10:25:35,1.5,1000,463800
20240202,10:25:56,1.55,3600,463800
20240202,10:25:57,1.55,11250,463800
20240202,10:26:01,1.55,3600,463800
20240202,10:26:02,1.55,2500,463800
20240202,10:26:11,1.55,5400,463800
20240202,10:26:12,1.55,1600,463800
20240202,10:26:21,1.5,50,463150
20240202,10:26:22,1.55,50,463150
20240202,10:26:48,1.55,150,463150
20240202,10:27:50,1.5,50,463150
20240202,10:28:13,1.55,50,463150
20240202,10:28:15,1.5,500,463150
20240202,10:28:17,1.5,50,463150
20240202,10:28:50,1.5,100,463150
20240202,10:28:51,1.5,200,463150
20240202,10:28:52,1.5,450,463150
20240202,10:29:30,1.5,50,462550
20240202,10:29:39,1.5,150,462550
20240202,10:29:46,1.55,50,462550
20240202,10:30:13,1.5,1800,462550
20240202,10:30:45,1.5,1800,462550
20240202,10:31:32,1.55,1800,462550
20240202,10:31:33,1.55,600,462550
20240202,10:31:42,1.55,3200,462550
20240202,10:31:48,1.5,2000,462550
20240202,10:31:54,1.5,50,462550
20240202,10:32:03,1.5,50,462550
20240202,10:32:21,1.55,3600,462550
20240202,10:32:22,1.55,400,462550
20240202,10:32:24,1.55,3000,462050
20240202,10:32:25,1.55,12050,462050
20240202,10:32:29,1.5,200,462050
20240202,10:32:45,1.5,850,462050
20240202,10:32:54,1.5,50,462050
20240202,10:32:55,1.5,1800,462050
20240202,10:32:56,1.5,500,462050
20240202,10:33:02,1.5,600,462050
20240202,10:33:06,1.5,1800,462050
20240202,10:33:07,1.5,750,462050
20240202,10:33:08,1.5,300,462050
20240202,10:33:44,1.55,1400,462050
20240202,10:33:45,1.55,3600,462050
20240202,10:33:54,1.5,200,462050
20240202,10:34:11,1.55,1800,462050
20240202,10:34:12,1.55,2000,462050
20240202,10:34:38,1.5,500,462050
20240202,10:35:28,1.55,1400,461250
20240202,10:35:29,1.55,16250,461250
20240202,10:35:30,1.55,1900,461250
20240202,10:36:46,1.5,1800,461250
20240202,10:39:07,1.5,50,461250
20240202,10:39:28,1.5,6600,463700
20240202,10:39:28,1.5,3000,463700
20240202,10:39:37,1.5,200,463700
20240202,10:40:15,1.5,1000,463700
20240202,10:40:19,1.5,1800,463700
20240202,10:40:33,1.5,800,463700
20240202,10:40:43,1.55,50,463700
20240202,10:40:45,1.55,1800,463700
20240202,10:40:47,1.55,700,463700
20240202,10:41:07,1.55,1800,463700
20240202,10:41:22,1.55,300,463700
20240202,10:41:57,1.55,50,460300
20240202,10:42:18,1.5,300,460300
20240202,10:42:34,1.55,50,460300
20240202,10:42:39,1.5,1800,460300
20240202,10:42:41,1.5,3600,460300
20240202,10:42:42,1.5,1800,460300
20240202,10:42:44,1.5,7500,460300
20240202,10:42:45,1.5,500,460300
20240202,10:42:46,1.45,50,460300
20240202,10:42:46,1.45,2100,460300
20240202,10:42:48,1.5,50,460300
20240202,10:43:12,1.5,1800,460300
20240202,10:44:31,1.45,50,459200
20240202,10:45:30,1.5,300,459200
20240202,10:47:12,1.5,50,459200
20240202,10:47:26,1.45,200,459200
20240202,10:47:45,1.45,1800,459200
20240202,10:47:46,1.45,1800,459200
20240202,10:47:58,1.45,1800,459200
20240202,10:48:15,1.45,100,459200
20240202,10:48:18,1.45,1800,459200
20240202,10:48:20,1.45,1800,459200
20240202,10:48:21,1.45,1800,459200
20240202,10:48:22,1.45,18950,459200
20240202,10:48:24,1.45,50,459200
20240202,10:48:26,1.45,50,459200
20240202,10:49:14,1.45,50,459200
20240202,10:49:45,1.4,2700,459200
20240202,10:49:46,1.4,250,459200
20240202,10:49:55,1.4,250,459200
20240202,10:51:01,1.45,50,459200
20240202,10:51:14,1.45,50,459100
20240202,10:51:23,1.4,100,459100
20240202,10:52:20,1.4,250,459100
20240202,10:52:22,1.4,100,459100
20240202,10:52:36,1.4,350,459100
20240202,10:53:00,1.4,250,459100
20240202,10:54:15,1.4,250,459100
20240202,10:54:47,1.4,50,459000
20240202,10:55:38,1.45,400,459000
20240202,10:57:04,1.4,1800,459350
20240202,10:58:21,1.45,700,459350
20240202,10:58:25,1.45,650,459350
20240202,10:58:26,1.45,1800,459350
20240202,10:58:27,1.45,150,459350
20240202,10:58:28,1.45,1200,459350
20240202,10:58:36,1.45,25250,459350
20240202,10:58:38,1.45,1800,459350
20240202,10:58:39,1.45,1800,459350
20240202,10:58:40,1.45,3400,459350
20240202,10:58:47,1.45,50,459350
20240202,10:58:51,1.5,1800,459350
20240202,10:58:54,1.5,1200,459350
20240202,10:58:55,1.5,3900,459350
20240202,10:58:56,1.5,2300,459350
20240202,10:59:01,1.55,150,459350
20240202,10:59:02,1.5,50,459350
20240202,10:59:05,1.5,1800,459350
20240202,10:59:27,1.5,50,459350
20240202,10:59:31,1.5,500,460200
20240202,10:59:56,1.5,50,460200
20240202,11:00:16,1.5,50,460200
20240202,11:00:39,1.5,200,460200
20240202,11:01:09,1.5,50,460200
20240202,11:01:28,1.5,50,460200
20240202,11:01:40,1.5,600,460200
20240202,11:01:42,1.5,800,460200
20240202,11:02:25,1.5,200,460200
20240202,11:02:27,1.5,100,462550
20240202,11:03:38,1.5,250,462550
20240202,11:03:40,1.55,50,462550
20240202,11:03:57,1.55,400,462550
20240202,11:04:00,1.55,300,462550
20240202,11:04:02,1.55,250,462550
20240202,11:04:04,1.55,350,462550
20240202,11:04:08,1.55,350,462550
20240202,11:04:18,1.5,14350,462550
20240202,11:04:19,1.5,1900,462550
20240202,11:04:30,1.5,4200,462550
20240202,11:04:31,1.5,1050,462550
20240202,11:04:32,1.5,250,462550
20240202,11:04:33,1.5,1300,462550
20240202,11:04:40,1.5,300,462550
20240202,11:04:42,1.5,1800,462550
20240202,11:04:44,1.5,6150,462550
20240202,11:04:48,1.5,50,462550
20240202,11:05:05,1.45,50,462550
20240202,11:07:39,1.45,5100,468250
20240202,11:07:40,1.45,1500,468250
20240202,11:07:42,1.45,1000,468250
20240202,11:07:43,1.45,150,468250
20240202,11:07:51,1.45,200,468250
20240202,11:08:23,1.5,50,468250
20240202,11:08:32,1.45,50,475400
20240202,11:08:49,1.45,50,475400
20240202,11:10:23,1.45,1800,475400
20240202,11:10:30,1.45,50,475400
20240202,11:10:53,1.45,1800,475400
20240202,11:10:56,1.45,12150,475400
20240202,11:11:12,1.45,1800,475400
20240202,11:11:17,1.45,1800,475400
20240202,11:11:28,1.45,4050,472250
20240202,11:11:41,1.45,50,472250
20240202,11:11:45,1.4,50,472250
20240202,11:13:38,1.45,450,472250
20240202,11:13:39,1.45,650,472250
20240202,11:13:40,1.45,650,472250
20240202,11:13:42,1.45,900,472250
20240202,11:13:43,1.45,250,472250
20240202,11:13:45,1.45,3600,472250
20240202,11:13:46,1.45,4650,472250
20240202,11:13:48,1.45,1800,472250
20240202,11:13:53,1.5,400,472250
20240202,11:13:54,1.45,1800,472250
20240202,11:13:56,1.5,100,472250
20240202,11:13:57,1.5,100,472250
20240202,11:13:59,1.5,500,472250
20240202,11:14:01,1.5,500,472250
20240202,11:14:03,1.5,900,472250
20240202,11:14:08,1.5,1800,472250
20240202,11:14:09,1.5,350,472250
20240202,11:14:20,1.5,2400,472250
20240202,11:14:21,1.5,7400,472250
20240202,11:14:22,1.5,250,472250
20240202,11:14:23,1.5,250,472250
20240202,11:14:24,1.5,250,472250
20240202,11:15:11,1.5,100,472250
20240202,11:15:17,1.5,50,474500
20240202,11:15:27,1.5,1800,474500
20240202,11:15:28,1.5,500,474500
20240202,11:16:18,1.45,100,474500
20240202,11:16:21,1.5,400,474500
20240202,11:16:22,1.5,600,474500
20240202,11:16:23,1.5,400,474500
20240202,11:16:28,1.5,50,474500
20240202,11:16:32,1.5,2200,474500
20240202,11:16:33,1.5,1800,474500
20240202,11:16:34,1.5,3600,474500
20240202,11:16:35,1.5,6900,474500
20240202,11:17:10,1.5,50,474500
20240202,11:17:30,1.5,1800,466650
20240202,11:17:57,1.5,200,466650
20240202,11:18:40,1.5,400,466650
20240202,11:18:41,1.5,2600,466650
20240202,11:18:42,1.5,1000,466650
20240202,11:18:44,1.5,400,466650
20240202,11:19:13,1.55,5450,466650
20240202,11:20:19,1.55,1300,466650
20240202,11:20:56,1.5,200,466650
20240202,11:21:19,1.55,500,467750
20240202,11:21:20,1.55,300,467750
20240202,11:21:22,1.55,50,467750
20240202,11:21:23,1.55,1800,467750
20240202,11:21:26,1.55,8750,467750
20240202,11:21:33,1.55,100,467750
20240202,11:21:42,1.6,1200,467750
20240202,11:21:52,1.55,6000,467750
20240202,11:21:53,1.55,600,467750
20240202,11:22:32,1.55,300,467750
20240202,11:22:56,1.6,300,467750
20240202,11:23:04,1.55,300,467750
20240202,11:23:06,1.55,200,467750
20240202,11:23:08,1.55,50,467750
20240202,11:23:09,1.55,100,467750
20240202,11:23:10,1.55,50,467750
20240202,11:23:11,1.55,50,467750
20240202,11:23:12,1.55,100,467750
20240202,11:23:13,1.55,50,467750
20240202,11:23:14,1.55,100,467750
20240202,11:23:15,1.55,50,467750
20240202,11:23:16,1.55,50,467750
20240202,11:23:17,1.55,100,467750
20240202,11:23:18,1.55,1850,467750
20240202,11:23:19,1.55,50,467750
20240202,11:23:48,1.55,600,467300
20240202,11:23:49,1.55,1800,467300
20240202,11:23:50,1.55,7950,467300
20240202,11:23:52,1.55,2800,467300
20240202,11:23:54,1.6,11950,467300
20240202,11:23:56,1.55,1800,467300
20240202,11:23:57,1.55,1800,467300
20240202,11:23:59,1.55,1800,467300
20240202,11:24:09,1.55,600,467300
20240202,11:24:10,1.55,600,467300
20240202,11:24:11,1.55,600,467300
20240202,11:24:12,1.55,600,467300
20240202,11:24:31,1.55,1200,467300
20240202,11:25:09,1.6,2800,467300
20240202,11:25:21,1.6,300,467300
20240202,11:25:22,1.6,1800,467300
20240202,11:25:25,1.6,1800,467300
20240202,11:25:29,1.6,1800,467300
20240202,11:25:37,1.6,800,467300
20240202,11:25:44,1.6,1800,467300
20240202,11:25:45,1.6,1800,467300
20240202,11:25:47,1.6,200,467300
20240202,11:25:47,1.6,1800,467300
20240202,11:25:49,1.6,700,467300
20240202,11:25:50,1.6,6150,467300
20240202,11:26:15,1.55,600,467300
20240202,11:26:45,1.55,200,467300
20240202,11:27:07,1.55,14250,464500
20240202,11:27:08,1.55,25600,464500
20240202,11:27:11,1.55,4500,464500
20240202,11:27:15,1.55,1800,464500
20240202,11:27:15,1.55,450,464500
20240202,11:27:17,1.55,1800,464500
20240202,11:27:18,1.55,900,464500
20240202,11:27:19,1.55,1350,464500
20240202,11:27:21,1.55,5000,464500
20240202,11:27:22,1.55,200,464500
20240202,11:27:32,1.55,8350,464500
20240202,11:27:35,1.55,300,464500
20240202,11:27:36,1.55,1200,464500
20240202,11:27:38,1.55,1800,464500
20240202,11:27:48,1.5,450,464500
20240202,11:28:38,1.5,1800,464500
20240202,11:29:16,1.5,250,464500
20240202,11:29:36,1.55,200,466750
20240202,11:29:47,1.55,150,466750
20240202,11:30:21,1.5,600,466750
20240202,11:30:33,1.55,50,466750
20240202,11:30:43,1.55,100,466750
20240202,11:31:39,1.55,50,466750
20240202,11:32:01,1.55,50,466750
20240202,11:32:13,1.5,50,466750
20240202,11:32:27,1.5,50,466750
20240202,11:32:33,1.5,1500,467200
20240202,11:32:35,1.55,50,467200
20240202,11:32:37,1.5,550,467200
20240202,11:33:03,1.55,8600,467200
20240202,11:33:06,1.55,5350,467200
20240202,11:33:07,1.55,11650,467200
20240202,11:33:08,1.55,900,467200
20240202,11:33:09,1.5,1700,467200
20240202,11:33:10,1.55,1800,467200
20240202,11:33:11,1.55,9800,467200
20240202,11:33:12,1.5,4100,467200
20240202,11:33:22,1.55,3600,467200
20240202,11:33:23,1.55,5750,467200
20240202,11:33:24,1.55,1750,467200
20240202,11:33:34,1.5,300,467200
20240202,11:35:02,1.55,2800,467200
20240202,11:35:10,1.55,1800,467200
20240202,11:35:19,1.55,50,467200
20240202,11:36:28,1.55,200,462100
20240202,11:36:45,1.5,50,462100
20240202,11:36:46,1.55,4450,462100
20240202,11:36:47,1.55,6150,462100
20240202,11:36:50,1.55,8550,462100
20240202,11:36:52,1.55,3750,462100
20240202,11:36:52,1.55,1200,462100
20240202,11:36:53,1.55,8900,462100
20240202,11:36:55,1.55,7800,462100
20240202,11:36:57,1.55,1200,462100
20240202,11:36:58,1.55,3050,462100
20240202,11:37:00,1.55,600,462100
20240202,11:37:06,1.55,1500,462100
20240202,11:37:07,1.55,1800,462100
20240202,11:37:19,1.55,100,462100
20240202,11:37:30,1.55,600,462100
20240202,11:37:39,1.55,4650,462100
20240202,11:37:40,1.55,3150,462100
20240202,11:37:41,1.55,10900,462100
20240202,11:37:41,1.55,1900,462100
20240202,11:37:42,1.55,4050,462100
20240202,11:37:45,1.55,600,462100
20240202,11:37:46,1.55,1800,462100
20240202,11:37:47,1.55,3000,462100
20240202,11:37:48,1.55,1800,462100
20240202,11:37:48,1.55,600,462100
20240202,11:37:49,1.55,750,462100
20240202,11:37:54,1.5,6050,462100
20240202,11:37:55,1.55,2300,462100
20240202,11:37:56,1.55,3100,462100
20240202,11:37:57,1.55,250,462100
20240202,11:38:07,1.55,400,462100
20240202,11:38:12,1.55,1800,462100
20240202,11:38:13,1.55,500,462100
20240202,11:38:16,1.55,50,462100
20240202,11:38:17,1.55,500,462100
20240202,11:38:18,1.5,2200,462100
20240202,11:38:20,1.55,3200,462100
20240202,11:38:22,1.55,900,462100
20240202,11:38:28,1.55,200,462100
20240202,11:38:48,1.55,250,462100
20240202,11:39:11,1.6,1800,462100
20240202,11:39:12,1.55,450,462100
20240202,11:39:13,1.6,300,462100
20240202,11:39:14,1.6,1800,462100
20240202,11:39:19,1.55,450,462100
20240202,11:39:20,1.65,19700,462100
20240202,11:39:24,1.65,1900,462100
20240202,11:39:32,1.65,1800,462100
20240202,11:39:33,1.65,3350,462100
20240202,11:39:42,1.65,1800,462100
20240202,11:39:43,1.65,2150,462100
20240202,11:39:45,1.65,400,462100
20240202,11:39:46,1.7,4750,462100
20240202,11:39:55,1.7,50,462100
20240202,11:39:56,1.7,50,462100
20240202,11:40:02,1.65,50,462100
20240202,11:40:04,1.65,1800,462100
20240202,11:40:06,1.65,1800,462100
20240202,11:40:16,1.65,1800,462100
20240202,11:40:19,1.65,1800,462100
20240202,11:40:24,1.65,3200,462100
20240202,11:40:25,1.65,2050,462100
20240202,11:40:27,1.65,1800,462100
20240202,11:40:40,1.65,50,462100
20240202,11:40:44,1.65,6900,462100
20240202,11:40:45,1.65,550,462100
20240202,11:40:46,1.65,300,462100
20240202,11:40:47,1.65,350,462100
20240202,11:40:49,1.65,650,462100
20240202,11:41:04,1.7,250,462100
20240202,11:41:10,1.7,1800,462100
20240202,11:41:14,1.7,1800,462100
20240202,11:41:32,1.7,1800,462100
20240202,11:41:35,1.7,3250,472700
20240202,11:41:36,1.65,50,472700
20240202,11:41:37,1.7,1800,472700
20240202,11:41:46,1.65,600,472700
20240202,11:41:47,1.65,400,472700
20240202,11:42:31,1.7,2800,472700
20240202,11:42:32,1.65,13200,472700
20240202,11:42:34,1.7,400,472700
20240202,11:42:35,1.7,6000,472700
20240202,11:43:21,1.7,1600,472700
20240202,11:43:24,1.7,500,472700
20240202,11:43:34,1.7,50,472700
20240202,11:43:36,1.65,50,472700
20240202,11:43:52,1.65,500,472700
20240202,11:43:55,1.65,1500,472700
20240202,11:43:57,1.7,250,472700
20240202,11:44:02,1.7,50,472700
20240202,11:44:03,1.65,7200,472700
20240202,11:44:05,1.65,11050,472700
20240202,11:44:09,1.65,1200,472700
20240202,11:44:20,1.65,5500,472700
20240202,11:44:21,1.65,50,472700
20240202,11:44:23,1.65,50,472700
20240202,11:44:55,1.6,1900,463500
20240202,11:44:57,1.6,500,463500
20240202,11:45:06,1.6,250,463500
20240202,11:45:07,1.6,250,463500
20240202,11:45:09,1.6,1800,463500
20240202,11:45:10,1.6,8100,463500
20240202,11:45:13,1.6,850,463500
20240202,11:45:27,1.6,4050,463500
20240202,11:45:32,1.6,300,463500
20240202,11:45:58,1.6,100,463500
20240202,11:46:10,1.6,250,463500
20240202,11:46:11,1.6,450,463500
20240202,11:46:32,1.65,50,463500
20240202,11:46:36,1.65,1350,463500
20240202,11:46:38,1.65,1800,463500
20240202,11:46:43,1.65,800,463500
20240202,11:47:04,1.6,1000,463500
20240202,11:47:13,1.65,3400,463500
20240202,11:47:14,1.7,800,463500
20240202,11:47:22,1.65,500,463500
20240202,11:48:06,1.7,50,462400
20240202,11:48:56,1.65,250,462400
20240202,11:49:13,1.7,2450,462400
20240202,11:49:39,1.65,1000,462400
20240202,11:49:40,1.65,1800,462400
20240202,11:49:49,1.65,1000,462400
20240202,11:50:01,1.7,50,462400
20240202,11:50:08,1.7,50,462400
20240202,11:50:13,1.65,7000,462400
20240202,11:50:15,1.65,600,462400
20240202,11:50:23,1.65,1000,462400
20240202,11:50:24,1.65,12300,462400
20240202,11:50:25,1.65,250,462400
20240202,11:50:26,1.65,250,462400
20240202,11:50:29,1.65,1800,462400
20240202,11:50:33,1.65,100,462400
20240202,11:50:36,1.65,1800,467900
20240202,11:50:48,1.65,1800,467900
20240202,11:50:51,1.65,4500,467900
20240202,11:50:52,1.65,250,467900
20240202,11:50:53,1.65,600,467900
20240202,11:50:54,1.65,1800,467900
20240202,11:51:01,1.65,500,467900
20240202,11:51:02,1.65,4100,467900
20240202,11:51:08,1.65,50,467900
20240202,11:51:15,1.6,1800,467900
20240202,11:51:51,1.6,1000,467900
20240202,11:52:10,1.65,1250,467900
20240202,11:53:50,1.65,50,464550
20240202,11:53:55,1.6,500,464550
20240202,11:54:03,1.65,50,464550
20240202,11:55:39,1.65,150,464550
20240202,11:56:31,1.6,50,464550
20240202,11:56:37,1.6,150,464900
20240202,11:56:47,1.6,900,464900
20240202,11:56:48,1.6,1600,464900
20240202,11:56:57,1.65,200,464900
20240202,11:57:00,1.6,50,464900
20240202,11:57:01,1.6,100,464900
20240202,11:57:02,1.6,50,464900
20240202,11:57:06,1.6,50,464900
20240202,11:57:11,1.6,100,464900
20240202,11:57:11,1.6,200,464900
20240202,11:57:12,1.6,200,464900
20240202,11:57:21,1.6,200,464900
20240202,11:57:37,1.65,250,464900
20240202,11:57:49,1.65,250,464900
20240202,11:57:52,1.6,50,464900
20240202,11:59:06,1.6,200,464900
20240202,11:59:14,1.65,250,464900
20240202,11:59:17,1.6,550,464900
20240202,11:59:21,1.6,200,464900
20240202,11:59:23,1.6,200,464900
20240202,11:59:25,1.6,850,464900
20240202,11:59:44,1.6,800,464050
20240202,11:59:47,1.6,550,464050
20240202,11:59:49,1.6,550,464050
20240202,12:00:02,1.6,200,464050
20240202,12:00:03,1.6,900,464050
20240202,12:00:05,1.6,400,464050
20240202,12:00:11,1.6,19850,464050
20240202,12:01:42,1.55,2300,464050
20240202,12:01:50,1.6,23250,464050
20240202,12:02:02,1.6,500,464050
20240202,12:02:10,1.55,300,464050
20240202,12:02:14,1.6,50,464050
20240202,12:02:29,1.6,500,464050
20240202,12:02:30,1.6,2600,464050
20240202,12:02:52,1.6,250,463200
20240202,12:03:13,1.6,50,463200
20240202,12:03:16,1.55,150,463200
20240202,12:07:01,1.55,400,463200
20240202,12:07:24,1.55,15100,463200
20240202,12:07:38,1.6,7450,463200
20240202,12:07:42,1.6,2550,463200
20240202,12:08:38,1.55,600,463200
20240202,12:09:45,1.6,50,463200
20240202,12:09:50,1.55,500,463200
20240202,12:10:12,1.6,50,463200
20240202,12:10:16,1.55,100,463200
20240202,12:10:45,1.6,150,463200
20240202,12:12:14,1.6,50,463200
20240202,12:12:17,1.6,50,463850
20240202,12:12:27,1.55,300,463850
20240202,12:12:56,1.6,1000,463850
20240202,12:13:12,1.6,50,463850
20240202,12:13:44,1.6,450,463850
20240202,12:13:45,1.6,500,463850
20240202,12:14:50,1.55,150,463850
20240202,12:14:58,1.55,5600,464750
20240202,12:15:18,1.5,1000,464750
20240202,12:15:20,1.5,200,464750
20240202,12:15:36,1.5,50,464750
20240202,12:16:03,1.5,500,464750
20240202,12:16:18,1.5,250,464750
20240202,12:16:23,1.55,750,464750
20240202,12:16:59,1.5,1000,464750
20240202,12:17:05,1.5,10500,464750
20240202,12:17:06,1.5,8800,464750
20240202,12:17:09,1.5,1000,464750
20240202,12:17:10,1.5,3750,464750
20240202,12:17:21,1.5,50,464750
20240202,12:17:22,1.5,50,464750
20240202,12:17:24,1.5,50,464750
20240202,12:18:00,1.45,750,474900
20240202,12:18:02,1.45,50,474900
20240202,12:18:03,1.45,500,474900
20240202,12:18:05,1.45,1950,474900
20240202,12:18:06,1.5,3100,474900
20240202,12:18:07,1.45,100,474900
20240202,12:18:08,1.45,1700,474900
20240202,12:18:14,1.45,900,474900
20240202,12:18:14,1.45,1050,474900
20240202,12:18:15,1.45,2400,474900
20240202,12:18:16,1.45,4500,474900
20240202,12:18:34,1.45,400,474900
20240202,12:18:35,1.45,1800,474900
20240202,12:18:37,1.45,50,474900
20240202,12:18:47,1.45,50,474900
20240202,12:18:57,1.45,100,474900
20240202,12:19:38,1.4,150,474900
20240202,12:19:52,1.4,1000,474900
20240202,12:20:05,1.4,3600,474900
20240202,12:20:26,1.45,50,474900
20240202,12:20:43,1.4,500,472150
20240202,12:20:54,1.45,250,472150
20240202,12:21:06,1.4,500,472150
20240202,12:21:07,1.4,12200,472150
20240202,12:21:08,1.4,2350,472150
20240202,12:21:12,1.4,350,472150
20240202,12:21:26,1.4,50,472150
20240202,12:21:31,1.4,250,472150
20240202,12:21:37,1.4,300,472150
20240202,12:21:37,1.4,450,472150
20240202,12:21:39,1.4,350,472150
20240202,12:21:40,1.4,400,472150
20240202,12:22:19,1.4,300,472150
20240202,12:22:28,1.35,1800,472150
20240202,12:22:50,1.35,50,472150
20240202,12:23:07,1.4,50,472150
20240202,12:23:11,1.35,1250,472150
20240202,12:23:13,1.35,20050,472150
20240202,12:23:14,1.35,50,472150
20240202,12:23:15,1.35,100,472150
20240202,12:23:16,1.35,3900,472150
20240202,12:23:38,1.35,10000,472150
20240202,12:23:47,1.35,4350,485200
20240202,12:23:52,1.35,50,485200
20240202,12:23:55,1.35,50,485200
20240202,12:23:56,1.3,1800,485200
20240202,12:24:01,1.3,50,485200
20240202,12:24:07,1.3,200,485200
20240202,12:24:08,1.35,2800,485200
20240202,12:24:09,1.35,2000,485200
20240202,12:24:10,1.35,2400,485200
20240202,12:24:11,1.35,2800,485200
20240202,12:24:12,1.35,2000,485200
20240202,12:24:13,1.35,800,485200
20240202,12:24:15,1.35,500,485200
20240202,12:24:25,1.35,1600,485200
20240202,12:24:26,1.35,9950,485200
20240202,12:24:27,1.35,6800,485200
20240202,12:24:28,1.35,1700,485200
20240202,12:24:31,1.35,50,485200
20240202,12:24:33,1.35,1500,485200
20240202,12:24:35,1.35,100,485200
20240202,12:24:37,1.35,100,485200
20240202,12:24:38,1.35,5850,485200
20240202,12:24:39,1.35,4500,485200
20240202,12:24:47,1.4,3050,485200
20240202,12:24:48,1.35,200,485200
20240202,12:24:53,1.35,3500,485200
20240202,12:24:54,1.35,4450,485200
20240202,12:25:08,1.35,4800,485200
20240202,12:25:28,1.3,50,485200
20240202,12:25:43,1.3,3600,485200
20240202,12:26:00,1.35,800,485200
20240202,12:26:01,1.35,9200,485200
20240202,12:26:21,1.3,50,485200
20240202,12:26:29,1.3,50,485200
20240202,12:26:33,1.3,1800,485200
20240202,12:26:39,1.3,200,467900
20240202,12:27:06,1.3,1800,467900
20240202,12:27:15,1.3,50,467900
20240202,12:27:16,1.3,500,467900
20240202,12:27:18,1.35,550,467900
20240202,12:27:24,1.3,3500,467900
20240202,12:28:16,1.25,1800,467900
20240202,12:28:43,1.25,50,467900
20240202,12:28:45,1.25,50,467900
20240202,12:28:48,1.25,50,467900
20240202,12:28:52,1.25,50,467900
20240202,12:29:08,1.25,50,467900
20240202,12:29:17,1.25,3650,467900
20240202,12:29:19,1.25,50,467900
20240202,12:29:23,1.25,100,467900
20240202,12:29:28,1.25,50,467900
20240202,12:29:29,1.25,500,467900
20240202,12:29:45,1.25,400,465750
20240202,12:29:50,1.25,1300,465750
20240202,12:30:01,1.25,650,465750
20240202,12:30:14,1.2,1800,465750
20240202,12:30:35,1.2,11650,465750
20240202,12:30:37,1.2,3800,465750
20240202,12:30:43,1.2,50,465750
20240202,12:30:50,1.2,50,465750
20240202,12:30:52,1.2,3500,465750
20240202,12:31:12,1.15,1800,465750
20240202,12:31:15,1.15,1800,465750
20240202,12:31:17,1.15,3600,465750
20240202,12:31:19,1.15,200,465750
20240202,12:31:24,1.15,50,465750
20240202,12:31:25,1.15,50,465750
20240202,12:31:26,1.15,50,465750
20240202,12:31:27,1.15,50,465750
20240202,12:31:30,1.15,50,465750
20240202,12:31:34,1.15,50,465750
20240202,12:31:37,1.15,50,465750
20240202,12:31:47,1.15,500,465750
20240202,12:31:49,1.15,50,465750
20240202,12:31:54,1.15,50,465750
20240202,12:31:55,1.15,50,465750
20240202,12:31:56,1.15,50,465750
20240202,12:31:59,1.15,150,465750
20240202,12:32:07,1.15,400,465750
20240202,12:32:09,1.15,4650,465750
20240202,12:32:17,1.1,50,465750
20240202,12:32:35,1.1,750,465750
20240202,12:32:42,1.1,1800,455350
20240202,12:32:53,1.1,500,455350
20240202,12:34:09,1.1,500,455350
20240202,12:34:13,1.1,100,455350
20240202,12:34:17,1.1,500,455350
20240202,12:34:27,1.1,8300,455350
20240202,12:34:30,1.1,650,455350
20240202,12:34:35,1.1,800,455350
20240202,12:34:44,1.1,300,455350
20240202,12:34:50,1.1,250,455350
20240202,12:34:51,1.1,50,455350
20240202,12:34:52,1.1,600,455350
20240202,12:34:54,1.1,2200,455350
20240202,12:34:56,1.1,900,455350
20240202,12:35:07,1.1,1000,455350
20240202,12:35:15,1.05,250,455350
20240202,12:35:18,1.05,250,455350
20240202,12:35:28,1.05,50,455350
20240202,12:35:34,1.05,1800,455350
20240202,12:35:37,1.05,1500,455350
20240202,12:35:39,1.05,1250,455350
20240202,12:35:40,1.0,3150,450600
20240202,12:35:45,1.0,50,450600
20240202,12:35:48,1.0,1500,450600
20240202,12:35:54,1.05,500,450600
20240202,12:36:01,1.05,600,450600
20240202,12:36:15,1.0,1000,450600
20240202,12:36:20,1.05,1800,450600
20240202,12:36:21,1.05,1950,450600
20240202,12:36:24,1.05,1800,450600
20240202,12:36:25,1.0,50,450600
20240202,12:36:26,1.05,300,450600
20240202,12:36:37,1.0,50,450600
20240202,12:36:39,1.05,650,450600
20240202,12:37:17,1.05,50,450600
20240202,12:37:22,1.0,50,450600
20240202,12:37:25,1.0,1850,450600
20240202,12:37:27,1.0,50,450600
20240202,12:37:32,1.0,50,450600
20240202,12:37:40,1.0,600,450600
20240202,12:37:41,1.05,50,450600
20240202,12:37:45,1.0,1000,450600
20240202,12:37:47,1.05,500,450600
20240202,12:38:04,1.0,200,450600
20240202,12:38:11,1.0,1100,450600
20240202,12:38:12,1.0,50,450600
20240202,12:38:13,1.05,1500,450600
20240202,12:38:17,1.0,1150,450600
20240202,12:38:18,1.05,3800,450600
20240202,12:38:19,1.0,1000,450600
20240202,12:38:22,1.0,1850,450600
20240202,12:38:23,1.05,1800,450600
20240202,12:38:24,1.05,1700,450600
20240202,12:38:25,1.05,900,450600
20240202,12:38:30,1.05,50,450600
20240202,12:38:32,1.05,200,450600
20240202,12:38:40,1.0,50,450600
20240202,12:38:52,1.0,300,445150
20240202,12:38:53,1.0,1000,445150
20240202,12:39:00,1.0,1050,445150
20240202,12:39:01,1.0,50,445150
20240202,12:39:19,1.05,22350,445150
20240202,12:39:20,1.05,400,445150
20240202,12:39:21,1.05,100,445150
20240202,12:39:22,1.05,1800,445150
20240202,12:39:28,1.05,450,445150
20240202,12:39:30,1.05,1000,445150
20240202,12:39:48,1.05,300,445150
20240202,12:39:51,1.05,600,445150
20240202,12:39:54,1.05,500,445150
20240202,12:39:56,1.05,100,445150
20240202,12:39:57,1.05,6100,445150
20240202,12:39:58,1.05,100,445150
20240202,12:39:59,1.05,700,445150
20240202,12:40:00,1.05,750,445150
20240202,12:40:01,1.05,1450,445150
20240202,12:40:02,1.05,200,445150
20240202,12:40:03,1.05,1300,445150
20240202,12:40:04,1.05,700,445150
20240202,12:40:05,1.05,6400,445150
20240202,12:40:07,1.1,450,445150
20240202,12:40:08,1.05,50,445150
20240202,12:40:10,1.1,400,445150
20240202,12:40:10,1.05,50,445150
20240202,12:40:12,1.05,900,445150
20240202,12:40:17,1.1,1550,445150
20240202,12:40:18,1.1,1500,445150
20240202,12:40:23,1.1,650,445150
20240202,12:40:26,1.1,1500,445150
20240202,12:40:27,1.1,15150,445150
20240202,12:40:28,1.1,250,445150
20240202,12:40:47,1.1,50,445150
20240202,12:40:48,1.1,800,445150
20240202,12:40:53,1.05,200,445150
20240202,12:40:58,1.1,1500,445150
20240202,12:40:59,1.1,1500,445150
20240202,12:41:05,1.1,1500,445150
20240202,12:41:08,1.1,250,445150
20240202,12:41:13,1.1,1800,445150
20240202,12:41:30,1.1,300,445150
20240202,12:41:32,1.1,200,445150
20240202,12:41:35,1.1,300,445150
20240202,12:41:37,1.1,200,445150
20240202,12:42:04,1.05,850,432650
20240202,12:42:07,1.05,200,432650
20240202,12:42:09,1.05,1000,432650
20240202,12:42:11,1.05,550,432650
20240202,12:42:13,1.05,900,432650
20240202,12:42:15,1.05,550,432650
20240202,12:42:17,1.05,200,432650
20240202,12:42:19,1.05,1250,432650
20240202,12:42:20,1.05,1800,432650
20240202,12:42:21,1.05,100,432650
20240202,12:42:27,1.05,550,432650
20240202,12:42:29,1.05,1000,432650
20240202,12:42:30,1.05,1000,432650
20240202,12:42:32,1.05,1000,432650
20240202,12:42:34,1.05,1000,432650
20240202,12:42:36,1.05,1000,432650
20240202,12:42:37,1.05,1000,432650
20240202,12:42:40,1.05,500,432650
20240202,12:42:42,1.05,600,432650
20240202,12:42:42,1.05,500,432650
20240202,12:42:43,1.05,2200,432650
20240202,12:42:46,1.05,3750,432650
20240202,12:42:47,1.05,1000,432650
20240202,12:42:48,1.05,1000,432650
20240202,12:42:50,1.05,1000,432650
20240202,12:42:51,1.05,50,432650
20240202,12:42:51,1.05,6900,432650
20240202,12:42:54,1.05,500,432650
20240202,12:43:05,1.05,500,432650
20240202,12:43:09,1.05,100,432650
20240202,12:43:12,1.05,150,432650
20240202,12:43:16,1.0,50,432650
20240202,12:44:06,1.05,150,432650
20240202,12:44:10,1.05,500,432650
20240202,12:44:36,1.0,200,432650
20240202,12:44:52,1.05,500,431450
20240202,12:45:00,1.05,4000,431450
20240202,12:45:01,1.05,950,431450
20240202,12:45:03,1.0,50,431450
20240202,12:45:04,1.05,1000,431450
20240202,12:45:06,1.05,1800,431450
20240202,12:45:07,1.05,4500,431450
20240202,12:46:16,1.1,50,431450
20240202,12:49:01,1.05,1800,429600
20240202,12:49:42,1.05,500,429600
20240202,12:49:53,1.1,50,429600
20240202,12:50:59,1.1,1800,429600
20240202,12:51:20,1.1,250,429600
20240202,12:51:35,1.1,200,429600
20240202,12:51:58,1.1,550,429600
20240202,12:52:02,1.1,1500,429600
20240202,12:53:11,1.1,50,429600
20240202,12:54:05,1.05,200,431100
20240202,12:54:37,1.05,500,431100
20240202,12:55:42,1.1,250,431100
20240202,12:56:31,1.05,50,431100
20240202,13:00:07,1.1,3600,431100
20240202,13:03:15,1.05,27550,434700
20240202,13:03:17,1.05,50,434700
20240202,13:03:22,1.0,3400,434700
20240202,13:03:46,1.05,1800,434700
20240202,13:03:58,1.05,1800,434700
20240202,13:03:59,1.05,700,434700
20240202,13:04:02,1.05,250,434700
20240202,13:04:02,1.05,500,434700
20240202,13:04:03,1.0,250,434700
20240202,13:04:05,1.05,250,434700
20240202,13:05:27,1.05,250,434700
20240202,13:06:49,1.05,500,439800
20240202,13:06:52,1.05,3800,439800
20240202,13:07:31,1.05,50,439800
20240202,13:07:42,1.05,700,439800
20240202,13:09:58,1.0,50,440450
20240202,13:11:44,1.05,250,440450
20240202,13:12:00,1.0,150,440400
20240202,13:12:38,1.05,150,440400
20240202,13:12:40,1.0,150,440400
20240202,13:13:32,1.05,50,440400
20240202,13:13:35,1.0,50,440400
20240202,13:13:48,1.0,50,440400
20240202,13:14:01,1.05,50,440400
20240202,13:14:48,1.05,200,440350
20240202,13:14:50,1.05,12600,440350
20240202,13:14:52,1.05,250,440350
20240202,13:14:52,1.05,50,440350
20240202,13:14:53,1.05,250,440350
20240202,13:14:55,1.05,50,440350
20240202,13:14:58,1.05,100,440350
20240202,13:15:06,1.05,50,440350
20240202,13:15:40,1.1,750,440350
20240202,13:15:41,1.1,500,440350
20240202,13:15:42,1.1,1250,440350
20240202,13:15:43,1.1,250,440350
20240202,13:18:36,1.05,150,436950
20240202,13:18:47,1.05,1800,436950
20240202,13:18:48,1.05,250,436950
20240202,13:18:50,1.05,1500,436950
20240202,13:18:54,1.05,1500,436950
20240202,13:19:01,1.05,750,436950
20240202,13:19:04,1.05,500,436950
20240202,13:19:05,1.05,1000,436950
20240202,13:19:06,1.05,1800,436950
20240202,13:19:10,1.05,100,436950
20240202,13:19:15,1.1,50,436950
20240202,13:19:18,1.05,50,436950
20240202,13:19:28,1.05,50,436950
20240202,13:19:30,1.05,100,436950
20240202,13:19:31,1.05,100,436950
20240202,13:19:32,1.05,50,436950
20240202,13:19:33,1.05,500,436950
20240202,13:19:37,1.05,200,436950
20240202,13:19:45,1.05,1500,436950
20240202,13:19:59,1.05,50,436950
20240202,13:20:12,1.05,17850,436950
20240202,13:20:32,1.05,11050,436950
20240202,13:21:04,1.05,250,436950
20240202,13:22:04,1.05,50,445900
20240202,13:23:00,1.05,250,445900
20240202,13:23:10,1.05,50,445900
20240202,13:23:14,1.0,50,445900
20240202,13:23:56,1.05,50,446250
20240202,13:23:58,1.0,50,446250
20240202,13:24:11,1.0,38300,446250
20240202,13:24:13,1.0,50,446250
20240202,13:24:17,1.0,500,446250
20240202,13:24:20,1.0,50,446250
20240202,13:24:41,1.0,1550,446250
20240202,13:24:43,1.0,1850,446250
20240202,13:24:44,1.0,250,446250
20240202,13:24:46,1.0,250,446250
20240202,13:24:46,1.0,500,446250
20240202,13:24:47,1.0,1000,446250
20240202,13:24:48,1.0,750,446250
20240202,13:24:53,1.05,50,446250
20240202,13:24:57,1.0,16700,446250
20240202,13:25:01,1.05,250,446250
20240202,13:25:02,1.05,250,446250
20240202,13:25:04,1.0,450,446250
20240202,13:25:08,1.0,1800,446250
20240202,13:25:10,1.0,200,446250
20240202,13:25:40,1.0,1200,446250
20240202,13:25:43,1.05,500,446250
20240202,13:25:47,1.0,1000,446250
20240202,13:25:51,1.05,250,446250
20240202,13:25:58,1.0,250,446250
20240202,13:26:08,1.0,800,446250
20240202,13:26:14,1.0,50,446250
20240202,13:26:15,1.0,50,446250
20240202,13:26:17,1.0,50,446250
20240202,13:26:30,1.05,200,446250
20240202,13:26:55,1.05,50,459950
20240202,13:27:17,1.05,50,459950
20240202,13:27:21,1.0,50,459950
20240202,13:27:22,1.05,1800,459950
20240202,13:27:43,1.0,200,459950
20240202,13:27:46,1.0,200,459950
20240202,13:28:04,1.0,50,459950
20240202,13:28:09,1.0,100,459950
20240202,13:28:40,1.0,1000,459950
20240202,13:29:26,1.0,500,459950
20240202,13:30:07,1.05,200,458300
20240202,13:30:46,1.05,1800,458300
20240202,13:30:48,1.05,50,458300
20240202,13:30:55,1.05,50,458300
20240202,13:31:04,1.05,50,458300
20240202,13:31:07,1.05,50,458300
20240202,13:31:20,1.05,50,458300
20240202,13:31:21,1.05,50,458300
20240202,13:31:34,1.05,250,458300
20240202,13:32:10,1.05,50,458300
20240202,13:32:13,1.05,50,458300
20240202,13:32:17,1.05,50,458300
20240202,13:32:28,1.05,250,458300
20240202,13:32:29,1.0,1000,458300
20240202,13:32:33,1.05,50,458300
20240202,13:32:40,1.05,50,458300
20240202,13:32:56,1.05,600,457450
20240202,13:32:57,1.05,2400,457450
20240202,13:32:58,1.05,2450,457450
20240202,13:32:59,1.05,1800,457450
20240202,13:33:00,1.05,650,457450
20240202,13:33:02,1.0,250,457450
20240202,13:33:04,1.05,600,457450
20240202,13:33:05,1.05,1800,457450
20240202,13:33:06,1.05,12000,457450
20240202,13:33:11,1.1,2250,457450
20240202,13:33:12,1.1,1800,457450
20240202,13:33:22,1.1,600,457450
20240202,13:33:22,1.1,26800,457450
20240202,13:33:27,1.1,1200,457450
20240202,13:33:28,1.1,2700,457450
20240202,13:33:29,1.1,28150,457450
20240202,13:33:30,1.1,11950,457450
20240202,13:33:31,1.1,500,457450
20240202,13:33:32,1.1,2850,457450
20240202,13:33:35,1.1,250,457450
20240202,13:33:47,1.15,300,457450
20240202,13:34:18,1.1,1500,457450
20240202,13:34:20,1.1,1500,457450
20240202,13:34:31,1.1,50,457450
20240202,13:34:32,1.1,5700,457450
20240202,13:34:35,1.1,1500,457450
20240202,13:34:46,1.1,13900,457450
