date,time,tick_price,volume,open_interest
20231222,13:05:50,517.15,900,1500
20231222,13:05:58,516.65,600,1500
20231222,14:56:56,516.65,50,1500
20231222,15:04:43,516.65,50,1550
20231226,09:18:10,498.65,1,1500
20231226,09:18:10,498.65,350,1500
20231226,09:19:01,500.0,350,1500
20231226,09:19:17,501.2,350,1500
20231226,09:19:42,502.6,350,1500
20231226,09:19:50,502.7,100,1500
20231226,09:59:51,528.2,100,3000
20231226,10:04:38,555.4,100,3000
20231226,10:22:57,562.85,100,3100
20231226,10:24:51,576.95,50,3000
20231226,10:25:36,576.95,50,3000
20231226,10:30:27,573.15,100,3000
20231226,12:00:01,589.3,100,3100
20231226,12:25:21,597.55,100,3000
20231226,12:39:07,597.55,100,3000
20231226,12:44:54,575.15,100,3000
20231226,12:58:58,570.0,100,3100
20231226,13:02:47,567.7,100,3000
20231226,13:07:38,556.8,100,3100
20231226,13:17:49,570.95,100,3000
20231226,13:22:20,570.9,100,3000
20231226,13:34:10,572.75,100,3000
20231226,13:48:59,573.05,100,3000
20231226,14:12:02,559.9,100,3000
20231226,14:18:06,570.9,100,3100
20231226,14:31:41,577.55,100,3000
20231226,14:48:57,572.45,100,3100
20231226,14:59:24,557.8,100,3000
20231226,15:00:29,570.8,100,3100
20231226,15:02:04,564.4,100,3100
20231226,15:03:37,561.6,100,3100
20231226,15:11:51,556.8,100,3000
20231226,15:25:03,587.85,100,3000
20240103,10:24:45,547.6,1,2900
20240103,10:24:45,547.6,50,2900
20240103,10:25:56,527.95,50,2900
20240103,11:09:20,527.95,50,2950
20240103,11:21:02,554.4,50,3000
20240103,14:43:30,519.25,50,2950
20240103,14:51:16,519.25,50,2950
20240103,15:13:45,496.75,50,2950
20240103,15:16:31,483.35,300,2950
20240103,15:16:41,486.5,150,2950
20240103,15:16:50,484.4,200,2950
20240103,15:16:59,484.9,50,2950
20240103,15:19:31,493.45,150,2650
20240103,15:19:40,496.05,100,2650
20240103,15:20:21,493.4,100,2650
20240103,15:20:31,493.3,150,2650
20240103,15:21:25,492.85,100,2650
20240103,15:22:45,493.5,50,2400
20240103,15:22:54,492.9,50,2400
20240103,15:23:03,493.0,50,2400
20240105,14:55:19,606.3,1,2400
20240105,14:55:19,606.3,100,2400
20240108,09:49:25,525.2,1,2500
20240108,09:49:25,525.2,50,2500
20240109,09:34:12,541.65,1,2450
20240109,09:34:12,541.65,50,2450
20240109,13:50:07,571.75,50,2500
20240109,14:13:54,571.75,50,2550
20240112,09:29:38,585.9,1,2450
20240112,09:29:38,585.9,50,2450
20240112,09:32:45,556.35,50,2450
20240112,09:43:08,556.35,50,2450
20240112,15:06:12,722.0,50,2500
20240118,09:17:58,384.0,1,2450
20240118,09:17:58,384.1,600,2450
20240118,09:19:03,392.85,50,2450
20240118,09:19:22,393.3,1000,2450
20240118,09:19:31,388.15,150,2450
20240118,09:19:40,388.65,850,2450
20240118,09:20:34,391.25,900,2450
20240118,09:20:53,389.9,200,5850
20240118,09:21:45,387.85,800,5850
20240118,09:22:56,389.2,700,5850
20240118,09:27:25,382.7,200,7550
20240118,09:30:04,374.85,200,7650
20240118,09:31:29,370.35,1750,7650
20240118,09:31:41,373.45,600,7650
20240118,09:32:11,375.15,100,7650
20240118,09:33:46,369.55,50,10100
20240118,09:34:48,369.55,50,10100
20240118,09:35:26,367.45,100,10100
20240118,09:37:31,350.8,50,10200
20240118,09:37:53,350.8,500,10200
20240118,09:39:07,350.8,250,10650
20240118,09:39:17,353.95,50,10650
20240118,09:39:37,351.15,50,10650
20240118,09:39:47,350.4,50,10650
20240118,09:39:56,350.15,100,10650
20240118,09:40:18,348.15,50,10650
20240118,09:40:29,347.35,150,10650
20240118,09:40:52,346.1,50,10650
20240118,09:41:01,346.1,150,10650
20240118,09:41:21,348.65,50,10650
20240118,09:41:30,350.9,100,10650
20240118,09:42:19,352.85,200,10950
20240118,09:42:32,350.9,300,10950
20240118,09:43:04,351.8,100,10950
20240118,09:44:22,350.0,50,10950
20240118,09:45:02,351.05,100,11100
20240118,09:45:50,349.9,150,11100
20240118,09:46:48,345.0,100,11100
20240118,09:46:59,342.05,100,11100
20240118,09:47:11,338.9,200,11100
20240118,09:47:46,338.9,350,11100
20240118,09:48:29,338.7,50,11800
20240118,09:48:41,334.05,300,11800
20240118,09:48:53,334.0,200,11800
20240118,09:49:26,333.8,500,11800
20240118,09:50:16,330.0,450,11800
20240118,09:50:27,329.0,50,11800
20240118,09:50:38,329.0,200,11800
20240118,09:50:48,332.35,100,12650
20240118,09:51:10,325.0,300,12650
20240118,09:51:21,324.5,50,12650
20240118,09:51:33,320.95,100,12650
20240118,09:51:44,320.95,50,12650
20240118,09:52:03,321.25,200,12650
20240118,09:52:25,319.95,250,12650
20240118,09:52:36,319.95,100,12650
20240118,09:52:47,314.5,400,12650
20240118,09:52:58,313.0,500,12650
20240118,09:53:09,316.65,400,12650
20240118,09:53:18,321.05,200,12650
20240118,09:53:27,315.0,100,12650
20240118,09:53:45,318.7,100,14750
20240118,09:53:53,315.9,50,14750
20240118,09:54:10,316.25,250,14750
20240118,09:54:35,318.45,100,14750
20240118,09:54:45,319.5,50,14750
20240118,09:54:57,319.35,150,14750
20240118,09:55:07,316.25,600,14750
20240118,09:56:07,318.95,150,14750
20240118,09:56:57,312.25,50,15450
20240118,09:57:21,310.25,350,15450
20240118,09:57:32,310.25,250,15450
20240118,09:57:43,308.35,100,15450
20240118,09:58:06,308.35,50,15450
20240118,09:58:26,307.85,50,15450
20240118,09:58:37,307.85,100,15450
20240118,09:59:11,307.95,50,15450
20240118,10:00:13,309.65,50,15850
20240118,10:00:23,308.05,50,15850
20240118,10:00:34,312.8,200,15850
20240118,10:00:44,313.1,100,15850
20240118,10:00:55,312.25,50,15850
20240118,10:01:17,319.2,50,15850
20240118,10:01:28,319.0,50,15850
20240118,10:01:39,321.95,50,15850
20240118,10:01:50,320.3,400,15850
20240118,10:02:51,320.3,500,16400
20240118,10:03:12,321.85,50,16400
20240118,10:03:33,323.0,250,16400
20240118,10:03:43,318.45,50,16400
20240118,10:04:34,318.95,50,16400
20240118,10:04:54,319.85,100,16400
20240118,10:06:13,325.25,50,16800
20240118,10:06:35,325.75,200,16800
20240118,10:06:45,327.5,50,16800
20240118,10:07:19,337.05,100,16800
20240118,10:07:31,333.7,950,16800
20240118,10:07:42,328.7,100,16800
20240118,10:07:53,328.95,400,16800
20240118,10:08:25,332.35,200,16800
20240118,10:08:46,340.0,400,16800
20240118,10:08:57,340.0,100,17300
20240118,10:09:21,350.0,100,17300
20240118,10:09:34,349.5,250,17300
20240118,10:09:45,348.65,50,17300
20240118,10:09:57,363.45,250,17300
20240118,10:10:01,370.75,100,17300
20240118,10:10:03,370.35,400,17300
20240118,10:10:04,369.15,50,17300
20240118,10:10:06,367.9,100,17300
20240118,10:10:07,367.35,650,17300
20240118,10:10:09,368.5,50,17300
20240118,10:10:17,367.55,50,17300
20240118,10:10:22,370.15,50,17300
20240118,10:10:27,368.3,950,17300
20240118,10:10:40,361.05,50,17300
20240118,10:10:45,355.5,350,17300
20240118,10:10:46,356.05,50,17300
20240118,10:10:47,358.15,50,17300
20240118,10:10:56,357.65,400,17300
20240118,10:11:00,354.15,50,17300
20240118,10:11:12,354.1,150,17300
20240118,10:11:22,352.15,300,17300
20240118,10:11:44,343.35,1250,17300
20240118,10:12:28,352.45,50,16400
20240118,10:12:39,357.9,300,16400
20240118,10:12:50,356.65,50,16400
20240118,10:13:00,356.1,50,16400
20240118,10:13:11,356.75,50,16400
20240118,10:14:03,349.55,450,16400
20240118,10:14:13,348.7,150,16400
20240118,10:14:23,346.5,150,16400
20240118,10:15:14,348.8,350,16800
20240118,10:15:36,341.25,250,16800
20240118,10:15:48,340.05,350,16800
20240118,10:15:59,342.65,100,16800
20240118,10:16:09,341.6,350,16800
20240118,10:16:30,341.6,100,16800
20240118,10:16:40,337.25,150,16800
20240118,10:16:51,340.1,500,16800
20240118,10:17:03,338.2,350,16800
20240118,10:17:23,341.7,400,16800
20240118,10:17:33,341.55,250,16800
20240118,10:17:43,345.0,50,16800
20240118,10:18:03,343.85,150,18000
20240118,10:18:14,345.6,50,18000
20240118,10:18:24,343.85,50,18000
20240118,10:18:44,339.8,100,18000
20240118,10:19:04,337.0,50,18000
20240118,10:20:22,338.55,100,18000
20240118,10:20:32,342.6,1000,18000
20240118,10:20:42,342.1,100,18000
20240118,10:21:35,348.15,100,18550
20240118,10:21:45,347.65,50,18550
20240118,10:21:56,350.45,150,18550
20240118,10:22:07,349.7,150,18550
20240118,10:23:21,349.7,50,18550
20240118,10:24:55,349.7,50,18850
20240118,10:25:46,352.75,50,18850
20240118,10:25:56,353.95,50,18850
20240118,10:28:47,363.0,50,18800
20240118,10:29:09,364.75,100,18800
20240118,10:29:19,364.75,100,18800
20240118,10:29:50,363.0,400,18750
20240118,10:30:01,359.75,100,18750
20240118,10:30:21,363.05,150,18750
20240118,10:31:23,365.45,50,18750
20240118,10:34:05,355.0,50,19050
20240118,10:34:17,354.2,100,19050
20240118,10:35:21,353.05,50,19050
20240118,10:35:42,349.5,50,19050
20240118,10:36:13,353.15,50,19250
20240118,10:36:34,359.1,50,19250
20240118,10:36:55,360.65,100,19250
20240118,10:38:58,368.0,50,19350
20240118,10:39:29,368.8,100,19350
20240118,10:40:12,375.0,200,19350
20240118,10:40:34,370.7,400,19350
20240118,10:41:04,367.4,50,19350
20240118,10:41:15,365.4,50,19350
20240118,10:42:38,371.35,450,19550
20240118,10:42:50,373.5,50,19550
20240118,10:43:02,374.4,100,19550
20240118,10:43:14,373.25,600,19550
20240118,10:43:57,367.25,100,19550
20240118,10:45:05,379.0,300,19450
20240118,10:46:11,375.0,150,19450
20240118,10:46:32,373.0,50,19450
20240118,10:46:42,372.1,50,19450
20240118,10:47:24,372.1,50,19450
20240118,10:48:06,378.65,100,19050
20240118,10:48:30,388.75,50,19050
20240118,10:49:39,390.85,50,19050
20240118,10:50:01,382.95,200,19050
20240118,10:51:41,385.3,50,18850
20240118,10:51:54,384.4,50,18850
20240118,10:52:07,381.1,50,18850
20240118,10:53:23,383.45,400,18850
20240118,10:53:43,384.55,100,18850
20240118,10:54:03,382.2,100,18850
20240118,10:54:13,383.3,50,18850
20240118,10:54:45,378.65,400,18850
20240118,10:54:56,378.55,450,18850
20240118,10:55:07,375.3,50,18850
20240118,10:55:29,370.45,250,18850
20240118,10:55:52,371.45,100,18850
20240118,10:56:13,375.45,50,18850
20240118,10:56:34,379.6,450,18850
20240118,10:56:45,378.55,100,18850
20240118,10:57:26,376.5,100,18350
20240118,10:58:17,378.2,300,18350
20240118,11:00:10,380.55,200,18450
20240118,11:01:24,382.9,200,18450
20240118,11:01:45,382.05,50,18450
20240118,11:02:06,375.55,100,18450
20240118,11:03:38,371.5,50,18100
20240118,11:03:48,374.4,700,18100
20240118,11:04:08,373.5,150,18100
20240118,11:04:18,374.25,50,18100
20240118,11:10:15,395.95,50,18050
20240118,11:10:27,395.95,200,18050
20240118,11:10:38,390.0,50,18050
20240118,11:11:20,393.55,50,18050
20240118,11:12:01,393.55,50,18050
20240118,11:13:59,395.1,50,18050
20240118,11:14:40,393.65,50,18050
20240118,11:14:50,393.6,150,18050
20240118,11:15:20,387.55,350,18000
20240118,11:16:44,383.65,100,18000
20240118,11:17:06,382.75,200,18000
20240118,11:17:38,381.35,600,18000
20240118,11:17:48,382.15,50,18000
20240118,11:18:09,382.3,200,18850
20240118,11:18:48,381.7,400,18850
20240118,11:19:09,378.05,50,18850
20240118,11:19:40,377.95,100,18850
20240118,11:20:11,380.05,50,18850
20240118,11:21:00,379.8,250,18850
20240118,11:21:50,380.15,200,19400
20240118,11:24:23,392.8,50,19400
20240118,11:29:10,389.5,100,19400
20240118,11:29:29,389.5,50,19400
20240118,11:30:28,387.05,50,19400
20240118,11:32:18,399.0,200,19400
20240118,11:32:29,399.0,150,19400
20240118,11:33:13,394.85,50,19600
20240118,11:34:15,394.85,50,19600
20240118,11:34:24,393.4,50,19600
20240118,11:35:54,386.95,50,19600
20240118,11:42:11,377.3,50,19650
20240118,11:45:06,375.55,50,19600
20240118,11:46:22,378.0,50,19600
20240118,11:46:33,379.45,50,19600
20240118,11:47:10,378.85,50,19600
20240118,11:53:26,382.7,50,19650
20240118,11:54:26,387.7,100,19600
20240118,11:56:59,394.35,50,19600
20240118,11:57:41,400.0,50,19650
20240118,11:59:01,403.25,50,19650
20240118,12:03:40,403.25,200,19600
20240118,12:07:34,411.8,50,19600
20240118,12:08:32,411.8,50,19600
20240118,12:10:16,411.55,100,19600
20240118,12:10:48,411.0,700,19600
20240118,12:11:47,418.3,50,19600
20240118,12:15:51,418.3,150,19650
20240118,12:16:13,418.2,150,19650
20240118,12:18:31,415.35,50,19350
20240118,12:21:13,413.45,50,19350
20240118,12:21:23,415.05,50,19300
20240118,12:22:49,424.1,300,19300
20240118,12:25:01,428.65,100,19250
20240118,12:25:12,428.35,150,19250
20240118,12:26:07,431.4,100,19250
20240118,12:30:58,431.4,50,19250
20240118,12:31:09,415.0,50,19250
20240118,12:33:41,404.95,100,19250
20240118,12:35:04,388.8,250,19250
20240118,12:35:27,395.6,50,19250
20240118,12:36:10,400.0,100,19250
20240118,12:37:52,397.4,200,19300
20240118,12:40:20,392.8,50,19450
20240118,12:41:04,396.0,100,19450
20240118,12:41:57,394.05,50,19450
20240118,12:42:30,388.8,50,19500
20240118,12:43:18,379.3,100,19500
20240118,12:43:51,379.25,150,19500
20240118,12:44:26,377.95,700,19500
20240118,12:46:05,383.5,50,19000
20240118,12:46:16,382.35,50,19000
20240118,12:46:37,380.0,50,19000
20240118,12:47:31,380.75,100,19000
20240118,12:48:23,378.6,450,19100
20240118,12:48:57,375.0,300,19100
20240118,12:49:09,373.65,150,19100
20240118,12:49:44,376.2,50,19100
20240118,12:49:55,376.9,150,19100
20240118,12:50:49,383.95,50,19100
20240118,12:52:15,379.3,100,19250
20240118,12:52:58,385.2,200,19250
20240118,12:53:09,384.8,200,19250
20240118,12:54:36,386.35,50,19500
20240118,12:56:13,386.55,350,19500
20240118,12:56:35,386.35,50,19500
20240118,12:56:45,386.1,50,19500
20240118,12:59:46,374.75,250,19850
20240118,13:00:31,370.35,650,20100
20240118,13:01:06,376.1,50,20100
20240118,13:01:17,374.85,100,20100
20240118,13:03:25,372.05,500,19500
20240118,13:08:35,380.7,50,19950
20240118,13:11:13,380.4,50,20000
20240118,13:11:23,378.05,100,20000
20240118,13:11:44,379.45,50,20000
20240118,13:11:55,378.55,50,20000
20240118,13:12:47,376.1,100,20000
20240118,13:13:11,373.8,50,20000
20240118,13:17:39,374.9,150,20000
20240118,13:18:01,373.75,500,20000
20240118,13:23:36,385.65,50,20050
20240118,13:28:00,378.6,250,20000
20240118,13:31:28,374.8,50,20000
20240118,13:33:34,372.95,450,19950
20240118,13:35:53,374.45,50,19950
20240118,13:39:01,365.3,150,20400
20240118,13:41:01,367.35,50,20450
20240118,13:42:15,363.65,100,20450
20240118,13:43:08,365.75,150,20500
20240118,13:43:28,366.5,100,20500
20240118,13:44:54,367.65,50,20500
20240118,13:45:03,367.6,50,20500
20240118,13:45:13,367.65,50,20500
20240118,13:48:58,372.65,50,20500
20240118,13:49:28,373.05,50,20500
20240118,13:50:47,370.75,50,20500
20240118,13:50:57,369.65,400,20500
20240118,13:51:18,370.15,150,20500
20240118,13:51:28,371.1,100,20400
20240118,13:52:17,370.0,200,20400
20240118,13:53:15,370.8,100,20400
20240118,13:54:32,377.25,50,20300
20240118,13:55:25,377.4,500,20300
20240118,13:56:40,376.0,200,20300
20240118,13:58:23,378.0,100,20300
20240118,13:59:58,374.05,150,20300
20240118,14:00:57,371.5,50,20450
20240118,14:05:52,371.5,50,20400
20240118,14:07:13,370.35,50,20400
20240118,14:07:26,367.85,200,20400
20240118,14:07:37,367.85,250,20400
20240118,14:10:36,366.65,150,20400
20240118,14:11:19,367.5,50,20400
20240118,14:13:10,370.15,50,20550
20240118,14:13:21,371.5,50,20550
20240118,14:13:31,373.25,100,20550
20240118,14:16:02,376.85,50,20550
20240118,14:17:34,371.5,50,20550
20240118,14:17:45,370.55,50,20550
20240118,14:18:06,369.05,400,20550
20240118,14:20:06,369.6,50,20500
20240118,14:22:13,368.7,100,20500
20240118,14:22:42,369.85,50,20500
20240118,14:25:24,364.65,100,20550
20240118,14:27:21,358.55,100,20550
20240118,14:27:33,361.9,200,20550
20240118,14:27:57,359.65,50,20550
20240118,14:28:31,363.25,200,20550
20240118,14:29:24,362.3,500,20550
20240118,14:30:18,358.55,50,20550
20240118,14:30:39,357.55,50,20600
20240118,14:31:15,352.75,50,20600
20240118,14:31:36,354.2,100,20600
20240118,14:33:22,357.35,950,20600
20240118,14:33:52,357.85,50,21400
20240118,14:34:30,357.85,50,21400
20240118,14:34:49,360.9,900,21400
20240118,14:35:09,361.3,100,21400
20240118,14:35:30,361.3,50,21400
20240118,14:36:00,360.85,300,21400
20240118,14:37:09,362.25,400,21900
20240118,14:37:19,364.35,350,21900
20240118,14:41:21,377.4,100,22000
20240118,14:42:17,385.35,350,22000
20240118,14:42:41,387.0,250,21650
20240118,14:43:04,387.0,200,21650
20240118,14:43:26,382.75,250,21650
20240118,14:43:37,383.0,50,21650
20240118,14:46:49,388.8,150,21350
20240118,14:47:10,386.7,50,21350
20240118,14:47:31,386.9,100,21350
20240118,14:48:02,385.85,150,21350
20240118,14:50:40,390.35,50,21300
20240118,14:51:34,393.2,50,21300
20240118,14:51:55,393.0,50,21300
20240118,14:56:14,384.0,300,21300
20240118,14:59:00,376.4,150,21300
20240118,15:00:20,374.85,100,21300
20240118,15:00:31,376.4,100,21300
20240118,15:02:22,374.45,500,21300
20240118,15:02:51,372.65,50,21300
20240118,15:04:56,372.4,50,21250
20240118,15:06:03,372.45,500,21250
20240118,15:06:13,374.45,450,21250
20240118,15:06:26,379.8,250,21250
20240118,15:06:38,382.2,250,20050
20240118,15:06:49,386.35,50,20050
20240118,15:07:00,389.4,100,20050
20240118,15:07:32,391.2,350,20050
20240118,15:08:56,394.25,50,20050
20240118,15:09:50,386.2,50,19750
20240118,15:10:00,386.0,50,19750
20240118,15:10:10,385.75,50,19750
20240118,15:10:20,387.05,100,19750
20240118,15:10:59,390.0,50,19750
20240118,15:11:11,390.85,100,19750
20240118,15:12:57,385.6,300,19550
20240118,15:14:31,387.15,800,19550
20240118,15:15:13,389.95,50,19550
20240118,15:16:22,384.9,200,19550
20240118,15:16:52,385.05,650,19550
20240118,15:17:48,385.85,100,19550
20240118,15:18:16,386.7,50,19550
20240118,15:19:12,390.0,50,19350
20240118,15:19:25,392.6,50,19350
20240118,15:20:18,391.5,50,19350
20240118,15:20:29,393.45,50,19350
20240118,15:21:40,398.1,100,19300
20240118,15:21:50,398.05,100,19300
20240118,15:22:02,398.7,100,19300
20240118,15:22:14,399.05,150,19300
20240118,15:22:25,400.25,100,19300
20240118,15:22:46,400.05,100,19300
20240118,15:23:33,404.35,200,19300
20240118,15:23:44,404.5,50,19300
20240118,15:24:09,401.95,150,19300
20240118,15:25:33,401.65,100,19450
20240118,15:25:54,400.9,100,19450
20240118,15:26:17,401.95,250,19450
20240118,15:26:38,403.6,100,19450
20240118,15:26:49,403.95,100,19450
20240118,15:27:11,405.65,50,19450
20240118,15:27:21,404.25,300,19450
20240118,15:27:52,401.3,150,19300
20240118,15:28:12,405.1,100,19300
20240118,15:28:43,403.1,250,19300
20240118,15:29:04,402.35,50,19300
20240119,09:15:08,450.0,1,19200
20240119,09:15:08,450.05,1200,19200
20240119,09:15:13,450.0,100,19200
20240119,09:15:18,458.45,100,19200
20240119,09:15:27,458.45,50,19200
20240119,09:15:32,461.45,100,19200
20240119,09:15:37,461.45,100,19200
20240119,09:16:00,463.25,550,19200
20240119,09:16:05,462.4,900,19200
20240119,09:16:09,461.55,750,19200
20240119,09:16:48,464.15,100,19200
20240119,09:16:52,466.1,800,19200
20240119,09:16:57,466.1,250,19200
20240119,09:17:14,463.2,150,19200
20240119,09:17:43,465.0,150,19850
20240119,09:18:05,475.05,150,19850
20240119,09:18:09,475.25,150,19850
20240119,09:18:18,477.1,200,19850
20240119,09:18:23,477.7,200,19850
20240119,09:18:27,477.7,150,19850
20240119,09:18:36,476.3,50,19850
20240119,09:18:44,475.55,100,19850
20240119,09:19:14,466.3,50,19850
20240119,09:19:16,466.6,50,19850
20240119,09:20:05,477.0,200,19850
20240119,09:20:08,478.0,50,19850
20240119,09:20:26,478.0,200,18950
20240119,09:20:38,469.8,50,18950
20240119,09:20:45,466.9,50,18950
20240119,09:20:47,466.4,50,18950
20240119,09:21:05,465.75,100,18950
20240119,09:21:51,478.95,50,18950
20240119,09:22:04,478.95,50,18950
20240119,09:22:33,470.2,400,18950
20240119,09:22:55,475.0,300,18950
20240119,09:23:05,475.1,150,18950
20240119,09:23:33,474.8,50,18000
20240119,09:23:38,476.45,50,18000
20240119,09:23:51,471.05,50,18000
20240119,09:23:56,474.55,150,18000
20240119,09:24:06,473.2,150,18000
20240119,09:24:08,472.9,550,18000
20240119,09:25:36,466.05,250,18000
20240119,09:25:45,468.0,150,18000
20240119,09:26:21,475.4,300,18000
20240119,09:27:08,473.95,100,16950
20240119,09:27:10,476.65,50,16950
20240119,09:28:26,482.7,100,16950
20240119,09:28:31,483.75,450,16950
20240119,09:29:31,483.75,50,16400
20240119,09:30:40,480.1,50,16400
20240119,09:31:02,479.55,50,16400
20240119,09:32:22,479.0,50,16400
20240119,09:32:33,468.9,450,16350
20240119,09:32:40,463.9,400,16350
20240119,09:32:42,465.9,50,16350
20240119,09:32:43,471.3,50,16350
20240119,09:32:45,471.2,200,16350
20240119,09:32:48,474.7,500,16350
20240119,09:33:48,465.2,100,16350
20240119,09:34:02,469.95,150,16350
20240119,09:34:58,463.95,400,16350
20240119,09:35:03,465.55,50,16350
20240119,09:35:17,466.15,50,16350
20240119,09:35:22,465.25,50,16350
20240119,09:35:40,464.05,50,15250
20240119,09:35:45,467.5,250,15250
20240119,09:36:08,468.4,50,15250
20240119,09:36:13,469.05,100,15250
20240119,09:39:52,475.4,50,15000
20240119,09:40:17,476.6,50,15000
20240119,09:40:50,480.9,50,15000
20240119,09:42:07,468.55,100,14950
20240119,09:42:08,467.2,400,14950
20240119,09:42:10,463.85,150,14950
20240119,09:42:28,463.25,100,14950
20240119,09:42:30,463.15,50,14950
20240119,09:42:35,458.95,50,14950
20240119,09:42:47,459.85,50,14950
20240119,09:43:02,460.8,250,14950
20240119,09:44:27,459.8,300,14950
20240119,09:45:46,450.0,2250,14550
20240119,09:45:51,448.7,50,14550
20240119,09:45:57,448.7,200,14550
20240119,09:45:59,455.05,300,14550
20240119,09:46:09,454.85,50,14550
20240119,09:46:22,455.45,50,14550
20240119,09:46:41,457.0,50,14550
20240119,09:46:49,454.9,200,14550
20240119,09:48:20,460.05,100,14250
20240119,09:48:37,460.1,1800,14250
20240119,09:48:46,462.0,100,14250
20240119,09:48:50,462.15,450,14250
20240119,09:48:58,462.65,350,14250
20240119,09:49:00,463.5,150,14250
20240119,09:49:03,465.5,50,14250
20240119,09:49:06,466.85,100,14250
20240119,09:49:21,465.6,50,14250
20240119,09:49:25,464.1,350,14250
20240119,09:49:26,464.3,400,14250
20240119,09:49:32,462.35,200,14250
20240119,09:49:45,460.0,700,14250
20240119,09:49:48,460.0,550,14250
20240119,09:50:25,450.05,1400,14250
20240119,09:50:27,450.75,500,14250
20240119,09:51:02,452.15,100,13750
20240119,09:51:10,451.95,250,13750
20240119,09:51:33,448.7,650,13750
20240119,09:51:35,448.7,1150,13750
20240119,09:51:38,445.6,50,13750
20240119,09:51:55,445.6,300,13750
20240119,09:51:58,450.4,100,13750
20240119,09:52:06,452.85,150,13750
20240119,09:52:11,452.4,400,13750
20240119,09:52:15,452.95,50,13750
20240119,09:52:21,452.45,50,13750
20240119,09:52:45,458.75,100,13750
20240119,09:52:46,457.05,50,13750
20240119,09:53:29,458.8,850,13750
20240119,09:54:15,460.35,100,14550
20240119,09:54:55,462.0,1800,14550
20240119,09:55:10,462.0,1800,14550
20240119,09:55:12,463.65,200,14550
20240119,09:55:17,464.45,50,14550
20240119,09:57:37,470.0,500,13950
20240119,10:00:14,462.15,450,13450
20240119,10:00:26,461.85,50,13450
20240119,10:01:52,469.6,100,13450
20240119,10:03:45,471.9,450,12900
20240119,10:03:47,469.2,400,12900
20240119,10:03:49,469.6,50,12900
20240119,10:04:48,466.5,250,12900
20240119,10:05:13,467.9,50,12900
20240119,10:06:14,471.9,100,12900
20240119,10:06:26,467.9,50,12900
20240119,10:06:44,469.95,300,12900
20240119,10:07:31,472.9,100,12900
20240119,10:09:05,464.3,250,12350
20240119,10:10:07,463.65,100,12350
20240119,10:10:49,455.75,100,12350
20240119,10:12:42,469.8,150,12100
20240119,10:14:11,468.0,100,12100
20240119,10:14:31,466.45,150,12100
20240119,10:15:25,468.1,250,11950
20240119,10:16:03,471.55,100,11950
20240119,10:16:13,467.4,50,11950
20240119,10:19:05,465.6,150,12050
20240119,10:19:20,462.45,100,12050
20240119,10:19:45,460.5,50,12050
20240119,10:22:40,468.7,100,12050
20240119,10:24:01,472.9,50,12000
20240119,10:24:03,476.45,50,12000
20240119,10:24:04,475.05,50,12000
20240119,10:24:11,475.15,50,12000
20240119,10:28:49,485.95,100,11850
20240119,10:31:38,491.0,300,11800
20240119,10:36:19,491.0,50,11500
20240119,10:39:11,480.4,400,11550
20240119,10:45:59,475.0,200,11550
20240119,10:46:15,475.0,150,11550
20240119,10:46:22,475.0,400,11550
20240119,10:47:58,471.6,150,12300
20240119,10:52:57,472.2,300,12150
20240119,10:53:27,470.1,100,12150
20240119,10:53:33,468.7,50,12150
20240119,10:53:57,472.3,100,12350
20240119,10:54:53,465.6,550,12350
20240119,10:57:56,458.9,300,12350
20240119,10:58:43,457.9,50,12350
20240119,10:59:53,452.2,50,12350
20240119,10:59:56,454.15,50,12350
20240119,10:59:58,454.9,150,12350
20240119,11:03:49,457.95,50,12500
20240119,11:04:38,455.0,100,12500
20240119,11:06:09,445.6,5450,12500
20240119,11:06:12,443.95,850,12500
20240119,11:06:43,443.95,200,12500
20240119,11:07:06,438.75,150,12500
20240119,11:07:14,438.75,50,12500
20240119,11:07:44,435.95,50,12500
20240119,11:08:00,424.65,300,12500
20240119,11:08:04,424.1,100,12500
20240119,11:08:14,424.1,200,12500
20240119,11:10:02,423.35,100,17650
20240119,11:10:27,423.25,50,17650
20240119,11:12:15,423.25,50,17600
20240119,11:14:24,426.8,50,17600
20240119,11:15:01,427.0,100,17650
20240119,11:16:04,425.25,100,17650
20240119,11:17:13,431.05,300,17650
20240119,11:19:12,434.9,50,17950
20240119,11:19:35,432.95,50,17950
20240119,11:24:05,428.35,50,17950
20240119,11:25:03,440.95,50,17950
20240119,11:39:27,460.1,5550,17950
20240119,11:39:42,458.25,250,17950
20240119,11:41:53,449.4,250,12450
20240119,11:43:00,441.85,50,12450
20240119,11:44:57,437.35,50,12650
20240119,11:45:20,432.05,550,12650
20240119,11:45:33,432.85,50,12650
20240119,11:45:58,429.05,50,12650
20240119,11:46:05,431.85,50,12650
20240119,11:48:02,439.15,50,13250
20240119,11:48:06,438.5,50,13250
20240119,11:48:14,440.05,50,13250
20240119,11:48:31,441.9,50,13250
20240119,11:49:44,440.05,50,13250
20240119,11:49:49,441.65,200,13250
20240119,11:49:57,442.75,50,13250
20240119,11:58:17,445.2,50,13500
20240119,12:09:14,439.55,50,13450
20240119,12:10:51,431.2,50,13450
20240119,12:10:57,430.0,150,13450
20240119,12:10:59,430.0,350,13450
20240119,12:11:04,432.85,50,13450
20240119,12:11:07,431.95,50,13450
20240119,12:27:07,433.2,50,13900
20240119,12:27:18,435.55,50,13900
20240119,12:28:01,435.6,150,13900
20240119,12:28:18,433.65,150,13900
20240119,12:30:07,440.55,50,13850
20240119,12:30:08,439.25,100,13850
20240119,12:31:54,436.95,50,13850
20240119,12:32:52,442.3,500,13850
20240119,12:33:07,441.55,50,13850
20240119,12:33:17,442.65,50,13850
20240119,12:34:03,437.05,50,13850
20240119,12:34:56,446.05,50,13850
20240119,12:36:21,447.85,500,13850
20240119,12:39:48,451.1,150,13800
20240119,12:40:16,444.2,100,13800
20240119,12:42:03,445.75,100,13600
20240119,12:45:32,455.0,50,13650
20240119,12:50:55,461.0,50,13650
20240119,12:51:37,454.7,50,13650
20240119,12:52:04,455.05,100,13650
20240119,12:53:42,462.35,50,13650
20240119,12:57:31,465.3,200,13800
20240119,13:01:01,457.75,100,13950
20240119,13:02:05,462.65,50,13950
20240119,13:02:10,464.3,50,13950
20240119,13:02:12,464.25,150,13950
20240119,13:02:15,464.55,50,13950
20240119,13:02:17,464.65,50,13950
20240119,13:03:04,466.7,200,14200
20240119,13:03:28,463.4,50,14200
20240119,13:04:33,465.25,100,14200
20240119,13:08:08,471.15,450,14150
20240119,13:11:21,463.6,100,13750
20240119,13:15:04,478.1,50,13700
20240119,13:15:17,478.25,50,13700
20240119,13:17:13,479.05,100,13700
20240119,13:22:17,477.25,50,13700
20240119,13:23:01,482.3,250,13600
20240119,13:25:19,474.15,50,13750
20240119,13:25:22,472.6,50,13750
20240119,13:28:04,462.5,250,13700
20240119,13:28:09,457.15,50,13700
20240119,13:28:55,455.95,50,13700
20240119,13:29:17,458.55,50,13700
20240119,13:37:14,479.95,100,13900
20240119,13:38:43,479.95,400,13900
20240119,13:38:55,480.95,50,13900
20240119,13:39:38,480.65,50,13450
20240119,13:40:43,478.55,50,13450
20240119,13:40:50,477.75,250,13450
20240119,13:41:03,477.35,50,13450
20240119,13:42:32,479.95,50,13200
20240119,13:43:04,476.95,50,13200
20240119,13:43:35,478.0,250,13200
20240119,13:44:09,473.95,150,13200
20240119,13:54:39,471.25,50,12850
20240119,13:55:24,471.2,150,12850
20240119,14:02:38,453.25,100,12850
20240119,14:03:26,452.4,50,12800
20240119,14:11:05,451.0,1000,12800
20240119,14:14:34,452.1,50,13500
20240119,14:14:50,454.5,250,13500
20240119,14:16:30,455.7,50,13300
20240119,14:20:22,461.5,50,13300
20240119,14:20:25,461.8,400,13300
20240119,14:20:30,463.45,250,13300
20240119,14:29:10,479.0,50,13900
20240119,14:29:25,480.0,50,13900
20240119,14:37:02,471.9,100,13950
20240119,14:40:05,487.75,50,13900
20240119,14:40:58,486.5,50,13900
20240119,14:41:03,485.15,50,13900
20240119,14:41:05,485.15,50,13900
20240119,14:41:06,484.0,50,13900
20240119,14:41:08,483.65,100,13900
20240119,14:44:39,490.65,50,13800
20240119,14:45:05,495.6,200,13800
20240119,14:46:32,495.6,50,13850
20240119,14:49:15,483.15,50,13800
20240119,14:53:53,484.65,50,13800
20240119,14:55:21,492.65,50,13800
20240119,14:57:29,479.7,100,13850
20240119,14:58:32,487.15,50,13850
20240119,14:58:33,485.4,50,13850
20240119,14:58:50,485.1,100,13850
20240119,14:59:42,484.15,50,13850
20240119,15:00:18,488.3,50,14000
20240119,15:00:23,489.55,50,14000
20240119,15:00:40,475.5,650,14000
20240119,15:00:42,471.3,350,14000
20240119,15:00:46,469.4,300,14000
20240119,15:01:01,460.45,50,14000
20240119,15:01:05,464.2,100,14000
20240119,15:01:06,468.25,50,14000
20240119,15:01:11,470.25,50,14000
20240119,15:01:18,473.45,50,14000
20240119,15:01:20,473.15,100,14000
20240119,15:01:23,472.45,50,14000
20240119,15:02:25,473.1,200,14000
20240119,15:02:53,469.15,50,14000
20240119,15:03:10,475.15,50,14000
20240119,15:08:03,482.45,50,14000
20240119,15:09:50,474.5,100,13950
20240119,15:10:53,474.75,150,13950
20240119,15:11:03,472.8,150,13950
20240119,15:12:33,474.0,50,13850
20240119,15:13:59,475.55,50,13850
20240119,15:16:30,482.6,150,13800
20240119,15:17:38,479.7,300,13800
20240119,15:24:04,482.7,50,13750
20240119,15:25:31,480.45,50,13800
20240119,15:26:02,477.35,50,13800
20240119,15:26:03,477.35,150,13800
20240119,15:26:25,477.6,250,13800
20240119,15:26:26,477.6,50,13800
20240119,15:26:28,477.6,100,13800
20240119,15:27:41,480.45,500,13700
20240119,15:28:00,482.0,100,13700
20240119,15:28:34,482.65,150,13700
20240119,15:28:57,481.8,100,13700
20240119,15:29:29,481.8,50,13700
20240119,15:29:40,481.8,100,13700
20240119,15:29:53,481.8,250,13700
20240120,09:18:32,501.25,1,12950
20240120,09:18:32,501.25,100,12950
20240120,09:18:33,499.95,200,12950
20240120,09:23:08,499.95,100,12950
20240120,09:30:06,506.35,1800,12950
20240120,09:31:38,495.75,100,12950
20240120,09:36:17,495.75,50,14400
20240120,09:41:41,485.5,50,14450
20240120,09:51:35,485.5,100,14400
20240120,09:59:30,478.1,200,14400
20240120,09:59:36,464.5,100,14600
20240120,09:59:38,464.5,50,14600
20240120,10:10:46,467.65,50,14700
20240120,10:39:19,489.75,50,14650
20240120,10:40:09,491.6,50,14650
20240120,10:41:30,491.6,50,14650
20240120,10:42:13,494.6,50,14700
20240120,10:42:20,493.6,100,14700
20240120,10:42:30,493.6,100,14700
20240120,10:42:41,493.6,100,14700
20240120,10:46:35,498.3,50,14700
20240120,10:47:29,495.75,50,14700
20240120,11:01:36,482.1,50,14700
20240120,11:07:08,494.05,350,14700
20240120,11:20:07,483.4,100,14650
20240120,11:43:33,483.4,50,14750
20240120,11:52:13,479.8,50,14800
20240120,11:59:59,481.2,50,14750
20240120,12:13:11,476.3,50,14800
20240120,12:29:22,471.1,100,14850
20240120,12:34:57,461.0,1800,14850
20240120,12:36:00,453.45,200,14850
20240120,12:36:46,440.45,100,16500
20240120,12:36:48,439.65,100,16500
20240120,12:38:25,439.65,50,16500
20240120,12:39:33,450.2,100,16700
20240120,12:39:34,450.7,450,16700
20240120,12:39:36,451.15,100,16700
20240120,12:45:33,446.85,100,17200
20240120,12:46:10,448.25,100,17200
20240120,12:50:46,458.65,50,17100
20240120,12:55:52,454.15,50,17100
20240120,12:59:09,468.05,50,17100
20240120,13:03:02,463.65,100,17150
20240120,13:03:32,461.05,50,17150
20240120,13:04:04,462.1,50,17150
20240120,13:07:13,453.45,50,17050
20240120,13:08:21,461.85,50,17050
20240120,13:08:40,460.25,50,17050
20240120,13:08:41,460.5,450,17050
20240120,13:58:23,466.55,50,16950
20240120,14:09:02,453.45,50,16950
20240120,14:09:48,451.75,100,17000
20240120,14:11:05,451.65,50,17000
20240120,14:12:33,449.05,50,16900
20240120,14:13:38,455.65,50,16900
20240120,14:14:17,453.55,50,16900
20240120,14:19:10,448.55,50,16950
20240120,14:20:31,448.25,50,16950
20240120,14:21:15,453.25,50,17000
20240120,14:30:24,457.75,50,17000
20240120,14:40:38,450.0,50,17000
20240120,14:42:54,438.35,50,17050
20240120,14:42:58,437.05,50,17050
20240120,14:43:20,430.0,100,17050
20240120,14:43:25,427.45,50,17050
20240120,14:43:37,425.75,100,17050
20240120,14:43:38,424.1,50,17050
20240120,14:43:50,424.1,100,17050
20240120,14:44:11,428.95,50,17050
20240120,14:45:42,419.35,50,17350
20240120,14:47:37,419.35,50,17350
20240120,14:48:22,437.4,100,17400
20240120,14:52:42,441.0,850,17450
20240120,14:56:46,423.1,50,16600
20240120,14:58:16,426.4,50,16550
20240120,14:59:07,427.95,400,16550
20240120,14:59:09,428.95,550,16550
20240120,15:00:12,433.95,300,16550
20240120,15:00:32,423.55,150,16600
20240120,15:00:36,422.4,50,16600
20240120,15:00:37,420.0,50,16600
20240120,15:01:37,412.7,50,16600
20240120,15:01:49,411.95,50,16600
20240120,15:03:10,401.0,250,16600
20240120,15:08:20,401.35,500,17050
20240120,15:08:22,401.0,50,17050
20240120,15:08:24,401.0,850,17050
20240120,15:08:25,400.0,50,17050
20240120,15:08:51,396.45,50,17050
20240120,15:09:27,396.45,50,17900
20240120,15:11:19,406.65,50,17900
20240120,15:13:02,407.95,50,17900
20240120,15:15:17,434.55,50,17900
20240120,15:15:42,430.05,250,17950
20240120,15:18:59,431.0,350,18150
20240120,15:19:59,432.15,100,18150
20240120,15:25:19,425.0,50,17800
20240120,15:25:26,423.8,400,17800
20240120,15:25:36,423.0,50,17800
20240120,15:26:17,423.7,100,17800
20240120,15:26:34,423.0,50,17800
20240120,15:27:26,419.85,150,17450
20240123,09:17:40,529.5,200,17500
20240123,09:17:42,529.3,250,17500
20240123,09:18:08,528.85,50,17500
20240123,09:18:28,527.3,100,17500
20240123,09:18:32,527.1,50,17500
20240123,09:19:09,525.7,100,17500
20240123,09:19:12,525.0,100,17500
20240123,09:19:14,524.55,100,17500
20240123,09:19:30,519.45,50,17500
20240123,09:19:35,519.5,150,17500
20240123,09:19:37,521.85,50,17500
20240123,09:19:39,524.4,100,17500
20240123,09:20:25,523.75,100,17500
20240123,09:20:54,527.65,100,17250
20240123,09:21:08,529.0,50,17250
20240123,09:24:11,517.25,50,17200
20240123,09:24:30,514.55,100,17200
20240123,09:24:38,511.35,50,17200
20240123,09:25:53,508.3,150,17200
20240123,09:26:25,517.75,100,17200
20240123,09:26:34,517.5,250,17300
20240123,09:27:51,506.25,100,17300
20240123,09:28:15,504.75,100,17300
20240123,09:28:15,504.9,150,17300
20240123,09:28:17,505.05,100,17300
20240123,09:28:19,505.05,100,17300
20240123,09:28:35,509.35,200,17300
20240123,09:31:06,514.5,250,17350
20240123,09:31:07,514.05,50,17350
20240123,09:31:18,511.0,150,17350
20240123,09:31:33,506.6,50,17350
20240123,09:32:06,514.2,50,17350
20240123,09:32:50,517.1,50,17250
20240123,09:33:29,516.7,350,17250
20240123,09:34:10,517.5,150,17250
20240123,09:36:25,513.8,50,17100
20240123,09:38:44,511.95,50,17050
20240123,09:38:46,512.05,50,17050
20240123,09:39:10,501.7,150,17050
20240123,09:39:31,505.85,150,17050
20240123,09:42:40,521.1,100,17050
20240123,09:45:01,530.4,300,16950
20240123,09:45:06,527.05,100,16950
20240123,09:48:48,528.3,250,17250
20240123,09:48:53,525.35,100,17250
20240123,09:49:59,518.4,150,17250
20240123,09:50:48,528.05,50,17400
20240123,09:50:59,529.0,200,17400
20240123,09:51:44,529.0,350,17400
20240123,09:51:49,527.95,50,17400
20240123,09:52:01,523.85,50,17400
20240123,09:52:02,523.75,50,17400
20240123,09:53:16,520.25,50,17400
20240123,09:54:03,524.65,50,16500
20240123,09:56:21,513.2,50,16500
20240123,09:57:02,508.0,50,16550
20240123,09:57:11,510.1,50,16550
20240123,09:57:13,512.65,100,16550
20240123,09:57:54,506.05,100,16550
20240123,09:58:05,505.9,300,16550
20240123,09:58:43,503.05,150,16550
20240123,09:59:23,499.05,100,16550
20240123,09:59:34,492.3,200,16550
20240123,09:59:36,493.05,50,16550
20240123,09:59:45,491.15,100,16200
20240123,09:59:50,493.85,50,16200
20240123,10:00:00,493.85,100,16200
20240123,10:00:00,492.85,100,16200
20240123,10:00:16,491.25,150,16200
20240123,10:00:17,491.3,50,16200
20240123,10:00:20,490.65,150,16200
20240123,10:00:22,490.05,100,16200
20240123,10:00:25,488.65,50,16200
20240123,10:00:26,487.15,50,16200
20240123,10:00:27,487.75,200,16200
20240123,10:01:00,482.3,150,16200
20240123,10:01:01,480.0,200,16200
20240123,10:01:04,479.05,100,16200
20240123,10:01:07,473.85,100,16200
20240123,10:01:09,474.55,100,16200
20240123,10:01:16,476.15,100,16200
20240123,10:02:59,471.9,200,16350
20240123,10:03:16,475.8,200,16350
20240123,10:05:30,472.75,50,16350
20240123,10:05:56,479.45,100,16350
20240123,10:06:25,467.05,150,16350
20240123,10:06:30,463.45,50,16350
20240123,10:06:31,462.95,300,16350
20240123,10:06:34,463.5,150,16350
20240123,10:06:43,467.8,100,16350
20240123,10:07:08,462.1,300,16350
20240123,10:07:09,463.5,100,16350
20240123,10:07:22,465.05,50,16350
20240123,10:07:30,469.25,50,16350
20240123,10:08:03,473.35,50,16350
20240123,10:08:10,473.25,150,16350
20240123,10:08:37,470.75,50,16350
20240123,10:09:07,476.95,50,16250
20240123,10:09:55,471.45,50,16250
20240123,10:10:02,469.75,100,16250
20240123,10:10:10,471.35,50,16250
20240123,10:10:33,469.4,100,16250
20240123,10:11:00,471.8,100,16250
20240123,10:13:00,478.6,250,16250
20240123,10:13:02,481.75,50,16250
20240123,10:13:29,480.3,250,16250
20240123,10:13:48,476.5,100,16250
20240123,10:13:59,477.55,50,16250
20240123,10:14:06,480.2,100,16250
20240123,10:16:17,486.75,50,16550
20240123,10:16:32,483.55,50,16550
20240123,10:18:15,483.55,50,16550
20240123,10:18:55,480.55,50,16550
20240123,10:19:36,479.25,50,16550
20240123,10:20:37,471.4,100,16550
20240123,10:21:07,466.4,100,16650
20240123,10:21:09,465.75,50,16650
20240123,10:21:21,466.95,50,16650
20240123,10:21:27,464.3,50,16650
20240123,10:21:41,459.95,50,16650
20240123,10:21:45,459.55,50,16650
20240123,10:22:00,454.25,50,16650
20240123,10:22:05,454.25,100,16650
20240123,10:22:37,455.2,100,16650
20240123,10:23:00,456.4,200,16650
20240123,10:24:12,443.7,100,16550
20240123,10:24:13,444.75,100,16550
20240123,10:24:58,431.95,250,16550
20240123,10:25:02,430.85,150,16550
20240123,10:25:37,429.05,50,16550
20240123,10:25:44,429.95,50,16550
20240123,10:25:46,429.45,50,16550
20240123,10:26:07,435.75,50,16550
20240123,10:26:33,434.5,100,16550
20240123,10:26:36,433.55,50,16550
20240123,10:26:45,432.25,50,16550
20240123,10:27:05,432.9,50,16600
20240123,10:27:56,425.3,150,16600
20240123,10:28:02,422.8,150,16600
20240123,10:28:07,421.7,250,16600
20240123,10:28:14,421.85,50,16600
20240123,10:28:17,420.0,100,16600
20240123,10:28:24,422.35,50,16600
20240123,10:29:44,422.85,50,16750
20240123,10:29:53,422.65,50,16750
20240123,10:30:24,424.55,50,16750
20240123,10:30:26,423.45,50,16750
20240123,10:30:33,425.0,100,16750
20240123,10:30:35,425.35,50,16750
20240123,10:31:18,423.15,50,16750
20240123,10:31:20,423.25,50,16750
20240123,10:31:30,424.15,250,16750
20240123,10:31:35,424.95,50,16750
20240123,10:31:44,425.05,50,16750
20240123,10:32:00,422.65,50,16750
20240123,10:32:31,420.95,50,16750
20240123,10:32:55,428.9,50,16800
20240123,10:33:05,433.15,50,16800
20240123,10:33:10,433.1,250,16800
20240123,10:33:21,436.35,50,16800
20240123,10:33:30,433.0,150,16800
20240123,10:34:16,430.15,50,16800
20240123,10:37:56,422.45,50,17150
20240123,10:38:08,419.85,50,17150
20240123,10:38:39,412.2,100,17150
20240123,10:38:47,410.9,100,17150
20240123,10:38:48,409.65,50,17150
20240123,10:38:52,407.75,50,17150
20240123,10:38:56,406.95,50,17150
20240123,10:39:00,410.15,50,17150
20240123,10:39:01,408.05,50,17150
20240123,10:39:08,407.3,50,17150
20240123,10:39:11,406.1,100,17150
20240123,10:39:19,403.7,150,17150
20240123,10:39:19,402.25,50,17150
20240123,10:40:01,401.95,100,17150
20240123,10:40:03,401.55,50,17150
20240123,10:40:05,402.45,200,17150
20240123,10:40:06,403.05,50,17150
20240123,10:40:19,400.95,150,17150
20240123,10:40:30,397.05,200,17150
20240123,10:40:31,398.25,100,17150
20240123,10:40:33,396.05,50,17150
20240123,10:40:35,393.55,50,17150
20240123,10:40:38,394.25,50,17150
20240123,10:40:45,392.7,150,17150
20240123,10:40:53,390.15,50,17150
20240123,10:41:01,388.75,50,17150
20240123,10:41:04,392.05,200,17150
20240123,10:41:04,393.35,50,17150
20240123,10:41:16,396.05,50,17150
20240123,10:41:20,396.25,50,17150
20240123,10:41:22,394.75,50,17150
20240123,10:42:00,391.15,100,17200
20240123,10:42:11,390.4,50,17200
20240123,10:42:16,390.15,50,17200
20240123,10:42:31,388.55,100,17200
20240123,10:42:36,387.0,100,17200
20240123,10:43:28,391.55,50,17200
20240123,10:43:35,386.75,50,17200
20240123,10:43:39,383.55,100,17200
20240123,10:43:41,382.85,100,17200
20240123,10:43:45,379.95,50,17200
20240123,10:43:47,381.0,150,17200
20240123,10:43:49,379.45,50,17200
20240123,10:43:55,378.2,50,17200
20240123,10:43:56,378.25,150,17200
20240123,10:44:04,380.1,450,17200
20240123,10:44:05,382.85,50,17200
20240123,10:44:13,385.65,250,17200
20240123,10:44:14,383.65,50,17200
20240123,10:44:44,379.25,50,17200
20240123,10:45:02,377.0,100,17650
20240123,10:45:04,381.6,150,17650
20240123,10:45:06,381.25,100,17650
20240123,10:45:15,382.45,50,17650
20240123,10:45:18,385.45,300,17650
20240123,10:45:23,388.55,50,17650
20240123,10:45:26,388.9,200,17650
20240123,10:45:27,386.45,50,17650
20240123,10:45:29,387.15,50,17650
20240123,10:45:34,390.95,100,17650
20240123,10:45:37,392.05,200,17650
20240123,10:45:39,390.95,50,17650
20240123,10:46:10,380.55,50,17650
20240123,10:46:13,379.85,200,17650
20240123,10:46:15,379.15,50,17650
20240123,10:46:20,379.0,150,17650
20240123,10:46:32,380.35,50,17650
20240123,10:46:34,380.35,50,17650
20240123,10:46:47,383.75,50,17650
20240123,10:46:56,382.55,50,17650
20240123,10:47:09,386.95,50,17650
20240123,10:47:20,384.05,50,17650
20240123,10:47:22,382.65,50,17650
20240123,10:47:30,381.25,100,17650
20240123,10:47:32,381.85,100,17650
20240123,10:47:33,379.65,200,17650
20240123,10:47:40,376.65,50,17650
20240123,10:47:42,378.35,50,17650
20240123,10:47:46,374.35,200,17200
20240123,10:47:47,374.05,100,17200
20240123,10:47:53,371.15,200,17200
20240123,10:47:54,369.6,1050,17200
20240123,10:48:00,372.1,50,17200
20240123,10:48:02,372.65,100,17200
20240123,10:48:11,375.6,100,17200
20240123,10:48:19,372.25,50,17200
20240123,10:48:23,372.0,50,17200
20240123,10:48:26,371.05,50,17200
20240123,10:48:46,369.65,50,17200
20240123,10:48:58,370.7,150,17200
20240123,10:49:04,371.1,150,17200
20240123,10:49:07,372.1,150,17200
20240123,10:49:33,376.45,100,17200
20240123,10:50:05,370.4,50,17200
20240123,10:50:09,367.95,50,17200
20240123,10:50:31,363.65,100,17200
20240123,10:50:45,371.2,150,17200
20240123,10:50:56,371.3,100,17650
20240123,10:50:58,372.45,50,17650
20240123,10:51:01,374.25,50,17650
20240123,10:51:05,378.75,50,17650
20240123,10:51:06,374.5,50,17650
20240123,10:51:11,375.0,450,17650
20240123,10:51:16,373.55,50,17650
20240123,10:52:20,366.4,50,17650
20240123,10:52:21,366.0,50,17650
20240123,10:52:23,370.45,50,17650
20240123,10:52:37,374.05,50,17650
20240123,10:52:47,379.8,100,17650
20240123,10:52:52,377.2,50,17650
20240123,10:53:13,382.15,50,17650
20240123,10:53:29,384.45,50,17650
20240123,10:53:51,376.0,50,17750
20240123,10:53:57,381.6,550,17750
20240123,10:53:59,379.0,100,17750
20240123,10:54:01,378.0,500,17750
20240123,10:54:05,380.0,100,17750
20240123,10:54:55,387.7,50,17750
20240123,10:55:03,387.6,250,17750
20240123,10:55:06,387.55,100,17750
20240123,10:55:12,391.7,150,17750
20240123,10:55:21,388.8,100,17750
20240123,10:55:34,392.5,50,17750
20240123,10:55:43,390.45,100,17750
20240123,10:56:24,385.8,150,17750
20240123,10:56:48,380.25,50,18050
20240123,10:56:50,381.0,100,18050
20240123,10:56:58,377.85,50,18050
20240123,10:57:08,378.95,50,18050
20240123,10:57:13,380.75,150,18050
20240123,10:57:14,380.35,100,18050
20240123,10:57:19,383.55,50,18050
20240123,10:58:06,381.95,50,18050
20240123,10:58:06,381.65,50,18050
20240123,10:58:23,379.5,100,18050
20240123,10:58:30,381.25,50,18050
20240123,10:59:00,387.5,250,18050
20240123,10:59:24,392.55,50,18050
20240123,11:00:33,384.0,100,17750
20240123,11:01:45,373.4,50,17750
20240123,11:02:01,377.1,50,17750
20240123,11:02:05,380.25,50,17750
20240123,11:02:32,382.8,50,17750
20240123,11:02:37,383.5,100,17750
20240123,11:02:50,382.8,450,17850
20240123,11:03:30,373.7,50,17850
20240123,11:04:18,378.0,250,17850
20240123,11:05:36,386.15,100,17850
20240123,11:06:01,389.85,50,17550
20240123,11:07:03,391.7,50,17550
20240123,11:08:17,383.65,50,17550
20240123,11:09:03,383.6,150,17400
20240123,11:09:17,385.2,450,17400
20240123,11:10:30,379.9,50,17400
20240123,11:10:42,382.9,50,17400
20240123,11:10:52,383.75,50,17400
20240123,11:10:54,385.35,50,17400
20240123,11:13:08,391.25,200,17750
20240123,11:15:00,386.4,150,17550
20240123,11:15:23,384.55,50,17550
20240123,11:18:29,383.7,50,17750
20240123,11:18:52,383.4,50,17750
20240123,11:18:57,382.8,50,17750
20240123,11:19:41,373.85,50,17750
20240123,11:20:04,372.8,50,17750
20240123,11:20:06,374.35,50,17750
20240123,11:20:25,379.2,50,17750
20240123,11:21:08,370.4,350,17750
20240123,11:21:59,377.9,300,17850
20240123,11:22:31,372.0,50,17850
20240123,11:22:32,370.4,50,17850
20240123,11:22:47,367.7,50,17850
20240123,11:22:50,370.35,50,17850
20240123,11:22:52,369.0,50,17850
20240123,11:22:54,370.8,150,17850
20240123,11:23:00,373.15,50,17850
20240123,11:23:10,376.15,50,17850
20240123,11:23:37,378.85,50,17850
20240123,11:23:48,377.15,200,17850
20240123,11:24:07,377.75,100,18700
20240123,11:24:16,378.85,50,18700
20240123,11:24:21,379.35,100,18700
20240123,11:25:27,380.0,300,18700
20240123,11:28:33,382.7,50,18350
20240123,11:28:50,385.0,50,18350
20240123,11:30:45,377.5,100,18350
20240123,11:30:51,377.0,50,18350
20240123,11:31:16,375.05,100,18350
20240123,11:31:38,371.45,50,18350
20240123,11:31:40,370.0,50,18350
20240123,11:31:41,368.45,50,18350
20240123,11:31:44,369.6,100,18350
20240123,11:31:45,369.45,150,18350
20240123,11:31:50,366.3,100,18350
20240123,11:31:57,361.35,400,18350
20240123,11:32:00,362.35,50,18350
20240123,11:32:07,364.35,50,18350
20240123,11:32:12,364.25,50,18350
20240123,11:32:13,362.85,50,18350
20240123,11:32:21,359.25,100,18350
20240123,11:32:25,356.4,150,18350
20240123,11:32:28,356.65,50,18350
20240123,11:32:31,356.65,200,18350
20240123,11:32:33,354.45,100,18350
20240123,11:32:37,356.1,100,18350
20240123,11:32:48,359.75,50,18350
20240123,11:33:02,352.15,50,18700
20240123,11:33:09,352.05,50,18700
20240123,11:33:17,351.15,50,18700
20240123,11:33:26,355.45,100,18700
20240123,11:33:28,356.1,50,18700
20240123,11:33:32,358.65,200,18700
20240123,11:33:33,357.45,50,18700
20240123,11:33:35,360.25,100,18700
20240123,11:33:40,361.0,50,18700
20240123,11:33:46,362.25,100,18700
20240123,11:34:05,367.7,550,18700
20240123,11:34:08,366.15,50,18700
20240123,11:34:16,366.6,50,18700
20240123,11:34:42,365.2,50,18700
20240123,11:34:47,366.6,350,18700
20240123,11:34:50,366.95,50,18700
20240123,11:34:59,368.75,100,18700
20240123,11:37:37,354.8,50,19500
20240123,11:37:39,354.25,50,19500
20240123,11:37:54,358.2,250,19500
20240123,11:37:56,358.6,50,19500
20240123,11:38:13,362.05,100,19500
20240123,11:38:24,358.45,50,19500
20240123,11:40:04,353.7,50,19100
20240123,11:40:06,354.8,150,19100
20240123,11:40:13,356.5,50,19100
20240123,11:40:22,352.4,50,19100
20240123,11:40:48,345.95,50,19100
20240123,11:40:54,345.65,50,19100
20240123,11:40:57,347.5,200,19100
20240123,11:41:01,347.0,50,19100
20240123,11:41:04,345.4,50,19100
20240123,11:41:07,347.9,100,19100
20240123,11:41:15,346.6,50,19100
20240123,11:41:18,344.15,100,19100
20240123,11:41:19,347.25,50,19100
20240123,11:41:30,346.15,150,19100
20240123,11:41:38,344.6,200,19100
20240123,11:41:39,344.85,50,19100
20240123,11:41:47,346.4,50,19100
20240123,11:41:50,345.5,350,19100
20240123,11:41:50,345.0,50,19100
20240123,11:42:02,340.45,100,19250
20240123,11:42:04,340.75,50,19250
20240123,11:42:07,337.9,50,19250
20240123,11:42:10,334.0,50,19250
20240123,11:42:20,341.5,50,19250
20240123,11:42:22,340.75,50,19250
20240123,11:42:23,343.0,50,19250
20240123,11:42:33,344.2,100,19250
20240123,11:42:35,345.95,500,19250
20240123,11:42:42,346.25,50,19250
20240123,11:42:55,350.4,50,19250
20240123,11:43:19,344.85,150,19250
20240123,11:43:30,340.25,150,19250
20240123,11:43:39,339.9,50,19250
20240123,11:43:43,339.9,200,19250
20240123,11:43:46,340.8,50,19250
20240123,11:43:50,342.0,100,19250
20240123,11:43:59,338.8,50,19250
20240123,11:44:00,337.3,50,19250
20240123,11:44:02,338.7,100,19250
20240123,11:44:06,337.8,50,19250
20240123,11:44:08,337.45,50,19250
20240123,11:44:16,341.55,350,19250
20240123,11:45:01,338.05,100,19250
20240123,11:45:49,332.85,50,19250
20240123,11:46:01,329.95,50,19250
20240123,11:46:03,330.5,100,19250
20240123,11:46:13,325.55,50,19250
20240123,11:46:27,329.1,50,19250
20240123,11:46:29,331.95,50,19250
20240123,11:46:29,332.25,50,19250
20240123,11:46:32,331.65,100,19250
20240123,11:46:36,329.95,100,19250
20240123,11:46:40,333.1,50,19250
20240123,11:46:46,336.8,50,19250
20240123,11:46:50,337.2,50,19250
20240123,11:46:56,333.0,100,19250
20240123,11:47:02,333.4,50,19250
20240123,11:47:12,335.2,50,19250
20240123,11:47:17,335.4,50,19250
20240123,11:47:27,334.75,50,19250
20240123,11:47:38,334.05,50,19250
20240123,11:47:43,335.1,50,19250
20240123,11:47:44,335.4,50,19250
20240123,11:48:28,338.1,50,19100
20240123,11:48:35,336.3,50,19100
20240123,11:48:38,336.3,50,19100
20240123,11:49:06,341.8,50,19100
20240123,11:49:15,340.2,50,19100
20240123,11:50:07,334.3,50,19100
20240123,11:50:15,339.85,100,19100
20240123,11:50:21,340.45,200,19100
20240123,11:50:40,343.1,100,19100
20240123,11:51:52,334.7,100,19700
20240123,11:53:33,331.65,50,19700
20240123,11:53:44,328.8,200,19700
20240123,11:53:46,329.8,50,19700
20240123,11:53:55,326.0,1250,19850
20240123,11:53:56,323.7,250,19850
20240123,11:53:58,322.4,100,19850
20240123,11:54:00,324.95,50,19850
20240123,11:54:01,326.35,200,19850
20240123,11:54:02,325.95,50,19850
20240123,11:54:05,327.8,150,19850
20240123,11:54:07,326.0,200,19850
20240123,11:54:12,326.75,100,19850
20240123,11:54:40,321.75,1200,19850
20240123,11:54:48,323.7,50,19850
20240123,11:54:51,322.45,600,19850
20240123,11:55:17,322.9,50,19850
20240123,11:55:26,320.0,50,19850
20240123,11:55:32,322.0,150,19850
20240123,11:55:34,321.65,100,19850
20240123,11:55:46,323.1,100,19850
20240123,11:55:50,326.15,50,19850
20240123,11:56:14,328.7,50,19850
20240123,11:56:20,330.2,50,19850
20240123,11:56:20,330.1,50,19850
20240123,11:56:42,326.9,50,19850
20240123,11:57:11,324.45,100,20750
20240123,11:57:14,324.5,50,20750
20240123,11:57:20,323.3,50,20750
20240123,11:57:20,322.9,50,20750
20240123,11:57:27,323.1,50,20750
20240123,11:57:34,322.5,100,20750
20240123,11:57:42,319.7,500,20750
20240123,11:58:01,319.9,500,20750
20240123,11:58:23,320.15,50,20750
20240123,11:58:28,316.3,50,20750
20240123,11:58:32,314.15,400,20750
20240123,11:58:42,317.85,300,20750
20240123,11:58:46,317.45,50,20750
20240123,11:58:48,317.25,100,20750
20240123,11:59:04,322.5,100,20750
20240123,11:59:05,322.15,50,20750
20240123,11:59:08,322.7,500,20750
20240123,12:00:11,321.45,100,22450
20240123,12:00:26,321.35,50,22450
20240123,12:00:39,321.35,50,22450
20240123,12:00:48,319.0,450,22450
20240123,12:00:50,318.35,150,22450
20240123,12:00:55,315.15,50,22450
20240123,12:01:01,316.15,50,22450
20240123,12:01:04,315.35,100,22450
20240123,12:01:06,315.65,200,22450
20240123,12:01:11,315.0,200,22450
20240123,12:01:13,313.35,550,22450
20240123,12:01:14,312.35,300,22450
20240123,12:01:18,314.1,200,22450
20240123,12:01:21,315.05,50,22450
20240123,12:01:41,310.0,150,22450
20240123,12:01:42,310.85,200,22450
20240123,12:01:46,309.3,100,22450
20240123,12:01:51,309.1,50,22450
20240123,12:01:52,308.3,650,22450
20240123,12:01:54,310.45,100,22450
20240123,12:01:56,308.55,100,22450
20240123,12:01:57,309.7,250,22450
20240123,12:01:59,309.65,700,22450
20240123,12:02:00,309.3,350,22450
20240123,12:02:03,310.9,100,22450
20240123,12:02:06,311.15,100,22450
20240123,12:02:07,310.5,50,22450
20240123,12:02:09,309.5,50,22450
20240123,12:02:10,311.05,50,22450
20240123,12:02:12,310.7,200,22450
20240123,12:02:24,309.0,50,22450
20240123,12:02:29,309.4,200,22450
20240123,12:02:33,308.1,200,22450
20240123,12:02:34,308.3,100,22450
20240123,12:02:35,307.3,50,22450
20240123,12:02:40,308.75,50,22450
20240123,12:02:53,305.35,100,22450
20240123,12:02:57,304.25,100,23200
20240123,12:03:00,307.25,450,23200
20240123,12:03:03,306.85,1500,23200
20240123,12:03:07,306.35,200,23200
20240123,12:03:09,304.25,650,23200
20240123,12:03:11,304.2,200,23200
20240123,12:03:12,304.65,350,23200
20240123,12:03:24,304.45,50,23200
20240123,12:03:30,300.0,1000,23200
20240123,12:03:36,296.55,50,23200
20240123,12:03:38,297.7,300,23200
20240123,12:03:39,298.7,50,23200
20240123,12:03:41,297.55,50,23200
20240123,12:03:45,298.85,100,23200
20240123,12:03:46,297.9,350,23200
20240123,12:03:48,299.05,50,23200
20240123,12:03:51,300.6,50,23200
20240123,12:03:51,301.1,50,23200
20240123,12:03:54,300.25,150,23200
20240123,12:04:00,299.3,50,23200
20240123,12:04:15,295.55,250,23200
20240123,12:04:37,292.0,300,23200
20240123,12:04:39,290.55,150,23200
20240123,12:04:43,293.2,500,23200
20240123,12:04:43,295.2,50,23200
20240123,12:04:46,294.1,100,23200
20240123,12:04:47,295.2,100,23200
20240123,12:04:49,294.45,100,23200
20240123,12:04:55,295.95,700,23200
20240123,12:05:13,295.9,50,23200
20240123,12:05:14,295.9,50,23200
20240123,12:05:17,293.75,450,23200
20240123,12:05:21,292.5,300,23200
20240123,12:05:22,291.95,50,23200
20240123,12:05:25,293.2,100,23200
20240123,12:05:27,294.45,50,23200
20240123,12:05:29,294.8,100,23200
20240123,12:05:31,294.75,200,23200
20240123,12:05:33,293.55,50,23200
20240123,12:05:34,292.5,100,23200
20240123,12:05:36,292.85,100,23200
20240123,12:05:38,293.1,100,23200
20240123,12:05:39,293.0,200,23200
20240123,12:05:40,292.9,50,23200
20240123,12:05:43,293.75,250,23200
20240123,12:05:44,293.0,50,23200
20240123,12:05:45,292.5,50,23200
20240123,12:05:48,291.6,100,23200
20240123,12:05:49,293.35,50,23200
20240123,12:05:51,292.0,50,23200
20240123,12:05:52,292.4,100,23200
20240123,12:05:59,290.7,50,24400
20240123,12:06:00,292.0,50,24400
20240123,12:06:04,291.0,100,24400
20240123,12:06:05,290.5,100,24400
20240123,12:06:07,291.15,50,24400
20240123,12:06:12,291.0,350,24400
20240123,12:06:17,292.05,550,24400
20240123,12:06:20,294.55,50,24400
20240123,12:06:22,294.9,50,24400
20240123,12:06:28,292.2,650,24400
20240123,12:06:32,292.05,50,24400
20240123,12:06:37,291.85,100,24400
20240123,12:06:38,291.15,50,24400
20240123,12:06:41,291.15,50,24400
20240123,12:06:43,290.2,200,24400
20240123,12:06:43,290.0,150,24400
20240123,12:06:46,288.0,200,24400
20240123,12:06:47,287.75,150,24400
20240123,12:06:50,286.65,150,24400
20240123,12:06:51,286.25,550,24400
20240123,12:06:52,285.8,50,24400
20240123,12:06:54,283.2,200,24400
20240123,12:06:58,284.05,50,24400
20240123,12:07:01,283.75,400,24400
20240123,12:07:03,282.95,200,24400
20240123,12:07:06,280.15,150,24400
20240123,12:07:09,279.6,100,24400
20240123,12:07:10,280.25,350,24400
20240123,12:07:11,280.85,350,24400
20240123,12:07:14,281.9,200,24400
20240123,12:07:16,281.35,100,24400
20240123,12:07:20,281.25,200,24400
20240123,12:07:21,282.35,50,24400
20240123,12:07:23,283.15,250,24400
20240123,12:07:28,281.65,450,24400
20240123,12:07:31,280.3,400,24400
20240123,12:07:32,281.5,300,24400
20240123,12:07:34,282.15,150,24400
20240123,12:07:35,282.25,250,24400
20240123,12:07:36,279.8,50,24400
20240123,12:07:39,280.1,50,24400
20240123,12:07:40,279.55,50,24400
20240123,12:07:42,279.9,100,24400
20240123,12:07:47,279.15,50,24400
20240123,12:07:50,280.5,100,24400
20240123,12:07:56,280.0,200,24400
20240123,12:07:57,279.6,250,24400
20240123,12:07:59,279.05,150,24400
20240123,12:08:00,280.35,50,24400
20240123,12:08:02,279.95,100,24400
20240123,12:08:04,282.45,1000,24400
20240123,12:08:08,282.0,200,24400
20240123,12:08:14,285.65,200,24400
20240123,12:08:15,286.95,50,24400
20240123,12:08:17,286.75,200,24400
20240123,12:08:19,288.4,450,24400
20240123,12:08:21,286.55,500,24400
20240123,12:08:22,288.1,50,24400
20240123,12:08:24,286.55,150,24400
20240123,12:08:25,285.35,50,24400
20240123,12:08:27,287.85,300,24400
20240123,12:08:29,287.4,100,24400
20240123,12:08:31,286.55,300,24400
20240123,12:08:37,287.15,100,24400
20240123,12:08:42,286.55,200,24400
20240123,12:08:43,288.0,250,24400
20240123,12:08:45,288.45,350,24400
20240123,12:08:47,291.15,500,24400
20240123,12:08:51,291.6,100,24400
20240123,12:08:54,291.35,350,24400
20240123,12:08:55,290.75,700,24400
20240123,12:09:09,289.1,50,30300
20240123,12:09:12,288.2,100,30300
20240123,12:09:13,287.65,50,30300
20240123,12:09:17,286.2,50,30300
20240123,12:09:18,286.0,150,30300
20240123,12:09:19,286.0,100,30300
20240123,12:09:23,285.05,350,30300
20240123,12:09:25,285.0,50,30300
20240123,12:09:27,285.95,200,30300
20240123,12:09:29,286.75,200,30300
20240123,12:09:30,287.4,250,30300
20240123,12:09:31,286.9,50,30300
20240123,12:09:33,287.45,50,30300
20240123,12:09:36,285.4,50,30300
20240123,12:09:41,285.95,50,30300
20240123,12:09:45,286.1,50,30300
20240123,12:09:50,286.0,900,30300
20240123,12:09:59,285.2,250,30300
20240123,12:10:02,285.35,100,30300
20240123,12:10:10,288.85,200,30300
20240123,12:10:20,289.0,300,30300
20240123,12:10:24,290.0,250,30300
20240123,12:10:25,289.65,150,30300
20240123,12:10:32,287.0,250,30300
20240123,12:10:45,284.45,100,30300
20240123,12:10:47,285.6,50,30300
20240123,12:10:58,285.4,50,30300
20240123,12:11:07,286.5,150,30300
20240123,12:11:08,286.75,300,30300
20240123,12:11:10,285.8,400,30300
20240123,12:11:12,288.6,1800,30300
20240123,12:11:13,288.7,100,30300
20240123,12:11:15,288.55,200,30300
20240123,12:11:17,287.7,100,30300
20240123,12:11:18,287.8,50,30300
20240123,12:11:20,287.6,100,30300
20240123,12:11:22,287.25,700,30300
20240123,12:11:23,287.95,750,30300
20240123,12:11:24,287.55,100,30300
20240123,12:11:26,287.45,300,30300
20240123,12:11:28,286.5,250,30300
20240123,12:11:33,287.45,150,30300
20240123,12:11:35,288.3,100,30300
20240123,12:11:37,288.55,200,30300
20240123,12:11:38,287.65,100,30300
20240123,12:11:40,287.95,100,30300
20240123,12:11:42,288.25,200,30300
20240123,12:11:43,289.55,250,30300
20240123,12:11:44,289.8,50,30300
20240123,12:11:46,288.5,600,30300
20240123,12:11:54,289.5,100,30300
20240123,12:11:56,290.0,100,30300
20240123,12:12:01,288.0,300,32650
20240123,12:12:03,288.65,50,32650
20240123,12:12:33,292.85,50,32650
20240123,12:12:34,294.1,100,32650
20240123,12:12:35,294.15,50,32650
20240123,12:12:39,293.95,350,32650
20240123,12:12:40,293.85,50,32650
20240123,12:12:50,291.6,50,32650
20240123,12:13:03,292.7,50,32650
20240123,12:13:45,292.9,250,32650
20240123,12:13:47,292.7,50,32650
20240123,12:13:50,293.4,150,32650
20240123,12:13:50,293.6,100,32650
20240123,12:14:01,292.05,50,32650
20240123,12:14:06,294.55,50,32650
20240123,12:14:08,294.9,100,32650
20240123,12:14:11,295.0,50,32650
20240123,12:14:16,295.1,150,32650
20240123,12:14:17,294.8,100,32650
20240123,12:14:28,294.55,750,32650
20240123,12:14:29,293.7,100,32650
20240123,12:14:35,295.25,200,32650
20240123,12:14:41,294.7,50,32650
20240123,12:14:46,293.25,200,32650
20240123,12:14:53,293.5,50,32650
20240123,12:14:55,292.6,50,32650
20240123,12:14:59,291.2,100,33800
20240123,12:15:03,291.6,150,33800
20240123,12:15:04,291.05,50,33800
20240123,12:15:06,291.7,150,33800
20240123,12:15:08,292.0,50,33800
20240123,12:15:09,292.45,50,33800
20240123,12:15:13,289.2,50,33800
20240123,12:15:19,291.4,50,33800
20240123,12:15:38,295.65,50,33800
20240123,12:15:41,300.45,50,33800
20240123,12:15:43,302.25,2200,33800
20240123,12:15:44,302.55,300,33800
20240123,12:15:46,300.25,50,33800
20240123,12:15:48,300.2,550,33800
20240123,12:15:49,299.75,1150,33800
20240123,12:16:02,304.65,1050,33800
20240123,12:16:03,304.65,50,33800
20240123,12:16:08,306.15,100,33800
20240123,12:16:12,306.15,100,33800
20240123,12:16:13,306.35,300,33800
20240123,12:16:17,308.25,150,33800
20240123,12:16:19,308.0,100,33800
20240123,12:16:20,306.85,100,33800
20240123,12:16:22,308.05,250,33800
20240123,12:16:25,310.95,100,33800
20240123,12:16:29,312.3,150,33800
20240123,12:16:32,310.2,250,33800
20240123,12:16:34,308.3,300,33800
20240123,12:16:36,308.05,50,33800
20240123,12:16:37,309.35,250,33800
20240123,12:16:40,307.2,250,33800
20240123,12:16:46,306.25,50,33800
20240123,12:16:49,304.65,100,33800
20240123,12:16:50,304.8,150,33800
20240123,12:16:53,303.95,50,33800
20240123,12:17:03,306.3,350,33800
20240123,12:17:22,304.7,200,33800
20240123,12:17:23,306.8,200,33800
20240123,12:17:30,307.5,50,33800
20240123,12:17:31,309.6,150,33800
20240123,12:17:34,309.85,1500,33800
20240123,12:17:47,305.9,50,33800
20240123,12:17:49,304.35,1100,33800
20240123,12:18:03,304.8,100,34700
20240123,12:18:10,302.7,300,34700
20240123,12:18:15,301.25,100,34700
20240123,12:18:18,299.75,50,34700
20240123,12:18:22,297.0,250,34700
20240123,12:18:23,297.0,450,34700
20240123,12:18:26,299.35,100,34700
20240123,12:18:32,299.35,50,34700
20240123,12:18:35,297.0,100,34700
20240123,12:18:37,297.0,50,34700
20240123,12:18:40,299.25,950,34700
20240123,12:18:42,298.8,550,34700
20240123,12:18:49,297.55,350,34700
20240123,12:18:50,297.9,150,34700
20240123,12:18:51,298.85,100,34700
20240123,12:19:03,298.0,50,34700
20240123,12:19:30,294.75,250,34700
20240123,12:19:34,296.55,650,34700
20240123,12:19:42,295.95,50,34700
20240123,12:19:47,294.6,300,34700
20240123,12:19:50,294.0,50,34700
20240123,12:19:52,294.75,150,34700
20240123,12:19:59,290.8,550,34700
20240123,12:20:09,295.4,100,34700
20240123,12:20:11,294.7,50,34700
20240123,12:20:55,290.8,250,34700
20240123,12:20:56,290.35,400,34700
20240123,12:21:12,290.0,350,35400
20240123,12:21:13,289.0,400,35400
20240123,12:21:19,289.5,50,35400
20240123,12:21:33,290.8,150,35400
20240123,12:21:35,289.8,1500,35400
20240123,12:21:36,289.5,100,35400
20240123,12:21:51,291.45,50,35400
20240123,12:21:58,292.5,150,35400
20240123,12:22:05,293.95,50,35400
20240123,12:22:11,294.0,50,35400
20240123,12:22:26,292.65,200,35400
20240123,12:22:47,293.95,150,35400
20240123,12:22:52,295.0,50,35400
20240123,12:22:55,294.15,150,35400
20240123,12:23:12,296.0,50,35400
20240123,12:23:18,297.8,600,35400
20240123,12:23:21,296.1,50,35400
20240123,12:23:34,295.65,200,35400
20240123,12:23:36,294.95,50,35400
20240123,12:23:43,293.35,1100,35400
20240123,12:23:52,292.0,50,35400
20240123,12:23:56,291.0,600,35400
20240123,12:24:14,291.0,300,36300
20240123,12:24:29,293.45,50,36300
20240123,12:24:39,289.3,150,36300
20240123,12:24:40,290.0,50,36300
20240123,12:24:42,291.0,50,36300
20240123,12:24:50,289.6,50,36300
20240123,12:24:52,289.9,50,36300
20240123,12:24:57,288.85,200,36300
20240123,12:24:59,288.0,2000,36300
20240123,12:25:00,289.75,200,36300
20240123,12:25:01,289.45,50,36300
20240123,12:25:04,288.5,250,36300
20240123,12:25:08,289.8,100,36300
20240123,12:25:11,289.15,50,36300
20240123,12:25:18,289.15,50,36300
20240123,12:25:25,290.4,200,36300
20240123,12:25:27,292.0,100,36300
20240123,12:25:50,289.95,50,36300
20240123,12:26:03,288.5,50,36300
20240123,12:26:16,287.7,200,36300
20240123,12:26:18,288.25,50,36300
20240123,12:26:19,288.45,100,36300
20240123,12:26:45,289.1,50,36300
20240123,12:26:46,291.0,200,36300
20240123,12:26:52,291.0,50,36300
20240123,12:26:58,290.85,250,36300
20240123,12:27:03,289.3,50,35850
20240123,12:27:06,290.9,50,35850
20240123,12:27:15,291.1,100,35850
20240123,12:27:18,291.7,50,35850
20240123,12:27:27,290.5,100,35850
20240123,12:28:26,292.5,200,35850
20240123,12:28:38,292.15,50,35850
20240123,12:28:41,292.45,500,35850
20240123,12:28:45,294.4,100,35850
20240123,12:28:48,295.0,50,35850
20240123,12:28:50,296.35,50,35850
20240123,12:28:56,295.0,50,35850
20240123,12:29:04,296.2,100,35850
20240123,12:29:12,295.35,400,35850
20240123,12:29:15,293.45,50,35850
20240123,12:29:16,294.75,50,35850
20240123,12:29:27,294.15,50,35850
20240123,12:29:42,295.8,50,35850
20240123,12:29:44,296.25,550,35850
20240123,12:29:48,296.35,100,35850
20240123,12:29:54,294.3,50,35850
20240123,12:29:57,295.1,1100,35850
20240123,12:30:15,296.4,50,37300
20240123,12:30:42,298.6,600,37300
20240123,12:30:53,299.5,50,37300
20240123,12:31:02,299.95,50,37300
20240123,12:31:06,297.7,50,37300
20240123,12:31:15,298.0,100,37300
20240123,12:31:23,297.0,50,37300
20240123,12:31:38,299.4,350,37300
20240123,12:31:40,300.75,50,37300
20240123,12:31:44,300.5,50,37300
20240123,12:31:49,302.25,650,37300
20240123,12:31:56,299.9,100,37300
20240123,12:31:57,300.9,100,37300
20240123,12:32:00,300.9,50,37300
20240123,12:32:19,300.9,50,37300
20240123,12:32:20,301.55,250,37300
20240123,12:32:22,301.3,150,37300
20240123,12:32:33,299.4,100,37300
20240123,12:32:34,299.5,50,37300
20240123,12:32:42,298.35,50,37300
20240123,12:32:45,296.45,50,37300
20240123,12:32:54,297.0,50,37300
20240123,12:32:55,296.7,200,37300
20240123,12:33:00,298.8,50,38200
20240123,12:33:27,297.95,250,38200
20240123,12:33:34,300.0,50,38200
20240123,12:33:35,301.3,100,38200
20240123,12:33:44,303.6,50,38200
20240123,12:33:57,306.0,50,38200
20240123,12:34:02,305.9,50,38200
20240123,12:34:05,306.0,50,38200
20240123,12:34:09,308.0,100,38200
20240123,12:34:11,306.7,300,38200
20240123,12:34:15,307.4,50,38200
20240123,12:34:25,306.2,50,38200
20240123,12:34:36,303.6,50,38200
20240123,12:34:41,305.6,50,38200
20240123,12:34:45,304.55,100,38200
20240123,12:35:01,306.35,50,38200
20240123,12:35:06,303.6,550,38200
20240123,12:35:09,305.7,50,38200
20240123,12:35:10,305.1,50,38200
20240123,12:35:16,304.2,50,38200
20240123,12:35:27,304.95,50,38200
20240123,12:35:29,303.8,100,38200
20240123,12:35:36,304.4,50,38200
20240123,12:36:05,306.0,50,37900
20240123,12:36:11,307.6,300,37900
20240123,12:36:16,306.6,50,37900
20240123,12:36:27,308.35,50,37900
20240123,12:36:33,308.45,50,37900
20240123,12:36:42,308.2,50,37900
20240123,12:36:45,308.2,500,37900
20240123,12:36:47,309.55,300,37900
20240123,12:36:51,307.1,50,37900
20240123,12:36:52,307.75,250,37900
20240123,12:36:56,306.9,150,37900
20240123,12:37:15,301.35,700,37900
20240123,12:37:21,301.5,50,37900
20240123,12:37:29,302.3,50,37900
20240123,12:37:48,302.0,50,37900
20240123,12:37:53,304.4,100,37900
20240123,12:38:26,300.95,200,37900
20240123,12:38:39,304.15,50,37900
20240123,12:39:37,295.7,650,37650
20240123,12:39:40,296.8,50,37650
20240123,12:40:05,300.0,200,37650
20240123,12:40:10,299.0,100,37650
20240123,12:40:11,299.15,50,37650
20240123,12:40:16,298.0,300,37650
20240123,12:40:18,300.1,200,37650
20240123,12:40:29,298.5,600,37650
20240123,12:40:35,297.1,50,37650
20240123,12:40:46,298.0,50,37650
20240123,12:40:52,294.9,650,37650
20240123,12:41:05,296.8,100,37650
20240123,12:41:07,297.7,850,37650
20240123,12:41:19,295.1,50,37650
20240123,12:41:30,297.2,100,37650
20240123,12:41:36,299.8,250,37650
20240123,12:41:37,299.55,100,37650
20240123,12:42:18,297.95,300,36850
20240123,12:42:29,298.5,250,36850
20240123,12:42:38,298.5,50,36850
20240123,12:42:50,299.2,50,36850
20240123,12:43:53,297.45,150,36850
20240123,12:43:57,297.8,100,36850
20240123,12:44:01,297.0,50,36850
20240123,12:44:03,298.9,100,36850
20240123,12:44:05,298.65,100,36850
20240123,12:44:15,298.2,50,36850
20240123,12:44:16,298.4,50,36850
20240123,12:44:22,298.65,50,36850
20240123,12:44:33,298.8,200,36850
20240123,12:44:38,300.0,50,36850
20240123,12:44:53,298.6,100,36850
20240123,12:45:08,300.0,50,37000
20240123,12:45:26,297.0,200,37000
20240123,12:45:45,294.3,50,37000
20240123,12:46:10,295.05,50,37000
20240123,12:46:11,292.85,50,37000
20240123,12:46:15,289.0,400,37000
20240123,12:46:17,289.55,100,37000
20240123,12:46:18,291.0,350,37000
20240123,12:46:26,289.35,300,37000
20240123,12:46:32,286.3,450,37000
20240123,12:46:34,284.95,650,37000
20240123,12:46:35,286.75,50,37000
20240123,12:46:37,287.5,650,37000
20240123,12:46:38,287.75,100,37000
20240123,12:46:39,286.3,50,37000
20240123,12:46:45,285.55,250,37000
20240123,12:46:47,286.2,150,37000
20240123,12:46:52,283.8,50,37000
20240123,12:46:55,285.05,150,37000
20240123,12:46:56,285.3,50,37000
20240123,12:47:00,283.8,50,37000
20240123,12:47:01,283.5,250,37000
20240123,12:47:03,283.75,850,37000
20240123,12:47:13,287.15,150,37000
20240123,12:47:23,287.0,700,37000
20240123,12:47:24,286.3,150,37000
20240123,12:47:27,285.45,50,37000
20240123,12:47:29,285.3,50,37000
20240123,12:47:32,283.65,550,37000
20240123,12:47:45,284.7,50,37000
20240123,12:47:48,283.65,50,37000
20240123,12:47:50,284.3,350,37000
20240123,12:47:57,285.0,50,37000
20240123,12:47:59,283.0,300,37000
20240123,12:48:06,282.75,50,38850
20240123,12:48:10,284.1,950,38850
20240123,12:48:25,288.0,150,38850
20240123,12:48:30,290.0,50,38850
20240123,12:48:33,288.6,150,38850
20240123,12:48:36,291.25,250,38850
20240123,12:48:44,294.45,250,38850
20240123,12:48:47,297.0,650,38850
20240123,12:48:48,297.45,700,38850
20240123,12:48:50,295.0,50,38850
20240123,12:48:53,293.85,50,38850
20240123,12:48:54,293.9,50,38850
20240123,12:48:56,294.15,600,38850
20240123,12:48:57,293.5,150,38850
20240123,12:49:02,296.15,50,38850
20240123,12:49:04,295.05,50,38850
20240123,12:49:08,296.2,300,38850
20240123,12:49:09,297.0,300,38850
20240123,12:49:11,297.55,50,38850
20240123,12:49:14,298.0,50,38850
20240123,12:49:18,299.0,50,38850
20240123,12:49:20,298.85,350,38850
20240123,12:49:24,298.95,50,38850
20240123,12:49:26,297.6,600,38850
20240123,12:49:32,295.85,50,38850
20240123,12:49:53,296.8,50,38850
20240123,12:49:56,298.35,50,38850
20240123,12:50:02,300.45,700,38850
20240123,12:50:05,299.45,50,38850
20240123,12:50:14,297.2,50,38850
20240123,12:50:20,297.6,50,38850
20240123,12:50:31,298.55,1000,38850
20240123,12:50:40,299.0,50,38850
20240123,12:50:40,298.5,300,38850
20240123,12:51:03,300.0,700,38950
20240123,12:51:16,299.8,1000,38950
20240123,12:51:23,298.5,350,38950
20240123,12:51:35,297.0,50,38950
20240123,12:51:38,298.8,850,38950
20240123,12:51:39,299.05,50,38950
20240123,12:51:53,300.15,150,38950
20240123,12:52:04,299.45,300,38950
20240123,12:52:12,301.0,50,38950
20240123,12:52:35,298.15,100,38950
20240123,12:53:24,294.45,50,38950
20240123,12:53:27,292.55,50,38950
20240123,12:53:32,291.15,50,38950
20240123,12:53:34,291.0,50,38950
20240123,12:53:38,291.25,900,38950
20240123,12:53:39,291.0,650,38950
20240123,12:53:44,291.85,100,38950
20240123,12:53:47,293.2,100,38950
20240123,12:53:48,295.0,100,38950
20240123,12:53:58,295.0,350,38950
20240123,12:53:58,294.45,100,38950
20240123,12:54:12,294.05,50,39400
20240123,12:55:34,293.25,50,39400
20240123,12:55:36,294.4,50,39400
20240123,12:55:42,294.25,50,39400
20240123,12:55:49,292.15,200,39400
20240123,12:55:55,290.0,100,39400
20240123,12:56:13,293.45,300,39400
20240123,12:56:23,293.05,50,39400
20240123,12:56:26,293.95,300,39400
20240123,12:56:38,295.15,300,39400
20240123,12:56:40,295.85,50,39400
20240123,12:56:57,292.35,50,39400
20240123,12:57:05,290.5,50,40000
20240123,12:57:14,289.05,300,40000
20240123,12:57:21,288.05,100,40000
20240123,12:57:24,288.7,100,40000
20240123,12:57:32,289.8,100,40000
20240123,12:57:35,290.3,350,40000
20240123,12:57:42,289.05,100,40000
20240123,12:57:43,288.0,100,40000
20240123,12:57:46,287.0,100,40000
20240123,12:57:47,287.95,100,40000
20240123,12:57:51,286.85,50,40000
20240123,12:57:52,286.85,50,40000
20240123,12:57:55,287.65,50,40000
20240123,12:57:59,286.05,300,40000
20240123,12:58:02,287.05,150,40000
20240123,12:58:03,286.65,50,40000
20240123,12:58:06,286.0,100,40000
20240123,12:58:08,285.0,400,40000
20240123,12:58:09,284.5,500,40000
20240123,12:58:15,283.2,200,40000
20240123,12:58:20,282.45,250,40000
20240123,12:58:21,281.7,50,40000
20240123,12:58:22,281.6,100,40000
20240123,12:58:26,281.7,150,40000
20240123,12:58:28,282.8,200,40000
20240123,12:58:30,283.65,200,40000
20240123,12:58:34,281.5,50,40000
20240123,12:58:42,281.0,50,40000
20240123,12:58:45,280.0,200,40000
20240123,12:58:49,280.85,100,40000
20240123,12:58:49,280.2,50,40000
20240123,12:58:53,279.65,50,40000
20240123,12:58:55,280.0,150,40000
20240123,12:58:57,280.1,50,40000
20240123,12:58:59,280.95,200,40000
20240123,12:59:01,280.0,150,40000
20240123,12:59:03,278.7,450,40000
20240123,12:59:05,281.0,150,40000
20240123,12:59:11,281.05,50,40000
20240123,12:59:15,282.2,200,40000
20240123,12:59:17,280.0,50,40000
20240123,12:59:20,280.0,100,40000
20240123,12:59:23,277.65,250,40000
20240123,12:59:24,277.0,150,40000
20240123,12:59:26,277.75,150,40000
20240123,12:59:30,277.2,100,40000
20240123,12:59:30,278.1,100,40000
20240123,12:59:35,278.0,100,40000
20240123,12:59:38,276.5,150,40000
20240123,12:59:41,277.6,100,40000
20240123,12:59:43,278.15,100,40000
20240123,12:59:51,281.45,250,40000
20240123,12:59:54,281.0,250,40000
20240123,12:59:58,280.85,250,40000
20240123,13:00:03,279.55,50,40000
20240123,13:00:04,280.6,150,42450
20240123,13:00:10,279.25,300,42450
20240123,13:00:13,277.9,550,42450
20240123,13:00:14,277.95,100,42450
20240123,13:00:17,277.1,150,42450
20240123,13:00:18,278.8,200,42450
20240123,13:00:20,278.95,50,42450
20240123,13:00:20,278.75,100,42450
20240123,13:00:45,279.25,50,42450
20240123,13:00:47,277.9,350,42450
20240123,13:00:51,278.75,150,42450
20240123,13:00:58,279.5,100,42450
20240123,13:01:08,283.05,550,42450
20240123,13:01:11,282.55,700,42450
20240123,13:01:19,285.0,800,42450
20240123,13:01:24,284.75,50,42450
20240123,13:01:27,286.35,50,42450
20240123,13:01:32,286.75,50,42450
20240123,13:01:35,286.3,50,42450
20240123,13:01:39,287.85,350,42450
20240123,13:01:40,287.95,50,42450
20240123,13:01:43,287.35,150,42450
20240123,13:02:00,283.6,50,42450
20240123,13:02:01,285.6,200,42450
20240123,13:02:06,282.5,550,42450
20240123,13:02:11,281.85,50,42450
20240123,13:02:13,280.9,100,42450
20240123,13:02:17,280.5,500,42450
20240123,13:02:19,282.0,150,42450
20240123,13:02:29,282.55,100,42450
20240123,13:02:44,284.7,1300,42450
20240123,13:02:47,284.35,50,42450
20240123,13:02:54,284.05,100,42450
20240123,13:02:58,284.55,50,42450
20240123,13:02:58,285.45,50,42450
20240123,13:03:23,286.75,600,44850
20240123,13:03:25,286.35,550,44850
20240123,13:03:25,287.15,50,44850
20240123,13:03:28,286.45,450,44850
20240123,13:03:31,285.15,150,44850
20240123,13:03:32,284.85,50,44850
20240123,13:03:35,284.6,250,44850
20240123,13:03:35,284.05,200,44850
20240123,13:03:40,282.7,50,44850
20240123,13:03:43,283.85,150,44850
20240123,13:03:48,282.0,50,44850
20240123,13:03:51,281.0,150,44850
20240123,13:03:56,280.55,250,44850
20240123,13:04:01,280.0,50,44850
20240123,13:04:04,282.5,200,44850
20240123,13:04:12,282.45,50,44850
20240123,13:04:15,282.75,550,44850
20240123,13:04:19,282.95,50,44850
20240123,13:04:20,283.0,50,44850
20240123,13:04:28,281.75,100,44850
20240123,13:04:29,280.55,50,44850
20240123,13:04:30,280.0,50,44850
20240123,13:04:32,281.65,150,44850
20240123,13:04:34,281.9,100,44850
20240123,13:04:42,282.6,50,44850
20240123,13:04:51,280.35,500,44850
20240123,13:04:57,280.35,50,44850
20240123,13:04:59,280.45,50,44850
20240123,13:05:08,282.1,100,44850
20240123,13:05:12,283.8,600,44850
20240123,13:05:16,284.15,50,44850
20240123,13:05:20,285.15,50,44850
20240123,13:05:29,284.0,350,44850
20240123,13:05:33,285.45,50,44850
20240123,13:05:41,283.65,50,44850
20240123,13:05:52,282.85,250,44850
20240123,13:05:55,283.75,50,44850
20240123,13:06:03,283.75,50,44850
20240123,13:06:05,284.0,50,46800
20240123,13:06:29,282.15,50,46800
20240123,13:06:37,280.0,50,46800
20240123,13:06:46,280.55,50,46800
20240123,13:06:55,279.55,350,46800
20240123,13:06:59,279.5,100,46800
20240123,13:07:00,279.0,50,46800
20240123,13:07:09,279.8,200,46800
20240123,13:07:23,279.3,100,46800
20240123,13:07:37,281.75,50,46800
20240123,13:07:39,280.65,50,46800
20240123,13:07:54,279.0,50,46800
20240123,13:07:55,279.3,550,46800
20240123,13:08:01,279.45,50,46800
20240123,13:08:06,278.0,300,46800
20240123,13:08:15,277.65,550,46800
20240123,13:08:26,278.55,50,46800
20240123,13:08:27,277.0,200,46800
20240123,13:08:37,277.0,150,46800
20240123,13:08:37,277.0,850,46800
20240123,13:08:44,275.05,50,46800
20240123,13:08:46,276.25,100,46800
20240123,13:08:48,275.65,100,46800
20240123,13:08:51,274.6,150,46800
20240123,13:08:56,272.35,100,46800
20240123,13:08:58,272.35,50,46800
20240123,13:09:00,273.35,150,46800
20240123,13:09:01,274.1,250,46800
20240123,13:09:05,273.0,50,46800
20240123,13:09:08,273.0,50,48600
20240123,13:09:10,273.0,200,48600
20240123,13:09:12,272.0,50,48600
20240123,13:09:18,269.8,450,48600
20240123,13:09:19,270.2,350,48600
20240123,13:09:21,269.0,50,48600
20240123,13:09:23,268.05,350,48600
20240123,13:09:28,268.2,1750,48600
20240123,13:09:31,268.8,50,48600
20240123,13:09:33,268.0,600,48600
20240123,13:09:37,266.5,150,48600
20240123,13:09:41,267.95,50,48600
20240123,13:09:46,268.6,100,48600
20240123,13:09:50,269.25,400,48600
20240123,13:09:53,266.7,250,48600
20240123,13:09:55,266.3,200,48600
20240123,13:09:57,267.55,50,48600
20240123,13:10:00,267.25,50,48600
20240123,13:10:01,267.9,150,48600
20240123,13:10:04,266.3,200,48600
20240123,13:10:04,267.2,800,48600
20240123,13:10:10,266.1,100,48600
20240123,13:10:11,264.2,2200,48600
20240123,13:10:18,264.6,300,48600
20240123,13:10:19,264.8,50,48600
20240123,13:10:28,264.9,100,48600
20240123,13:10:31,263.0,50,48600
20240123,13:10:36,262.05,150,48600
20240123,13:10:38,262.5,50,48600
20240123,13:10:40,261.2,50,48600
20240123,13:10:44,261.0,50,48600
20240123,13:10:47,260.0,250,48600
20240123,13:10:50,258.25,100,48600
20240123,13:10:51,258.55,350,48600
20240123,13:10:52,259.3,50,48600
20240123,13:10:56,258.45,450,48600
20240123,13:10:58,256.95,50,48600
20240123,13:11:00,257.1,50,48600
20240123,13:11:03,258.3,100,48600
20240123,13:11:04,260.0,100,48600
20240123,13:11:05,260.9,50,48600
20240123,13:11:08,261.5,100,48600
20240123,13:11:10,259.9,200,48600
20240123,13:11:10,260.0,50,48600
20240123,13:11:13,261.15,50,48600
20240123,13:11:14,260.6,50,48600
20240123,13:11:15,260.8,100,48600
20240123,13:11:18,261.35,100,48600
20240123,13:11:23,262.7,300,48600
20240123,13:11:39,263.9,200,48600
20240123,13:11:42,264.3,300,48600
20240123,13:11:43,263.8,50,48600
20240123,13:11:45,264.6,500,48600
20240123,13:11:48,264.5,100,48600
20240123,13:11:50,262.0,600,48600
20240123,13:11:51,261.65,200,48600
20240123,13:11:55,261.5,150,48600
20240123,13:11:59,261.2,200,48600
20240123,13:12:00,261.1,150,48600
20240123,13:12:07,262.2,100,48550
20240123,13:12:09,263.3,50,48550
20240123,13:12:12,264.0,300,48550
20240123,13:12:16,266.7,50,48550
20240123,13:12:21,266.95,400,48550
20240123,13:12:25,266.1,250,48550
20240123,13:12:27,265.6,200,48550
20240123,13:12:30,266.3,100,48550
20240123,13:12:33,268.4,50,48550
20240123,13:12:36,267.4,400,48550
20240123,13:12:41,268.3,150,48550
20240123,13:12:47,269.3,100,48550
20240123,13:12:56,269.4,50,48550
20240123,13:12:57,270.45,50,48550
20240123,13:13:01,270.8,50,48550
20240123,13:13:03,270.0,50,48550
20240123,13:13:12,272.0,150,48550
20240123,13:13:15,272.15,50,48550
20240123,13:13:18,272.15,550,48550
20240123,13:13:26,270.0,350,48550
20240123,13:13:28,270.8,100,48550
20240123,13:13:30,269.0,100,48550
20240123,13:13:32,267.9,100,48550
20240123,13:13:35,269.2,150,48550
20240123,13:13:40,269.75,800,48550
20240123,13:13:44,269.25,500,48550
20240123,13:13:46,267.75,150,48550
20240123,13:13:52,268.8,150,48550
20240123,13:13:55,269.65,100,48550
20240123,13:14:00,269.65,50,48550
20240123,13:14:05,269.7,150,48550
20240123,13:14:16,268.8,100,48550
20240123,13:14:26,268.0,50,48550
20240123,13:14:39,268.5,50,48550
20240123,13:14:43,268.0,300,48550
20240123,13:14:47,268.0,100,48550
20240123,13:14:51,270.1,50,48550
20240123,13:14:58,271.15,1200,48550
20240123,13:15:00,271.15,100,48550
20240123,13:15:10,271.5,500,51150
20240123,13:15:18,270.0,300,51150
20240123,13:15:23,268.0,50,51150
20240123,13:15:25,268.6,100,51150
20240123,13:15:32,270.3,400,51150
20240123,13:15:38,269.05,50,51150
20240123,13:15:39,268.2,300,51150
20240123,13:15:44,268.2,50,51150
20240123,13:15:46,268.5,100,51150
20240123,13:16:07,270.3,50,51150
20240123,13:16:14,271.25,800,51150
20240123,13:16:19,270.45,400,51150
20240123,13:16:25,271.3,100,51150
20240123,13:16:32,270.9,50,51150
20240123,13:16:35,271.6,50,51150
20240123,13:16:45,271.6,100,51150
20240123,13:16:52,271.75,50,51150
20240123,13:16:56,269.9,50,51150
20240123,13:16:58,270.5,300,51150
20240123,13:17:06,269.85,150,51150
20240123,13:17:09,269.0,150,51150
20240123,13:17:12,270.1,50,51150
20240123,13:17:18,269.0,50,51150
20240123,13:17:19,270.25,100,51150
20240123,13:17:21,268.5,200,51150
20240123,13:17:36,270.6,150,51150
20240123,13:17:51,271.55,50,51150
20240123,13:17:54,272.6,50,51150
20240123,13:17:56,273.0,100,51150
20240123,13:18:00,276.3,100,51150
20240123,13:18:03,275.5,450,51150
20240123,13:18:05,275.7,100,51150
20240123,13:18:11,274.25,350,53400
20240123,13:18:12,273.2,100,53400
20240123,13:18:13,273.25,50,53400
20240123,13:18:17,272.35,150,53400
20240123,13:18:18,272.3,400,53400
20240123,13:18:24,271.5,100,53400
20240123,13:18:27,270.25,150,53400
20240123,13:18:29,271.0,550,53400
20240123,13:18:29,270.0,50,53400
20240123,13:18:33,271.8,50,53400
20240123,13:18:41,270.05,50,53400
20240123,13:18:48,272.0,50,53400
20240123,13:18:53,271.5,100,53400
20240123,13:19:09,273.45,100,53400
20240123,13:19:15,273.15,950,53400
20240123,13:19:19,274.8,50,53400
20240123,13:19:21,275.85,300,53400
20240123,13:19:27,276.0,50,53400
20240123,13:19:31,276.5,50,53400
20240123,13:19:35,276.7,100,53400
20240123,13:19:46,275.65,100,53400
20240123,13:19:51,276.1,650,53400
20240123,13:19:52,275.35,50,53400
20240123,13:19:53,274.45,300,53400
20240123,13:19:54,275.05,50,53400
20240123,13:19:56,275.1,100,53400
20240123,13:20:03,274.8,150,53400
20240123,13:20:05,274.85,100,53400
20240123,13:20:07,274.65,50,53400
20240123,13:20:12,272.4,950,53400
20240123,13:20:14,272.0,50,53400
20240123,13:20:18,272.0,50,53400
20240123,13:20:20,272.6,50,53400
20240123,13:20:23,271.15,50,53400
20240123,13:20:27,270.65,100,53400
20240123,13:20:40,270.05,50,53400
20240123,13:20:43,269.55,50,53400
20240123,13:20:45,270.4,50,53400
20240123,13:20:47,271.25,350,53400
20240123,13:20:56,270.75,100,53400
20240123,13:21:06,269.55,50,53400
20240123,13:21:11,269.65,550,56250
20240123,13:21:15,269.0,200,56250
20240123,13:21:16,269.6,50,56250
20240123,13:21:23,269.4,250,56250
20240123,13:21:27,268.85,50,56250
20240123,13:21:34,268.85,250,56250
20240123,13:21:37,269.35,50,56250
20240123,13:21:39,269.05,300,56250
20240123,13:21:40,267.4,600,56250
20240123,13:21:43,268.0,100,56250
20240123,13:21:45,266.95,50,56250
20240123,13:21:49,266.0,50,56250
20240123,13:21:54,266.0,50,56250
20240123,13:21:57,265.55,50,56250
20240123,13:22:04,265.55,250,56250
20240123,13:22:08,268.2,300,56250
20240123,13:22:23,267.0,450,56250
20240123,13:22:33,267.9,100,56250
20240123,13:22:35,268.3,350,56250
20240123,13:22:40,271.25,100,56250
20240123,13:22:46,271.65,200,56250
20240123,13:23:07,268.3,50,56250
20240123,13:23:10,268.0,250,56250
20240123,13:23:11,267.7,50,56250
20240123,13:23:17,266.75,250,56250
20240123,13:23:26,266.6,50,56250
20240123,13:23:28,265.55,50,56250
20240123,13:23:37,266.0,50,56250
20240123,13:23:38,266.85,50,56250
20240123,13:23:52,267.45,100,56250
20240123,13:23:55,267.0,50,56250
20240123,13:23:56,267.05,50,56250
20240123,13:24:01,267.15,50,56250
20240123,13:24:08,266.6,150,56500
20240123,13:24:13,267.15,50,56500
20240123,13:24:15,266.6,100,56500
20240123,13:24:26,266.65,50,56500
20240123,13:24:33,267.0,500,56500
20240123,13:24:41,268.5,50,56500
20240123,13:25:03,268.7,100,56500
20240123,13:25:06,267.0,1500,56500
20240123,13:25:08,266.8,400,56500
20240123,13:25:10,265.0,250,56500
20240123,13:25:12,264.95,200,56500
20240123,13:25:12,265.7,850,56500
20240123,13:25:15,265.9,250,56500
20240123,13:25:18,265.05,250,56500
20240123,13:25:28,262.6,1250,56500
20240123,13:25:33,263.15,200,56500
20240123,13:25:37,266.85,500,56500
20240123,13:25:37,267.0,450,56500
20240123,13:25:40,265.0,50,56500
20240123,13:25:43,264.95,50,56500
20240123,13:25:46,265.15,50,56500
20240123,13:25:55,265.25,250,56500
20240123,13:25:58,266.4,50,56500
20240123,13:26:04,266.2,100,56500
20240123,13:26:10,266.0,50,56500
20240123,13:26:12,266.8,50,56500
20240123,13:26:15,264.85,50,56500
20240123,13:26:20,264.15,300,56500
20240123,13:26:28,262.8,50,56500
20240123,13:26:30,263.2,200,56500
20240123,13:26:33,261.5,350,56500
20240123,13:26:35,260.8,600,56500
20240123,13:26:37,261.85,50,56500
20240123,13:26:38,261.15,300,56500
20240123,13:26:39,262.0,250,56500
20240123,13:26:42,260.0,350,56500
20240123,13:26:50,259.55,50,56500
20240123,13:26:52,257.95,700,56500
20240123,13:26:54,257.45,50,56500
20240123,13:26:57,258.9,700,56500
20240123,13:26:59,259.65,50,56500
20240123,13:27:02,262.25,50,56500
20240123,13:27:04,262.65,250,56500
20240123,13:27:05,263.9,300,56500
20240123,13:27:08,265.35,50,59350
20240123,13:27:12,266.4,1800,59350
20240123,13:27:15,265.55,50,59350
20240123,13:27:18,265.95,50,59350
20240123,13:27:21,265.35,250,59350
20240123,13:27:21,264.65,100,59350
20240123,13:27:22,265.45,50,59350
20240123,13:27:25,266.4,50,59350
20240123,13:27:31,265.3,300,59350
20240123,13:27:31,265.3,50,59350
20240123,13:27:34,265.25,1100,59350
20240123,13:27:34,265.45,500,59350
20240123,13:27:37,268.3,500,59350
20240123,13:27:40,267.9,250,59350
20240123,13:27:42,268.05,50,59350
20240123,13:27:47,268.5,200,59350
20240123,13:27:49,269.55,100,59350
20240123,13:27:50,270.1,50,59350
20240123,13:27:51,270.0,50,59350
20240123,13:27:53,270.05,100,59350
20240123,13:27:54,269.1,50,59350
20240123,13:27:57,268.9,100,59350
20240123,13:28:00,266.85,400,59350
20240123,13:28:03,267.05,200,59350
20240123,13:28:05,267.3,100,59350
20240123,13:28:07,265.45,50,59350
20240123,13:28:08,266.15,150,59350
20240123,13:28:10,267.85,150,59350
20240123,13:28:12,267.3,350,59350
20240123,13:28:14,266.85,150,59350
20240123,13:28:15,267.9,150,59350
20240123,13:28:17,269.2,50,59350
20240123,13:28:19,267.9,200,59350
20240123,13:28:23,268.3,500,59350
20240123,13:28:26,268.85,200,59350
20240123,13:28:28,270.0,150,59350
20240123,13:28:29,270.55,250,59350
20240123,13:28:31,270.0,400,59350
20240123,13:28:34,269.0,5000,59350
20240123,13:28:35,269.5,50,59350
20240123,13:28:39,271.4,600,59350
20240123,13:28:42,271.75,50,59350
20240123,13:28:44,272.65,100,59350
20240123,13:28:47,272.6,50,59350
20240123,13:28:48,271.2,5000,59350
20240123,13:28:49,270.95,350,59350
20240123,13:28:53,270.95,250,59350
20240123,13:29:00,271.45,250,59350
20240123,13:29:02,271.4,500,59350
20240123,13:29:02,272.65,450,59350
20240123,13:29:07,272.8,1550,59350
20240123,13:29:10,271.0,5000,59350
20240123,13:29:19,271.85,150,59350
20240123,13:29:22,272.8,250,59350
20240123,13:29:23,272.75,50,59350
20240123,13:29:30,270.9,300,59350
20240123,13:29:30,271.0,50,59350
20240123,13:29:39,270.7,1000,59350
20240123,13:29:41,271.15,250,59350
20240123,13:29:45,272.2,2550,59350
20240123,13:29:46,271.85,100,59350
20240123,13:29:47,271.1,1400,59350
20240123,13:29:50,270.0,200,59350
20240123,13:29:52,269.45,200,59350
20240123,13:29:55,269.9,2050,59350
20240123,13:30:00,271.3,2600,59350
20240123,13:30:04,269.65,200,59350
20240123,13:30:12,268.2,3650,75800
20240123,13:30:13,267.65,500,75800
20240123,13:30:16,267.75,1800,75800
20240123,13:30:23,268.45,250,75800
20240123,13:30:24,269.95,1000,75800
20240123,13:30:31,268.45,600,75800
20240123,13:30:41,270.3,300,75800
20240123,13:30:42,270.25,50,75800
20240123,13:30:49,272.0,1800,75800
20240123,13:30:51,272.95,50,75800
20240123,13:30:54,272.15,100,75800
20240123,13:31:00,275.0,100,75800
20240123,13:31:01,274.05,300,75800
20240123,13:31:03,273.95,300,75800
20240123,13:31:05,274.1,100,75800
20240123,13:31:08,274.5,100,75800
20240123,13:31:10,273.95,300,75800
20240123,13:31:11,273.9,100,75800
20240123,13:31:21,272.15,50,75800
20240123,13:31:24,271.2,150,75800
20240123,13:31:26,271.05,50,75800
20240123,13:31:32,271.4,50,75800
20240123,13:31:34,272.3,1600,75800
20240123,13:31:36,272.75,400,75800
20240123,13:31:38,271.2,200,75800
20240123,13:31:46,270.45,200,75800
20240123,13:31:54,270.5,50,75800
20240123,13:31:56,270.15,50,75800
20240123,13:31:59,271.15,100,75800
20240123,13:32:04,271.35,50,75800
20240123,13:32:10,271.35,50,75800
20240123,13:32:21,270.0,50,75800
20240123,13:32:24,270.3,50,75800
20240123,13:32:33,268.2,150,75800
20240123,13:32:34,269.05,100,75800
20240123,13:32:36,268.5,50,75800
20240123,13:32:45,266.9,300,75800
20240123,13:32:50,266.7,50,75800
20240123,13:32:59,269.3,100,75800
20240123,13:33:02,267.45,550,75800
20240123,13:33:05,266.7,100,75800
20240123,13:33:15,267.0,1000,78900
20240123,13:33:20,267.0,50,78900
20240123,13:33:22,266.45,250,78900
20240123,13:33:40,266.0,50,78900
20240123,13:33:51,266.8,50,78900
20240123,13:33:52,267.65,50,78900
20240123,13:33:57,270.1,100,78900
20240123,13:34:00,269.15,350,78900
20240123,13:34:10,268.5,150,78900
20240123,13:34:11,268.3,1500,78900
20240123,13:34:13,269.15,50,78900
20240123,13:34:16,267.5,1500,78900
20240123,13:34:42,266.0,50,78900
20240123,13:34:59,266.15,50,78900
20240123,13:35:05,264.3,900,78900
20240123,13:35:15,266.5,350,78900
20240123,13:35:18,266.95,50,78900
20240123,13:35:29,269.0,50,78900
20240123,13:35:32,269.15,200,78900
20240123,13:35:34,269.5,50,78900
20240123,13:35:35,269.8,50,78900
20240123,13:35:36,270.25,750,78900
20240123,13:35:38,271.0,100,78900
20240123,13:35:44,270.55,1300,78900
20240123,13:35:45,270.55,1700,78900
20240123,13:35:48,271.0,100,78900
20240123,13:35:50,271.0,50,78900
20240123,13:35:53,270.7,50,78900
20240123,13:35:59,270.7,50,78900
20240123,13:36:04,271.0,100,78900
20240123,13:36:11,270.3,1800,80500
20240123,13:36:11,270.3,3200,80500
20240123,13:36:15,272.0,200,80500
20240123,13:36:16,273.5,200,80500
20240123,13:36:20,272.0,50,80500
20240123,13:36:28,273.0,50,80500
20240123,13:36:30,272.3,1000,80500
20240123,13:36:32,273.0,600,80500
20240123,13:36:36,273.8,50,80500
20240123,13:36:39,274.15,100,80500
20240123,13:36:56,271.8,100,80500
20240123,13:37:02,272.6,50,80500
20240123,13:37:09,271.9,50,80500
20240123,13:37:11,271.45,50,80500
20240123,13:37:15,270.0,350,80500
20240123,13:37:17,268.0,1250,80500
20240123,13:37:24,268.0,50,80500
20240123,13:37:31,268.0,100,80500
20240123,13:37:44,268.6,50,80500
20240123,13:37:50,269.0,200,80500
20240123,13:38:14,270.0,1250,80500
20240123,13:38:57,271.5,1000,80500
20240123,13:39:00,271.6,1000,80500
20240123,13:39:05,270.0,750,80500
20240123,13:39:10,270.1,1000,86800
20240123,13:39:24,268.95,1000,86800
20240123,13:39:28,270.1,50,86800
20240123,13:39:31,270.0,50,86800
20240123,13:39:42,269.7,50,86800
20240123,13:39:51,269.8,100,86800
20240123,13:39:55,268.0,50,86800
20240123,13:39:56,268.0,50,86800
20240123,13:40:00,267.35,500,86800
20240123,13:40:07,268.5,50,86800
20240123,13:40:15,267.0,50,86800
20240123,13:40:20,267.6,50,86800
20240123,13:40:43,266.6,200,86800
20240123,13:40:50,265.6,50,86800
20240123,13:40:53,265.7,50,86800
20240123,13:41:00,266.6,1150,86800
20240123,13:41:08,266.0,50,86800
20240123,13:41:11,264.1,2750,86800
20240123,13:41:12,263.7,50,86800
20240123,13:41:14,263.75,850,86800
20240123,13:41:17,264.2,50,86800
20240123,13:41:23,263.7,100,86800
20240123,13:41:27,263.9,350,86800
20240123,13:41:28,264.2,50,86800
20240123,13:41:30,263.9,250,86800
20240123,13:41:51,265.0,50,86800
20240123,13:41:53,265.7,50,86800
20240123,13:42:16,266.3,300,88600
20240123,13:42:18,266.1,50,88600
20240123,13:42:21,266.2,350,88600
20240123,13:42:23,265.0,100,88600
20240123,13:42:35,265.7,50,88600
20240123,13:42:40,265.6,50,88600
20240123,13:42:55,263.6,400,88600
20240123,13:43:05,262.0,200,88600
20240123,13:43:07,261.7,200,88600
20240123,13:43:08,262.05,50,88600
20240123,13:43:15,261.8,50,88600
20240123,13:43:17,262.3,50,88600
20240123,13:43:20,261.55,1000,88600
20240123,13:43:23,263.0,50,88600
20240123,13:43:29,262.2,250,88600
20240123,13:43:32,262.5,250,88600
20240123,13:43:41,262.7,150,88600
20240123,13:43:49,264.2,50,88600
20240123,13:44:01,264.1,50,88600
20240123,13:44:04,263.4,200,88600
20240123,13:44:13,264.2,50,88600
20240123,13:44:17,264.2,250,88600
20240123,13:44:19,264.4,50,88600
20240123,13:44:22,264.55,1600,88600
20240123,13:44:25,263.8,50,88600
20240123,13:44:26,264.5,400,88600
20240123,13:44:31,263.4,50,88600
20240123,13:44:37,264.4,50,88600
20240123,13:44:40,264.1,100,88600
20240123,13:44:45,264.55,150,88600
20240123,13:44:49,265.4,50,88600
20240123,13:45:05,265.8,100,88600
20240123,13:45:14,266.4,50,89050
20240123,13:45:18,264.55,50,89050
20240123,13:45:31,264.6,200,89050
20240123,13:45:51,266.15,450,89050
20240123,13:45:53,266.8,50,89050
20240123,13:46:13,267.2,250,89050
20240123,13:46:19,269.0,50,89050
20240123,13:46:19,268.6,50,89050
20240123,13:46:21,269.75,100,89050
20240123,13:46:24,269.4,100,89050
20240123,13:46:29,269.5,50,89050
20240123,13:46:34,267.9,500,89050
20240123,13:46:44,268.55,50,89050
20240123,13:46:48,269.1,50,89050
20240123,13:46:55,269.75,200,89050
20240123,13:46:57,269.75,50,89050
20240123,13:47:04,268.5,50,89050
20240123,13:47:08,268.55,100,89050
20240123,13:47:21,272.65,50,89050
20240123,13:47:30,270.95,50,89050
20240123,13:47:36,272.05,50,89050
20240123,13:47:39,270.95,50,89050
20240123,13:47:40,270.95,750,89050
20240123,13:47:44,269.0,400,89050
20240123,13:47:45,269.7,150,89050
20240123,13:47:58,270.65,450,89050
20240123,13:48:03,270.85,200,89050
20240123,13:48:08,270.9,50,89050
20240123,13:48:12,270.8,50,89200
20240123,13:48:18,272.0,50,89200
20240123,13:48:19,272.75,250,89200
20240123,13:48:21,272.3,100,89200
20240123,13:48:26,271.35,200,89200
20240123,13:48:29,271.35,100,89200
20240123,13:48:30,270.9,750,89200
20240123,13:48:34,271.7,500,89200
20240123,13:48:39,271.4,50,89200
20240123,13:48:40,271.55,500,89200
20240123,13:48:46,271.0,300,89200
20240123,13:48:55,269.7,200,89200
20240123,13:48:55,269.7,50,89200
20240123,13:48:58,269.75,50,89200
20240123,13:49:04,271.0,1800,89200
20240123,13:49:11,270.6,50,89200
20240123,13:49:14,270.3,50,89200
20240123,13:49:16,270.85,50,89200
20240123,13:49:19,270.95,50,89200
20240123,13:49:25,272.0,100,89200
20240123,13:49:26,273.2,150,89200
20240123,13:49:28,274.2,100,89200
20240123,13:49:30,275.0,150,89200
20240123,13:49:33,273.45,50,89200
20240123,13:49:43,275.0,400,89200
20240123,13:49:45,273.85,1500,89200
20240123,13:49:51,274.55,150,89200
20240123,13:49:53,274.55,100,89200
20240123,13:50:02,273.0,1100,89200
20240123,13:50:03,272.0,100,89200
20240123,13:50:08,272.7,50,89200
20240123,13:50:13,270.0,150,89200
20240123,13:50:15,270.0,50,89200
20240123,13:50:18,269.0,50,89200
20240123,13:50:21,268.0,50,89200
20240123,13:50:26,266.25,250,89200
20240123,13:50:29,266.05,150,89200
20240123,13:50:36,264.6,50,89200
20240123,13:50:40,264.45,100,89200
20240123,13:50:47,264.4,250,89200
20240123,13:50:54,264.0,1000,89200
20240123,13:50:57,260.6,300,89200
20240123,13:50:58,260.0,550,89200
20240123,13:51:03,259.0,500,89200
20240123,13:51:05,257.75,550,89200
20240123,13:51:10,255.0,1500,89200
20240123,13:51:11,255.55,400,90150
20240123,13:51:13,254.15,150,90150
20240123,13:51:15,252.0,800,90150
20240123,13:51:17,251.2,800,90150
20240123,13:51:18,251.0,950,90150
20240123,13:51:20,251.5,150,90150
20240123,13:51:21,248.25,1100,90150
20240123,13:51:23,248.2,550,90150
20240123,13:51:25,247.55,1300,90150
20240123,13:51:26,247.0,750,90150
20240123,13:51:28,247.8,400,90150
20240123,13:51:30,249.0,100,90150
20240123,13:51:35,252.45,300,90150
20240123,13:51:37,252.7,150,90150
20240123,13:51:37,254.0,250,90150
20240123,13:51:40,252.75,100,90150
20240123,13:51:42,251.65,50,90150
20240123,13:51:42,253.05,650,90150
20240123,13:51:45,253.15,100,90150
20240123,13:51:47,252.1,150,90150
20240123,13:51:49,251.6,50,90150
20240123,13:51:53,249.75,550,90150
20240123,13:51:55,250.8,50,90150
20240123,13:51:55,251.35,100,90150
20240123,13:52:05,248.25,250,90150
20240123,13:52:06,247.0,150,90150
20240123,13:52:07,247.75,100,90150
20240123,13:52:10,248.8,100,90150
20240123,13:52:10,248.1,100,90150
20240123,13:52:13,246.55,150,90150
20240123,13:52:14,246.8,50,90150
20240123,13:52:17,245.8,100,90150
20240123,13:52:20,246.8,50,90150
20240123,13:52:22,247.95,50,90150
