date,time,tick_price,volume,open_interest
20231229,14:14:34,395.5,450,450
20231229,15:21:11,397.3,450,450
20240101,10:29:51,397.0,1,250
20240101,10:29:51,397.0,50,250
20240101,12:21:29,369.8,600,300
20240101,12:23:05,369.8,300,300
20240101,12:48:40,360.75,50,1150
20240101,14:41:50,313.5,50,1200
20240101,15:01:29,303.8,650,1250
20240101,15:07:50,303.8,50,1900
20240101,15:16:06,353.85,50,1900
20240101,15:20:32,366.65,100,1900
20240101,15:21:07,371.75,200,1900
20240101,15:21:18,371.65,350,1900
20240101,15:21:29,372.55,50,1450
20240101,15:21:52,380.25,150,1450
20240101,15:24:30,390.05,50,1250
20240104,15:27:31,369.5,1,1250
20240104,15:27:31,369.5,50,1250
20240104,15:29:27,365.4,50,1250
20240105,09:15:08,367.55,1,1300
20240105,09:15:08,367.55,100,1300
20240105,09:16:29,344.95,50,1300
20240105,09:20:52,344.95,350,1300
20240105,09:21:53,355.6,150,1300
20240105,09:22:41,356.45,250,1300
20240105,09:25:02,361.15,250,1550
20240105,09:26:34,364.5,50,1650
20240105,09:26:44,364.25,300,1650
20240105,09:26:48,364.05,100,1650
20240105,09:26:53,363.85,300,1650
20240105,09:26:56,364.15,100,1650
20240105,09:27:06,364.0,250,1650
20240105,09:29:00,361.6,400,1650
20240105,09:31:36,349.05,400,1650
20240105,09:36:38,350.7,50,3150
20240105,09:53:21,342.0,250,3200
20240105,09:53:54,341.65,250,3450
20240105,10:08:10,341.65,50,3450
20240105,10:51:45,383.05,50,3750
20240105,10:54:08,391.0,50,3750
20240105,11:05:15,391.0,50,3700
20240105,11:09:03,372.0,50,3700
20240105,11:18:03,387.0,100,3800
20240105,11:19:53,390.0,50,3800
20240105,11:25:28,384.5,250,3650
20240105,11:58:33,383.65,100,3900
20240105,12:02:17,381.3,100,4000
20240105,12:20:47,359.0,50,3900
20240105,12:22:08,358.3,50,3900
20240105,12:23:04,354.7,50,3900
20240105,12:23:08,354.45,50,3900
20240105,12:29:08,361.9,400,3800
20240105,12:46:55,374.45,50,3800
20240105,12:46:56,374.8,250,3800
20240105,13:02:24,370.6,50,4100
20240105,13:18:47,370.6,50,4150
20240105,13:21:00,367.9,50,4200
20240105,13:36:25,378.3,50,4250
20240105,13:39:57,382.9,50,4200
20240105,13:40:22,386.1,50,4200
20240105,13:40:33,389.35,400,4200
20240105,13:58:29,377.45,50,4550
20240105,14:03:43,396.4,50,4600
20240105,14:04:19,398.5,50,4600
20240105,14:18:20,424.3,50,4500
20240105,14:20:12,434.5,50,4500
20240105,14:41:56,434.5,50,4550
20240105,14:50:56,355.8,50,4550
20240105,14:50:58,355.6,50,4500
20240105,15:03:41,337.5,250,4500
20240105,15:03:43,337.45,400,4500
20240105,15:07:39,336.35,250,5150
20240105,15:08:57,334.55,250,5150
20240105,15:19:55,334.55,50,5650
20240105,15:20:01,359.55,100,5650
20240108,09:15:06,358.45,1,5650
20240108,09:15:06,358.5,850,5650
20240108,09:15:09,361.0,750,5700
20240108,09:15:55,361.0,50,5700
20240108,09:19:14,347.0,50,5750
20240108,09:19:20,347.0,50,5750
20240108,09:19:22,348.5,650,5750
20240108,09:20:19,350.0,550,5750
20240108,09:23:38,338.0,50,7000
20240108,09:27:42,338.0,50,7050
20240108,09:30:53,354.45,400,7050
20240108,09:35:53,376.95,50,7450
20240108,09:35:59,376.95,50,7450
20240108,09:44:16,403.0,50,7350
20240108,09:46:15,409.6,50,7400
20240108,09:50:55,411.4,50,7450
20240108,09:58:49,411.4,50,7400
20240108,10:02:23,380.05,50,7450
20240108,10:36:11,348.95,50,7400
20240108,10:55:42,416.2,50,7400
20240108,11:10:03,447.0,50,7400
20240108,11:11:25,452.0,950,7400
20240108,11:11:53,456.25,50,7400
20240108,11:13:06,456.25,50,7400
20240108,11:29:01,432.15,50,7450
20240108,11:35:32,418.4,50,7450
20240108,11:47:09,423.25,50,7500
20240108,12:00:20,493.15,50,7450
20240108,12:05:09,493.15,50,7450
20240108,12:09:21,468.2,500,7450
20240108,12:09:39,472.7,500,7450
20240108,12:09:54,471.05,100,7450
20240108,12:17:22,460.25,50,7350
20240108,13:26:53,440.6,500,7350
20240108,13:53:05,470.35,50,7850
20240108,14:20:07,439.95,100,7900
20240108,14:33:19,493.15,50,7900
20240108,14:33:29,488.65,100,7900
20240108,14:35:06,502.05,50,7900
20240108,14:37:55,502.05,50,7800
20240108,14:38:22,507.0,50,7800
20240108,14:44:18,507.0,50,7750
20240108,15:20:17,527.95,50,7750
20240108,15:20:29,527.95,50,7750
20240108,15:29:32,534.85,50,7700
20240109,09:16:10,400.0,1,7750
20240109,09:16:10,400.0,500,7750
20240109,09:24:22,390.9,50,7250
20240109,09:33:07,390.9,200,7250
20240109,09:34:56,395.9,200,7250
20240109,09:47:33,424.65,350,7200
20240109,09:49:53,424.65,50,7200
20240109,10:17:04,398.55,250,6850
20240109,10:22:49,368.75,200,6600
20240109,10:24:52,368.1,100,6800
20240109,10:45:19,348.45,50,6900
20240109,10:48:05,348.45,250,6950
20240109,10:49:24,355.6,250,6950
20240109,11:39:49,351.7,50,7400
20240109,12:27:56,345.0,50,7450
20240109,12:31:38,345.0,100,7450
20240109,12:55:08,351.95,50,7550
20240109,12:57:30,351.5,50,7550
20240109,13:39:27,363.5,300,7500
20240109,13:58:55,376.5,50,7800
20240109,14:00:02,369.45,300,7800
20240109,14:15:12,400.7,300,7750
20240109,14:17:04,400.7,150,7750
20240109,14:31:34,469.75,250,7750
20240109,14:51:48,475.0,250,7750
20240109,14:52:42,475.0,50,7750
20240109,15:07:21,483.95,50,7050
20240109,15:07:54,487.55,50,7050
20240109,15:23:25,498.75,50,7100
20240109,15:29:40,498.75,300,7050
20240109,15:29:41,479.8,200,7050
20240109,15:29:43,486.55,350,7050
20240109,15:29:44,486.45,450,7050
20240110,09:21:52,507.7,1,7300
20240110,09:21:52,507.7,50,7300
20240110,09:28:20,536.85,50,7350
20240110,09:46:29,536.85,50,7350
20240110,09:48:06,516.2,50,7300
20240110,10:56:05,520.0,50,7250
20240110,13:00:32,543.05,50,7250
20240110,13:02:47,543.05,50,7250
20240110,13:12:53,525.0,50,7250
20240110,13:21:01,546.05,350,7200
20240110,14:49:07,546.05,50,7350
20240110,15:00:33,405.4,50,7400
20240110,15:00:47,399.1,50,7400
20240110,15:01:03,399.1,50,7400
20240110,15:01:05,398.95,50,7400
20240110,15:01:15,398.4,50,7400
20240110,15:01:28,394.7,50,7400
20240110,15:04:42,380.0,50,7400
20240110,15:05:48,380.0,50,7400
20240110,15:14:22,408.65,150,7400
20240110,15:24:00,390.5,300,7400
20240110,15:24:42,388.5,50,7100
20240110,15:27:44,388.35,50,7100
20240110,15:28:35,387.6,150,7100
20240110,15:28:50,386.8,150,7100
20240110,15:28:51,386.95,200,7100
20240110,15:28:53,386.5,50,7100
20240110,15:28:55,386.3,100,7100
20240110,15:28:56,386.25,50,7100
20240110,15:29:08,384.85,100,7100
20240110,15:29:13,384.85,100,7100
20240110,15:29:14,386.6,250,7100
20240110,15:29:16,384.95,500,7100
20240110,15:29:18,386.2,550,7100
20240110,15:29:19,386.45,400,7100
20240110,15:29:21,386.35,500,7100
20240110,15:29:22,386.0,350,7100
20240110,15:29:24,386.0,150,7100
20240110,15:29:26,383.75,350,7100
20240110,15:29:27,385.5,150,7100
20240111,09:15:56,353.35,1,8400
20240111,09:15:56,357.5,1,8400
20240111,09:15:56,353.35,200,8400
20240111,09:15:58,352.45,300,8400
20240111,09:15:59,352.3,300,8400
20240111,09:16:01,352.3,350,8400
20240111,09:16:02,351.1,450,8400
20240111,09:16:04,353.35,150,8400
20240111,09:16:05,353.6,100,8400
20240111,09:16:07,352.15,100,8400
20240111,09:16:10,352.95,300,8400
20240111,09:16:11,353.5,150,8400
20240111,09:16:13,356.7,500,8400
20240111,09:16:14,355.85,350,8400
20240111,09:16:16,354.85,550,8400
20240111,09:16:17,352.7,400,8400
20240111,09:16:19,354.45,400,8400
20240111,09:16:20,353.5,100,8400
20240111,09:16:22,354.35,350,8400
20240111,09:16:23,353.45,200,8400
20240111,09:16:25,352.0,250,8400
20240111,09:16:26,351.9,100,8400
20240111,09:16:28,353.5,150,8400
20240111,09:16:31,354.95,400,8400
20240111,09:16:32,353.0,200,8400
20240111,09:16:34,354.35,150,8400
20240111,09:16:57,353.6,350,8400
20240111,09:17:01,354.55,100,8400
20240111,09:17:03,354.35,100,8400
20240111,09:17:24,357.35,50,8400
20240111,09:17:28,355.95,100,8400
20240111,09:17:30,357.25,50,8950
20240111,09:17:31,357.2,100,8950
20240111,09:17:33,357.5,50,8950
20240111,09:17:34,356.85,200,8950
20240111,09:17:36,357.15,50,8950
20240111,09:17:37,356.05,100,8950
20240111,09:17:39,356.75,100,8950
20240111,09:17:40,354.8,250,8950
20240111,09:17:42,354.5,100,8950
20240111,09:17:43,355.55,300,8950
20240111,09:17:44,354.35,200,8950
20240111,09:17:46,354.95,200,8950
20240111,09:17:47,354.4,200,8950
20240111,09:17:49,355.0,250,8950
20240111,09:17:50,353.8,100,8950
20240111,09:17:59,356.75,100,8950
20240111,09:18:41,357.2,50,8950
20240111,09:18:49,355.3,50,8950
20240111,09:18:50,355.3,50,8950
20240111,09:18:52,353.65,100,8950
20240111,09:18:54,354.6,200,8950
20240111,09:18:55,354.2,200,8950
20240111,09:18:57,355.0,200,8950
20240111,09:18:59,353.55,150,8950
20240111,09:19:00,354.15,150,8950
20240111,09:19:02,353.6,150,8950
20240111,09:19:05,354.25,50,8950
20240111,09:19:09,353.65,100,8950
20240111,09:19:43,352.25,50,8950
20240111,09:19:45,351.95,200,8950
20240111,09:19:47,351.9,50,8950
20240111,09:20:23,350.35,200,8950
20240111,09:20:25,350.0,100,8950
20240111,09:20:50,352.4,50,9550
20240111,09:20:51,352.3,100,9550
20240111,09:20:58,352.2,50,9550
20240111,09:21:35,352.95,500,9550
20240111,09:21:50,352.15,100,9550
20240111,09:25:32,357.9,50,10350
20240111,09:25:39,359.4,50,10350
20240111,09:25:40,359.4,50,10350
20240111,09:26:00,357.85,50,10350
20240111,09:27:10,358.0,50,10400
20240111,09:27:12,361.95,50,10400
20240111,09:27:43,361.95,50,10400
20240111,09:31:19,349.55,100,10450
20240111,09:31:21,356.65,100,10450
20240111,09:31:52,358.4,300,10450
20240111,09:33:20,367.65,150,10850
20240111,09:34:10,372.15,50,10850
20240111,09:35:49,372.15,50,10850
20240111,09:42:02,378.55,100,11100
20240111,09:42:09,383.35,50,11100
20240111,09:42:11,384.0,250,11100
20240111,09:42:12,382.15,50,11100
20240111,09:42:14,382.4,100,11100
20240111,09:42:32,382.15,50,11100
20240111,09:42:46,383.0,50,11100
20240111,09:43:07,381.0,150,11100
20240111,09:43:09,378.95,250,11100
20240111,09:43:44,372.95,50,11100
20240111,09:44:42,373.45,500,11400
20240111,09:44:53,379.65,50,11400
20240111,09:44:55,379.4,100,11400
20240111,09:48:56,380.0,100,11150
20240111,09:49:32,379.2,50,11150
20240111,09:53:42,374.0,50,11100
20240111,09:54:19,384.25,50,11100
20240111,10:01:06,386.4,50,11050
20240111,10:07:15,386.4,50,11050
20240111,10:07:53,390.45,50,11000
20240111,10:09:07,390.45,50,11000
20240111,10:10:38,394.0,50,11000
20240111,10:11:05,395.0,50,11000
20240111,10:14:19,395.0,50,11150
20240111,10:14:32,385.9,100,11150
20240111,10:14:33,385.7,50,11150
20240111,10:14:47,383.25,100,11100
20240111,10:14:48,383.1,50,11100
20240111,10:16:01,376.2,50,11100
20240111,10:16:09,376.85,50,11100
20240111,10:16:41,383.0,50,11100
20240111,10:19:47,395.0,50,11150
20240111,10:20:27,398.2,500,11150
20240111,10:30:11,398.2,50,11600
20240111,10:30:38,401.9,100,11600
20240111,10:31:28,408.0,50,11600
20240111,10:31:30,408.0,450,11600
20240111,10:33:12,408.0,500,11250
20240111,10:34:36,391.2,100,11250
20240111,10:36:25,390.95,500,11650
20240111,10:36:53,391.85,50,11650
20240111,10:41:44,393.5,100,11200
20240111,10:47:27,398.75,50,11200
20240111,10:47:34,401.05,50,11150
20240111,10:48:23,402.8,200,11150
20240111,10:49:09,403.85,500,11150
20240111,10:50:47,403.75,50,11850
20240111,10:51:09,400.15,100,11850
20240111,10:52:28,401.75,50,11850
20240111,10:53:10,403.05,850,11850
20240111,10:55:34,413.4,150,11850
20240111,10:56:33,408.0,50,11750
20240111,11:02:21,404.85,50,11700
20240111,11:04:20,408.3,500,11700
20240111,11:06:53,408.8,500,12200
20240111,11:07:13,408.7,500,12200
20240111,11:07:44,407.8,50,12200
20240111,11:09:10,408.3,50,13200
20240111,11:16:46,401.5,50,13250
20240111,11:19:58,402.7,350,13200
20240111,11:21:39,406.3,50,13200
20240111,11:22:54,404.85,100,13200
20240111,11:25:25,409.1,50,13150
20240111,11:28:52,409.1,50,13200
20240111,11:35:41,408.15,50,13200
20240111,11:37:06,410.45,100,13150
20240111,11:43:57,399.0,50,13200
20240111,11:51:53,402.35,50,13200
20240111,12:04:13,404.1,300,13200
20240111,12:14:36,404.1,50,13200
20240111,12:24:14,398.15,50,13250
20240111,12:25:00,397.65,50,13250
20240111,12:25:03,398.0,100,13250
20240111,12:25:37,398.6,400,13250
20240111,12:28:05,393.85,100,13500
20240111,12:31:21,393.75,50,13400
20240111,12:31:41,388.1,200,13400
20240111,12:39:56,385.0,500,13200
20240111,12:40:34,386.85,50,13200
20240111,12:45:34,391.15,300,13250
20240111,12:53:10,388.2,400,13100
20240111,12:53:40,386.2,50,13100
20240111,12:55:51,381.3,500,13100
20240111,12:57:13,378.4,150,13100
20240111,13:00:55,381.15,150,13100
20240111,13:12:13,379.9,50,13000
20240111,13:13:16,380.45,50,13000
20240111,13:29:33,394.2,500,12950
20240111,13:29:47,392.9,100,12950
20240111,13:30:41,395.35,50,13150
20240111,13:32:17,401.4,50,13150
20240111,13:36:42,404.0,100,13200
20240111,13:36:51,404.0,250,13200
20240111,13:40:18,395.75,150,13100
20240111,13:52:37,397.4,50,13100
20240111,13:53:24,398.25,50,13100
20240111,14:03:01,392.25,750,13050
20240111,14:10:10,421.25,500,13350
20240111,14:11:08,431.0,450,13350
20240111,14:11:09,431.0,50,13350
20240111,14:11:11,432.65,250,13350
20240111,14:11:48,423.95,50,13350
20240111,14:12:20,431.55,100,13200
20240111,14:13:28,430.25,50,13200
20240111,14:14:22,450.0,300,13200
20240111,14:15:09,451.15,50,13200
20240111,14:15:47,451.15,150,13200
20240111,14:16:42,437.45,100,12950
20240111,14:17:44,446.25,100,12950
20240111,14:17:55,451.15,100,12950
20240111,14:20:05,440.85,150,12950
20240111,14:21:58,436.6,50,13100
20240111,14:22:23,441.75,150,13100
20240111,14:22:38,442.05,50,13100
20240111,14:23:49,431.25,50,13100
20240111,14:23:51,430.45,50,13100
20240111,14:25:27,430.8,100,13000
20240111,14:28:05,411.85,1000,13000
20240111,14:28:54,404.1,50,13000
20240111,14:29:10,403.55,100,13000
20240111,14:29:59,406.5,100,13000
20240111,14:34:02,405.1,150,14050
20240111,14:35:29,408.0,50,14050
20240111,14:35:33,406.55,50,14050
20240111,14:35:34,407.6,100,14050
20240111,14:36:42,420.95,50,14050
20240111,14:36:51,422.55,100,14050
20240111,14:36:54,421.4,200,14050
20240111,14:37:37,418.95,50,14050
20240111,14:37:39,419.1,50,14050
20240111,14:37:41,419.65,50,14050
20240111,14:38:17,414.35,300,14050
20240111,14:39:51,413.95,50,13850
20240111,14:39:56,411.05,350,13850
20240111,14:45:40,414.55,50,14250
20240111,14:45:43,414.15,50,14250
20240111,14:48:52,409.9,50,14350
20240111,14:49:07,406.15,100,14350
20240111,14:51:32,399.45,150,14400
20240111,14:52:26,405.55,50,14400
20240111,14:52:32,406.3,50,14400
20240111,14:54:12,403.85,300,14400
20240111,15:00:25,410.0,250,14550
20240111,15:00:27,415.0,50,14550
20240111,15:07:17,419.1,50,14300
20240111,15:07:44,418.8,300,14300
20240111,15:09:00,422.9,1050,14300
20240111,15:09:15,427.5,1000,14300
20240111,15:09:33,427.6,50,14300
20240111,15:09:51,421.3,50,14300
20240111,15:10:10,415.65,50,14300
20240111,15:12:03,415.45,100,14300
20240111,15:12:10,416.25,50,14300
20240111,15:13:56,410.0,400,14350
20240111,15:13:58,411.7,100,14350
20240111,15:14:09,415.85,100,14350
20240111,15:15:11,414.0,50,14350
20240111,15:16:54,413.25,50,14650
20240111,15:19:42,410.75,50,14650
20240111,15:23:20,408.2,50,14650
20240111,15:25:08,409.1,150,14650
20240111,15:26:01,410.85,300,14650
20240111,15:26:03,410.85,100,14650
20240111,15:26:39,410.7,500,14650
20240111,15:27:31,412.1,100,15350
20240111,15:27:33,412.1,100,15350
20240111,15:28:03,413.0,50,15350
20240111,15:28:09,411.7,50,15350
20240111,15:28:11,409.55,150,15350
20240111,15:28:13,411.35,100,15350
20240111,15:28:14,408.95,250,15350
20240111,15:28:16,408.85,250,15350
20240111,15:28:18,408.8,100,15350
20240111,15:28:19,409.25,200,15350
20240111,15:29:49,406.15,50,15350
20240111,15:29:57,408.45,50,15350
20240112,09:15:01,376.45,1,15150
20240112,09:15:01,376.45,50,15150
20240112,09:15:02,349.45,200,15150
20240112,09:15:06,358.9,100,15150
20240112,09:15:09,360.45,100,15150
20240112,09:15:11,360.05,200,15150
20240112,09:15:13,357.4,550,15150
20240112,09:15:15,362.15,50,15150
20240112,09:15:17,363.25,200,15150
20240112,09:15:18,363.45,250,15150
20240112,09:15:19,365.75,150,15150
20240112,09:15:20,366.35,150,15150
20240112,09:15:22,370.0,450,15150
20240112,09:15:23,371.75,250,15150
20240112,09:15:24,366.0,550,15150
20240112,09:15:25,364.9,50,15150
20240112,09:15:26,362.6,100,15150
20240112,09:15:27,362.65,50,15150
20240112,09:15:28,362.85,100,15150
20240112,09:15:29,362.95,150,15150
20240112,09:15:30,361.4,100,15150
20240112,09:15:32,360.1,100,15150
20240112,09:15:37,353.95,250,15150
20240112,09:15:58,351.75,200,15150
20240112,09:16:02,340.5,350,15150
20240112,09:16:04,337.25,350,15150
20240112,09:16:05,334.65,100,15150
20240112,09:16:06,337.35,150,15150
20240112,09:16:07,338.7,100,15150
20240112,09:16:16,339.5,50,15150
20240112,09:16:21,343.35,400,15150
20240112,09:16:31,342.55,50,15150
20240112,09:16:37,340.65,100,15150
20240112,09:16:40,342.85,100,15150
20240112,09:16:41,342.4,50,15150
20240112,09:16:50,342.1,50,15150
20240112,09:17:02,338.55,50,15150
20240112,09:17:04,338.0,50,15150
20240112,09:17:06,337.25,150,15150
20240112,09:17:26,341.15,250,16950
20240112,09:17:27,340.1,100,16950
20240112,09:17:31,341.35,50,16950
20240112,09:17:41,336.3,50,16950
20240112,09:17:53,337.2,450,16950
20240112,09:17:56,337.75,100,16950
20240112,09:17:59,336.15,500,16950
20240112,09:18:04,333.35,100,16950
20240112,09:18:20,333.35,100,16950
20240112,09:18:34,335.55,50,16950
20240112,09:19:14,333.25,50,16950
20240112,09:19:29,333.25,350,16950
20240112,09:19:30,332.75,200,16950
20240112,09:19:56,332.75,50,16950
20240112,09:20:02,334.0,150,16950
20240112,09:20:03,332.0,400,16950
20240112,09:20:04,330.0,50,16950
20240112,09:20:05,330.0,100,16950
20240112,09:20:07,327.75,50,16950
20240112,09:20:10,327.55,100,16950
20240112,09:20:28,327.0,50,16950
20240112,09:20:36,327.0,50,17800
20240112,09:20:46,326.0,50,17800
20240112,09:21:02,323.9,50,17800
20240112,09:21:10,323.9,100,17800
20240112,09:21:13,325.5,50,17800
20240112,09:22:32,329.15,150,17800
20240112,09:22:34,329.4,150,17800
20240112,09:22:36,329.1,50,17800
20240112,09:22:39,328.65,300,17800
20240112,09:22:40,328.95,100,17800
20240112,09:22:43,328.35,150,17800
20240112,09:22:44,327.9,150,17800
20240112,09:22:47,326.9,150,17800
20240112,09:22:54,328.1,50,17800
20240112,09:22:57,327.75,150,17800
20240112,09:22:59,326.8,350,17800
20240112,09:23:00,326.35,550,17800
20240112,09:23:01,326.2,50,17800
20240112,09:23:10,329.1,50,17800
20240112,09:23:11,328.2,50,17800
20240112,09:23:16,327.3,350,17800
20240112,09:23:19,327.25,50,17800
20240112,09:23:28,325.0,100,17500
20240112,09:24:43,325.95,50,17500
20240112,09:24:47,326.75,50,17500
20240112,09:25:26,326.0,250,17500
20240112,09:25:31,325.55,100,17500
20240112,09:26:29,324.0,50,17500
20240112,09:26:34,322.75,50,17500
20240112,09:26:36,322.65,50,17500
20240112,09:26:43,322.2,1800,17500
20240112,09:27:02,321.0,50,17500
20240112,09:27:05,320.2,1800,17500
20240112,09:27:06,319.8,50,17500
20240112,09:27:11,319.15,50,17500
20240112,09:27:35,319.15,50,17500
20240112,09:28:50,319.8,50,17500
20240112,09:29:02,320.05,50,17500
20240112,09:29:07,319.15,200,17500
20240112,09:29:15,317.95,150,17500
20240112,09:29:17,318.3,50,17500
20240112,09:29:24,318.75,50,18750
20240112,09:29:33,318.5,50,18750
20240112,09:29:33,318.75,50,18750
20240112,09:29:40,316.45,100,18750
20240112,09:29:52,315.9,1800,18750
20240112,09:29:53,316.0,50,18750
20240112,09:29:55,315.75,50,18750
20240112,09:29:58,315.75,50,18750
20240112,09:30:02,314.55,50,18750
20240112,09:30:04,313.65,50,18750
20240112,09:30:09,313.65,50,18750
20240112,09:30:10,316.2,50,18750
20240112,09:30:30,313.65,100,18750
20240112,09:30:40,314.55,100,18750
20240112,09:30:46,314.75,100,18750
20240112,09:31:12,312.0,100,18750
20240112,09:31:24,311.6,50,18750
20240112,09:31:26,310.0,50,18750
20240112,09:31:38,310.0,50,18750
20240112,09:31:41,313.9,150,18750
20240112,09:31:45,313.1,50,18750
20240112,09:31:48,313.35,350,18750
20240112,09:32:15,314.7,50,18750
20240112,09:32:21,315.55,50,21050
20240112,09:32:26,316.25,100,21050
20240112,09:33:42,320.0,50,21050
20240112,09:33:46,320.6,50,21050
20240112,09:34:02,324.45,50,21050
20240112,09:34:07,322.85,50,21050
20240112,09:34:24,323.25,50,21050
20240112,09:34:27,322.55,50,21050
20240112,09:34:28,323.2,350,21050
20240112,09:34:37,322.05,600,21050
20240112,09:34:42,322.4,50,21050
20240112,09:35:21,320.9,250,21100
20240112,09:35:32,319.2,50,21100
20240112,09:36:33,326.0,50,21100
20240112,09:36:50,326.55,100,21100
20240112,09:36:52,327.0,50,21100
20240112,09:36:59,327.0,100,21100
20240112,09:37:08,327.45,50,21100
20240112,09:37:09,328.0,100,21100
20240112,09:37:10,328.0,50,21100
20240112,09:37:14,328.0,50,21100
20240112,09:37:16,328.0,200,21100
20240112,09:37:17,328.0,1550,21100
20240112,09:38:02,329.8,1800,21100
20240112,09:38:24,332.05,150,18750
20240112,09:38:41,328.45,50,18750
20240112,09:38:46,327.9,50,18750
20240112,09:39:00,325.0,1800,18750
20240112,09:39:23,328.05,50,18750
20240112,09:39:40,327.85,200,18750
20240112,09:40:04,326.85,150,18750
20240112,09:40:59,322.85,50,18750
20240112,09:41:10,323.1,450,18750
20240112,09:41:39,320.95,450,18750
20240112,09:42:31,319.35,50,18750
20240112,09:43:03,320.95,50,18750
20240112,09:43:15,317.0,450,18750
20240112,09:43:52,316.5,100,18750
20240112,09:43:58,314.5,100,18750
20240112,09:44:05,315.05,50,18750
20240112,09:44:12,315.05,50,18750
20240112,09:44:43,314.85,50,18800
20240112,09:44:49,312.55,150,18800
20240112,09:44:53,316.0,100,18800
20240112,09:44:58,315.9,50,18800
20240112,09:45:16,315.7,50,18800
20240112,09:46:14,311.7,450,18800
20240112,09:46:44,317.1,500,18800
20240112,09:47:10,319.9,50,18800
20240112,09:47:13,318.6,50,18800
20240112,09:48:03,315.0,50,18450
20240112,09:50:23,312.0,50,18450
20240112,09:50:24,311.7,150,18500
20240112,09:52:29,312.75,50,18500
20240112,09:52:34,311.7,50,18500
20240112,09:53:16,315.45,1800,18500
20240112,09:53:41,316.05,50,18500
20240112,09:53:53,317.1,50,20000
20240112,09:54:40,311.55,100,20000
20240112,09:54:47,306.8,300,20000
20240112,09:54:52,306.9,50,20000
20240112,09:54:54,306.55,50,20000
20240112,09:54:59,306.55,50,20000
20240112,09:55:12,308.45,50,20000
20240112,09:55:33,308.45,50,20000
20240112,09:55:35,308.5,50,20000
20240112,09:56:09,310.65,50,20000
20240112,09:56:10,309.5,100,20000
20240112,09:56:49,311.3,150,20000
20240112,09:56:56,310.25,50,20250
20240112,09:57:19,307.0,50,20250
20240112,09:57:29,303.95,350,20250
20240112,09:57:42,303.95,50,20250
20240112,09:57:50,307.15,100,20250
20240112,09:57:53,305.95,50,20250
20240112,09:58:00,308.1,250,20250
20240112,09:58:12,306.7,50,20250
20240112,09:58:22,307.9,50,20250
20240112,09:58:54,305.0,50,20250
20240112,09:59:25,304.6,50,20250
20240112,09:59:31,306.45,100,20550
20240112,09:59:56,304.7,1800,20550
20240112,10:00:05,303.25,200,20550
20240112,10:00:07,303.25,50,20550
20240112,10:00:16,302.85,50,20550
20240112,10:00:19,301.85,50,20550
20240112,10:01:25,301.85,500,20550
20240112,10:01:34,303.8,100,20550
20240112,10:01:37,303.85,50,20550
20240112,10:01:48,301.65,550,20550
20240112,10:01:59,300.0,100,20550
20240112,10:02:02,298.8,250,20550
20240112,10:02:02,298.7,50,20550
20240112,10:02:33,298.7,50,20550
20240112,10:02:50,300.35,100,21750
20240112,10:02:59,300.85,50,21750
20240112,10:03:03,298.7,150,21750
20240112,10:03:16,297.4,50,21750
20240112,10:03:19,297.4,100,21750
20240112,10:03:20,295.85,200,21750
20240112,10:03:25,295.15,1150,21750
20240112,10:03:26,294.5,50,21750
20240112,10:03:42,294.5,50,21750
20240112,10:03:52,293.5,200,21750
20240112,10:03:54,293.0,100,21750
20240112,10:03:58,292.05,50,21750
20240112,10:04:02,291.0,50,21750
20240112,10:04:06,287.95,50,21750
20240112,10:04:12,287.95,100,21750
20240112,10:04:49,283.6,50,21750
20240112,10:04:53,281.25,250,21750
20240112,10:04:57,281.25,50,21750
20240112,10:05:01,281.2,50,21750
20240112,10:05:04,280.0,50,21750
20240112,10:05:08,279.1,550,21750
20240112,10:05:16,279.1,50,21750
20240112,10:05:19,278.55,50,21750
20240112,10:05:20,278.55,50,21750
20240112,10:05:26,279.3,50,21750
20240112,10:05:31,284.65,50,22100
20240112,10:05:32,285.4,50,22100
20240112,10:05:35,286.6,150,22100
20240112,10:05:37,286.25,50,22100
20240112,10:05:41,285.75,200,22100
20240112,10:05:43,284.8,200,22100
20240112,10:05:44,285.7,100,22100
20240112,10:05:45,284.85,50,22100
20240112,10:05:46,284.8,250,22100
20240112,10:05:47,283.7,250,22100
20240112,10:06:01,280.0,50,22100
20240112,10:06:05,278.0,50,22100
20240112,10:06:07,276.1,50,22100
20240112,10:06:08,275.8,50,22100
20240112,10:06:10,275.0,300,22100
20240112,10:06:16,274.2,100,22100
20240112,10:06:17,272.95,300,22100
20240112,10:06:19,272.95,150,22100
20240112,10:06:23,271.8,250,22100
20240112,10:06:24,271.7,800,22100
20240112,10:06:25,272.9,200,22100
20240112,10:06:26,271.1,50,22100
20240112,10:06:27,270.85,50,22100
20240112,10:06:28,270.85,50,22100
20240112,10:06:29,272.35,100,22100
20240112,10:06:30,272.35,100,22100
20240112,10:06:31,272.15,50,22100
20240112,10:06:33,271.3,100,22100
20240112,10:06:34,271.75,100,22100
20240112,10:06:35,272.15,100,22100
20240112,10:06:39,273.6,600,22100
20240112,10:06:41,274.85,50,22100
20240112,10:06:43,276.05,350,22100
20240112,10:06:44,275.45,50,22100
20240112,10:06:52,274.35,50,22100
20240112,10:06:56,274.15,150,22100
20240112,10:06:57,274.2,100,22100
20240112,10:06:59,274.4,150,22100
20240112,10:07:00,274.85,100,22100
20240112,10:07:01,274.1,350,22100
20240112,10:07:09,272.25,50,22100
20240112,10:07:10,271.8,50,22100
20240112,10:07:12,271.75,50,22100
20240112,10:07:12,272.05,50,22100
20240112,10:07:14,271.75,100,22100
20240112,10:07:16,272.95,350,22100
20240112,10:07:17,273.25,50,22100
20240112,10:07:18,273.75,200,22100
20240112,10:07:22,271.0,50,22100
20240112,10:07:23,271.25,50,22100
20240112,10:07:31,270.35,150,22100
20240112,10:07:35,270.35,50,22100
20240112,10:07:38,272.25,50,22100
20240112,10:07:41,273.0,100,22100
20240112,10:07:42,271.4,300,22100
20240112,10:07:52,272.7,200,22100
20240112,10:07:53,271.85,50,22100
20240112,10:07:54,270.6,200,22100
20240112,10:07:55,271.25,250,22100
20240112,10:07:57,271.6,200,22100
20240112,10:07:58,271.55,250,22100
20240112,10:07:59,272.0,250,22100
20240112,10:08:00,272.45,200,22100
20240112,10:08:03,271.8,500,22100
20240112,10:08:05,269.05,1500,22100
20240112,10:08:06,269.05,250,22100
20240112,10:08:09,269.95,100,22100
20240112,10:08:10,268.95,250,22100
20240112,10:08:11,269.45,150,22100
20240112,10:08:12,269.9,850,22100
20240112,10:08:13,270.2,50,22100
20240112,10:08:14,270.0,100,22100
20240112,10:08:15,269.9,50,22100
20240112,10:08:16,270.15,50,22100
20240112,10:08:17,270.5,50,22100
20240112,10:08:18,271.65,50,22100
20240112,10:08:25,270.7,50,22100
20240112,10:08:29,270.65,400,29350
20240112,10:08:30,271.55,1000,29350
20240112,10:08:31,271.2,250,29350
20240112,10:08:32,271.45,450,29350
20240112,10:08:34,271.0,50,29350
20240112,10:08:35,271.8,100,29350
20240112,10:08:36,272.0,400,29350
20240112,10:08:37,272.5,250,29350
20240112,10:08:38,272.45,150,29350
20240112,10:08:39,271.85,200,29350
20240112,10:08:40,272.05,50,29350
20240112,10:08:42,272.7,100,29350
20240112,10:08:43,273.15,50,29350
20240112,10:08:44,271.8,150,29350
20240112,10:08:46,271.9,50,29350
20240112,10:08:47,271.35,50,29350
20240112,10:08:49,272.35,50,29350
20240112,10:08:51,272.55,50,29350
20240112,10:08:52,271.8,150,29350
20240112,10:08:53,271.7,50,29350
20240112,10:08:56,270.0,50,29350
20240112,10:08:59,271.75,50,29350
20240112,10:09:01,271.1,50,29350
20240112,10:09:04,271.0,100,29350
20240112,10:09:05,270.55,150,29350
20240112,10:09:07,268.7,250,29350
20240112,10:09:11,268.1,100,29350
20240112,10:09:15,267.75,400,29350
20240112,10:09:16,269.15,100,29350
20240112,10:09:17,269.3,400,29350
20240112,10:09:18,267.75,100,29350
20240112,10:09:21,267.5,50,29350
20240112,10:09:23,267.4,150,29350
20240112,10:09:24,267.25,50,29350
20240112,10:09:25,267.25,350,29350
20240112,10:09:26,266.85,50,29350
20240112,10:09:27,266.05,100,29350
20240112,10:09:28,264.2,600,29350
20240112,10:09:29,265.65,50,29350
20240112,10:09:31,264.4,200,29350
20240112,10:09:33,264.45,50,29350
20240112,10:09:34,264.2,50,29350
20240112,10:09:38,263.0,1150,29350
20240112,10:09:39,263.8,600,29350
20240112,10:09:40,263.45,100,29350
20240112,10:09:41,263.85,150,29350
20240112,10:09:43,263.25,200,29350
20240112,10:09:45,263.25,100,29350
20240112,10:09:47,264.4,50,29350
20240112,10:09:48,265.2,50,29350
20240112,10:09:51,264.35,100,29350
20240112,10:09:52,264.5,200,29350
20240112,10:09:53,264.7,100,29350
20240112,10:09:54,264.85,50,29350
20240112,10:09:55,264.6,350,29350
20240112,10:09:56,264.25,50,29350
20240112,10:09:59,264.9,300,29350
20240112,10:10:00,264.1,1850,29350
20240112,10:10:01,264.2,650,29350
20240112,10:10:02,264.15,300,29350
20240112,10:10:03,264.4,550,29350
20240112,10:10:06,264.0,100,29350
20240112,10:10:08,265.95,50,29350
20240112,10:10:10,266.35,50,29350
20240112,10:10:12,269.35,1350,29350
20240112,10:10:13,270.8,1000,29350
20240112,10:10:14,271.1,50,29350
20240112,10:10:15,271.05,50,29350
20240112,10:10:16,269.95,100,29350
20240112,10:10:18,268.5,550,29350
20240112,10:10:19,267.9,100,29350
20240112,10:10:20,267.85,1100,29350
20240112,10:10:21,266.35,200,29350
20240112,10:10:22,265.5,50,29350
20240112,10:10:23,263.8,50,29350
20240112,10:10:24,264.9,200,29350
20240112,10:10:25,265.25,150,29350
20240112,10:10:26,264.2,100,29350
20240112,10:10:27,263.35,100,29350
20240112,10:10:28,263.2,200,29350
20240112,10:10:30,264.7,50,29350
20240112,10:10:31,265.25,200,29350
20240112,10:10:33,265.5,50,29350
20240112,10:10:35,265.95,200,29350
20240112,10:10:36,265.75,200,29350
20240112,10:10:37,266.75,900,29350
20240112,10:10:38,266.35,300,29350
20240112,10:10:39,268.35,700,29350
20240112,10:10:40,268.15,250,29350
20240112,10:10:41,267.85,50,29350
20240112,10:10:44,266.7,200,29350
20240112,10:10:48,266.7,100,29350
20240112,10:10:49,268.25,150,29350
20240112,10:10:51,267.5,250,29350
20240112,10:10:52,267.85,100,29350
20240112,10:10:53,268.25,150,29350
20240112,10:10:54,268.7,100,29350
20240112,10:10:55,268.35,250,29350
20240112,10:10:57,269.7,150,29350
20240112,10:11:00,268.75,50,29350
20240112,10:11:03,268.75,50,29350
20240112,10:11:04,268.2,200,29350
20240112,10:11:05,267.9,150,29350
20240112,10:11:07,267.75,100,29350
20240112,10:11:08,267.75,50,29350
20240112,10:11:09,270.0,350,29350
20240112,10:11:10,269.45,200,29350
20240112,10:11:11,269.5,100,29350
20240112,10:11:12,270.05,250,29350
20240112,10:11:13,268.85,350,29350
20240112,10:11:15,267.85,50,29350
20240112,10:11:20,268.3,50,29350
20240112,10:11:21,267.0,100,29350
20240112,10:11:22,267.1,300,29350
20240112,10:11:24,267.45,50,29350
20240112,10:11:25,267.1,200,29350
20240112,10:11:31,268.05,50,39100
20240112,10:11:32,268.5,100,39100
20240112,10:11:36,267.85,600,39100
20240112,10:11:40,268.45,250,39100
20240112,10:11:41,268.5,100,39100
20240112,10:11:45,268.35,50,39100
20240112,10:11:52,269.3,100,39100
20240112,10:11:53,269.9,100,39100
20240112,10:11:56,269.35,50,39100
20240112,10:11:58,268.5,50,39100
20240112,10:12:01,267.3,950,39100
20240112,10:12:02,268.05,250,39100
20240112,10:12:03,268.15,50,39100
20240112,10:12:05,266.0,350,39100
20240112,10:12:10,267.15,50,39100
20240112,10:12:11,266.45,50,39100
20240112,10:12:15,268.05,50,39100
20240112,10:12:17,268.35,100,39100
20240112,10:12:22,268.4,350,39100
20240112,10:12:24,269.65,300,39100
20240112,10:12:26,269.9,50,39100
20240112,10:12:27,269.8,200,39100
20240112,10:12:29,269.75,200,39100
20240112,10:12:31,270.8,550,39100
20240112,10:12:32,269.85,400,39100
20240112,10:12:34,270.8,50,39100
20240112,10:12:35,271.75,500,39100
20240112,10:12:36,272.25,100,39100
20240112,10:12:37,271.3,200,39100
20240112,10:12:39,271.25,50,39100
20240112,10:12:40,271.9,400,39100
20240112,10:12:41,271.95,150,39100
20240112,10:12:42,271.45,250,39100
20240112,10:12:43,271.15,150,39100
20240112,10:12:44,271.2,50,39100
20240112,10:12:52,271.5,400,39100
20240112,10:12:53,272.25,50,39100
20240112,10:12:54,272.1,50,39100
20240112,10:13:01,272.6,250,39100
20240112,10:13:03,271.8,50,39100
20240112,10:13:05,271.05,100,39100
20240112,10:13:14,269.95,250,39100
20240112,10:13:15,270.35,50,39100
20240112,10:13:33,268.4,50,39100
20240112,10:13:40,268.0,50,39100
20240112,10:13:41,267.75,50,39100
20240112,10:13:42,266.7,100,39100
20240112,10:13:43,266.55,250,39100
20240112,10:13:48,267.05,50,39100
20240112,10:13:49,267.05,50,39100
20240112,10:14:07,268.4,150,39100
20240112,10:14:10,269.75,300,39100
20240112,10:14:12,269.75,200,39100
20240112,10:14:43,271.85,100,40800
20240112,10:14:49,272.4,50,40800
20240112,10:14:52,272.55,50,40800
20240112,10:14:54,269.45,50,40800
20240112,10:14:55,269.05,50,40800
20240112,10:14:57,269.4,400,40800
20240112,10:14:59,270.3,200,40800
20240112,10:15:02,273.6,350,40800
20240112,10:15:16,272.0,50,40800
20240112,10:15:21,271.7,100,40800
20240112,10:15:25,268.65,50,40800
20240112,10:15:27,269.0,50,40800
20240112,10:15:29,268.95,50,40800
20240112,10:15:40,266.8,150,40800
20240112,10:15:43,267.7,50,40800
20240112,10:15:47,268.4,50,40800
20240112,10:15:50,268.15,50,40800
20240112,10:15:57,268.35,400,40800
20240112,10:15:59,268.35,50,40800
20240112,10:16:01,267.05,1050,40800
20240112,10:16:03,267.25,100,40800
20240112,10:16:12,267.2,350,40800
20240112,10:16:12,267.75,550,40800
20240112,10:16:14,267.7,600,40800
20240112,10:16:30,268.4,100,40800
20240112,10:16:32,268.3,50,40800
20240112,10:16:43,267.8,100,40800
20240112,10:16:49,269.4,50,40800
20240112,10:16:53,270.45,150,40800
20240112,10:16:56,272.05,50,40800
20240112,10:16:58,271.0,50,40800
20240112,10:16:59,272.8,300,40800
20240112,10:17:00,272.25,500,40800
20240112,10:17:01,271.9,200,40800
20240112,10:17:02,271.35,50,40800
20240112,10:17:04,271.4,250,40800
20240112,10:17:05,271.4,50,40800
20240112,10:17:06,270.95,100,40800
20240112,10:17:16,270.3,50,40800
20240112,10:17:18,269.35,200,40800
20240112,10:17:19,268.6,50,40800
20240112,10:17:30,268.7,250,44900
20240112,10:17:33,268.7,50,44900
20240112,10:17:35,268.7,50,44900
20240112,10:17:36,269.9,50,44900
20240112,10:17:53,269.5,500,44900
20240112,10:17:55,269.6,250,44900
20240112,10:18:03,270.15,250,44900
20240112,10:18:05,269.95,100,44900
20240112,10:18:07,270.3,50,44900
20240112,10:18:08,269.65,350,44900
20240112,10:18:09,269.5,100,44900
20240112,10:18:17,270.25,50,44900
20240112,10:18:27,269.0,50,44900
20240112,10:18:32,269.5,50,44900
20240112,10:18:35,271.3,350,44900
20240112,10:18:36,271.75,600,44900
20240112,10:18:37,272.0,50,44900
20240112,10:18:38,271.95,200,44900
20240112,10:18:48,271.95,250,44900
20240112,10:18:53,273.35,100,44900
20240112,10:18:54,273.35,550,44900
20240112,10:18:55,273.05,50,44900
20240112,10:18:56,272.45,100,44900
20240112,10:18:59,272.7,200,44900
20240112,10:19:00,273.1,50,44900
20240112,10:19:04,273.6,150,44900
20240112,10:19:05,272.95,200,44900
20240112,10:19:06,272.7,100,44900
20240112,10:19:08,272.4,200,44900
20240112,10:19:09,272.6,500,44900
20240112,10:19:10,272.5,150,44900
20240112,10:19:11,272.35,50,44900
20240112,10:19:12,272.35,250,44900
20240112,10:19:21,270.55,50,44900
20240112,10:19:24,270.05,50,44900
20240112,10:19:32,271.0,150,44900
20240112,10:19:33,271.1,300,44900
20240112,10:19:41,271.25,100,44900
20240112,10:19:45,272.25,250,44900
20240112,10:19:50,273.5,250,44900
20240112,10:19:58,272.75,50,44900
20240112,10:20:03,275.2,250,44900
20240112,10:20:11,272.95,50,44900
20240112,10:20:14,271.95,250,44900
20240112,10:20:16,272.3,250,44900
20240112,10:20:18,272.4,400,44900
20240112,10:20:19,272.45,50,44900
20240112,10:20:20,272.55,250,44900
20240112,10:20:23,270.95,50,44900
20240112,10:20:24,269.55,250,44900
20240112,10:20:26,269.5,250,44900
20240112,10:20:27,270.1,50,44900
20240112,10:20:28,270.1,200,44900
20240112,10:20:31,270.1,50,50550
20240112,10:20:32,269.7,50,50550
20240112,10:20:35,270.4,300,50550
20240112,10:20:36,269.4,250,50550
20240112,10:20:41,269.75,50,50550
20240112,10:20:47,266.85,100,50550
20240112,10:20:53,266.55,250,50550
20240112,10:20:55,267.0,50,50550
20240112,10:21:00,268.1,100,50550
20240112,10:21:03,267.5,50,50550
20240112,10:21:04,267.1,50,50550
20240112,10:21:15,262.6,2250,50550
20240112,10:21:17,263.65,50,50550
20240112,10:21:19,264.0,100,50550
20240112,10:21:20,263.6,250,50550
20240112,10:21:22,264.0,50,50550
20240112,10:21:24,265.65,150,50550
20240112,10:21:26,265.65,50,50550
20240112,10:21:37,268.5,50,50550
20240112,10:21:39,267.85,250,50550
20240112,10:21:40,267.65,350,50550
20240112,10:21:44,268.0,50,50550
20240112,10:21:50,268.95,250,50550
20240112,10:21:53,269.75,150,50550
20240112,10:22:00,271.45,750,50550
20240112,10:22:01,271.0,200,50550
20240112,10:22:02,271.4,100,50550
20240112,10:22:05,270.9,200,50550
20240112,10:22:09,269.85,50,50550
20240112,10:22:11,269.95,50,50550
20240112,10:22:14,270.5,500,50550
20240112,10:22:17,270.7,50,50550
20240112,10:22:21,271.05,50,50550
20240112,10:22:28,271.05,50,50550
20240112,10:22:29,272.1,50,50550
20240112,10:22:32,270.0,100,50550
20240112,10:22:33,269.75,50,50550
20240112,10:22:40,269.5,250,50550
20240112,10:22:41,269.65,50,50550
20240112,10:22:42,269.05,50,50550
20240112,10:22:50,270.95,300,50550
20240112,10:22:54,268.1,250,50550
20240112,10:23:02,270.1,50,50550
20240112,10:23:21,271.55,250,50550
20240112,10:23:22,271.4,100,50550
20240112,10:23:27,269.2,50,50550
20240112,10:23:28,269.9,400,50550
20240112,10:23:38,271.0,250,51750
20240112,10:23:50,270.65,250,51750
20240112,10:23:53,269.9,50,51750
20240112,10:23:54,270.25,1000,51750
20240112,10:24:00,267.9,100,51750
20240112,10:24:01,267.65,150,51750
20240112,10:24:03,268.95,250,51750
20240112,10:24:05,268.95,50,51750
20240112,10:24:10,268.85,550,51750
20240112,10:24:12,268.25,50,51750
20240112,10:24:19,267.75,150,51750
20240112,10:24:25,267.85,50,51750
20240112,10:24:26,267.85,250,51750
20240112,10:24:32,269.4,50,51750
20240112,10:24:36,268.45,50,51750
20240112,10:24:50,267.1,50,51750
20240112,10:24:55,267.55,50,51750
20240112,10:25:01,267.9,250,51750
20240112,10:25:03,267.4,50,51750
20240112,10:25:08,268.5,50,51750
20240112,10:25:09,268.35,50,51750
20240112,10:25:26,268.9,50,51750
20240112,10:25:27,268.95,50,51750
20240112,10:25:29,268.35,200,51750
20240112,10:25:30,267.0,100,51750
20240112,10:25:35,265.55,150,51750
20240112,10:25:45,265.15,50,51750
20240112,10:25:52,265.55,50,51750
20240112,10:25:56,265.0,250,51750
20240112,10:25:58,266.7,100,51750
20240112,10:26:01,266.25,50,51750
20240112,10:26:01,265.4,500,51750
20240112,10:26:05,264.05,50,51750
20240112,10:26:07,261.05,250,51750
20240112,10:26:09,258.1,1150,51750
20240112,10:26:10,258.05,450,51750
20240112,10:26:12,259.6,100,51750
20240112,10:26:13,259.0,200,51750
20240112,10:26:15,258.85,50,51750
20240112,10:26:16,257.45,50,51750
20240112,10:26:17,257.45,100,51750
20240112,10:26:18,259.6,250,51750
20240112,10:26:19,261.15,650,51750
20240112,10:26:26,261.2,200,51750
20240112,10:26:28,261.05,200,51750
20240112,10:26:29,259.8,250,53350
20240112,10:26:32,259.45,200,53350
20240112,10:26:33,258.0,200,53350
20240112,10:26:34,257.8,200,53350
20240112,10:26:36,258.55,100,53350
20240112,10:26:38,259.55,100,53350
20240112,10:26:42,260.4,50,53350
20240112,10:26:46,259.15,50,53350
20240112,10:26:54,258.4,50,53350
20240112,10:26:56,260.0,1350,53350
20240112,10:26:57,259.65,250,53350
20240112,10:26:58,259.3,100,53350
20240112,10:27:01,256.75,50,53350
20240112,10:27:02,256.4,100,53350
20240112,10:27:07,256.4,100,53350
20240112,10:27:08,255.95,50,53350
20240112,10:27:13,255.95,250,53350
20240112,10:27:14,256.4,100,53350
20240112,10:27:15,256.5,200,53350
20240112,10:27:17,256.25,150,53350
20240112,10:27:18,256.35,50,53350
20240112,10:27:20,256.45,50,53350
20240112,10:27:22,255.8,250,53350
20240112,10:27:23,253.2,1500,53350
20240112,10:27:24,253.2,100,53350
20240112,10:27:25,253.55,50,53350
20240112,10:27:26,254.0,250,53350
20240112,10:27:27,254.55,100,53350
20240112,10:27:29,254.05,50,53350
20240112,10:27:30,253.3,450,53350
20240112,10:27:31,252.25,600,53350
20240112,10:27:32,252.35,50,53350
20240112,10:27:33,252.35,50,53350
20240112,10:27:36,252.55,300,53350
20240112,10:27:37,252.55,50,53350
20240112,10:27:41,252.1,50,53350
20240112,10:27:43,251.85,50,53350
20240112,10:27:44,251.85,100,53350
20240112,10:27:45,253.25,50,53350
20240112,10:27:49,254.6,200,53350
20240112,10:27:50,253.95,500,53350
20240112,10:28:00,252.7,50,53350
20240112,10:28:01,252.45,50,53350
20240112,10:28:03,253.05,150,53350
20240112,10:28:05,251.75,50,53350
20240112,10:28:08,251.75,200,53350
20240112,10:28:10,251.5,250,53350
20240112,10:28:12,251.1,50,53350
20240112,10:28:13,249.5,2850,53350
20240112,10:28:14,249.6,50,53350
20240112,10:28:17,249.3,250,53350
20240112,10:28:18,249.3,250,53350
20240112,10:28:21,250.95,50,53350
20240112,10:28:22,251.5,50,53350
20240112,10:28:27,249.8,250,53350
20240112,10:28:33,249.5,200,53350
20240112,10:28:34,249.1,100,53350
20240112,10:28:36,248.3,250,53350
20240112,10:28:38,248.3,200,53350
20240112,10:28:39,250.1,750,53350
20240112,10:28:40,250.4,250,53350
20240112,10:28:41,250.45,350,53350
20240112,10:28:52,249.5,650,53350
20240112,10:28:55,251.7,250,53350
20240112,10:28:57,251.4,650,53350
20240112,10:28:58,252.55,100,53350
20240112,10:29:01,250.75,200,53350
20240112,10:29:06,250.45,400,53350
20240112,10:29:06,250.0,50,53350
20240112,10:29:09,251.1,100,53350
20240112,10:29:10,250.95,100,53350
20240112,10:29:12,250.7,100,53350
20240112,10:29:12,250.85,500,53350
20240112,10:29:15,250.3,400,53350
20240112,10:29:18,250.4,50,53350
20240112,10:29:23,250.5,200,53350
20240112,10:29:24,251.85,200,53350
20240112,10:29:26,252.25,450,53350
20240112,10:29:27,251.3,100,53350
20240112,10:29:28,251.0,50,53350
20240112,10:29:30,251.2,300,60600
20240112,10:29:31,251.55,450,60600
20240112,10:29:33,251.8,500,60600
20240112,10:29:34,251.3,300,60600
20240112,10:29:35,251.3,50,60600
20240112,10:29:37,253.0,600,60600
20240112,10:29:38,254.0,250,60600
20240112,10:29:39,255.3,50,60600
20240112,10:29:40,255.35,100,60600
20240112,10:29:44,254.3,100,60600
20240112,10:29:46,254.0,250,60600
20240112,10:29:48,254.45,50,60600
20240112,10:29:58,258.15,500,60600
20240112,10:30:03,257.55,100,60600
20240112,10:30:05,258.3,200,60600
20240112,10:30:06,258.1,250,60600
20240112,10:30:07,258.15,50,60600
20240112,10:30:08,258.35,100,60600
20240112,10:30:09,259.15,550,60600
20240112,10:30:10,259.05,100,60600
20240112,10:30:11,259.3,950,60600
20240112,10:30:14,256.15,1050,60600
20240112,10:30:15,256.3,400,60600
20240112,10:30:16,256.15,800,60600
20240112,10:30:17,257.4,450,60600
20240112,10:30:18,256.75,800,60600
20240112,10:30:19,254.85,450,60600
20240112,10:30:20,254.65,750,60600
20240112,10:30:21,254.55,250,60600
20240112,10:30:24,257.6,50,60600
20240112,10:30:25,258.95,300,60600
20240112,10:30:29,260.4,1300,60600
20240112,10:30:31,260.9,700,60600
20240112,10:30:32,261.2,200,60600
20240112,10:30:33,260.8,700,60600
20240112,10:30:34,261.0,300,60600
20240112,10:30:35,260.75,300,60600
20240112,10:30:38,261.0,50,60600
20240112,10:30:43,263.3,500,60600
20240112,10:30:44,262.55,100,60600
20240112,10:30:45,263.2,250,60600
20240112,10:30:48,260.95,250,60600
20240112,10:30:49,261.7,1050,60600
20240112,10:30:50,260.7,250,60600
20240112,10:30:58,258.3,300,60600
20240112,10:30:59,259.6,250,60600
20240112,10:31:00,259.85,250,60600
20240112,10:31:01,258.9,800,60600
20240112,10:31:02,260.3,150,60600
20240112,10:31:03,261.3,50,60600
20240112,10:31:05,260.75,50,60600
20240112,10:31:08,259.4,150,60600
20240112,10:31:10,259.85,550,60600
20240112,10:31:11,260.4,50,60600
20240112,10:31:16,259.1,1550,60600
20240112,10:31:21,260.45,750,60600
20240112,10:31:22,259.95,300,60600
20240112,10:31:28,258.0,250,60600
20240112,10:31:29,258.0,150,60600
20240112,10:31:38,259.15,50,60600
20240112,10:31:52,261.25,100,60600
20240112,10:31:56,262.35,100,60600
20240112,10:31:57,262.3,250,60600
20240112,10:31:58,261.95,100,60600
20240112,10:32:00,260.4,200,60600
20240112,10:32:06,262.0,250,60600
20240112,10:32:17,263.55,50,60600
20240112,10:32:38,264.15,150,70800
20240112,10:32:39,265.25,400,70800
20240112,10:32:48,265.2,250,70800
20240112,10:32:52,266.0,100,70800
20240112,10:32:54,266.6,200,70800
20240112,10:32:57,265.65,50,70800
20240112,10:32:59,265.15,100,70800
20240112,10:33:01,264.15,200,70800
20240112,10:33:02,265.1,50,70800
20240112,10:33:03,264.6,200,70800
20240112,10:33:04,264.45,50,70800
20240112,10:33:06,263.0,100,70800
20240112,10:33:12,262.55,50,70800
20240112,10:33:18,262.3,250,70800
20240112,10:33:24,263.8,200,70800
20240112,10:33:34,260.35,100,70800
20240112,10:33:37,259.65,450,70800
20240112,10:33:38,259.8,50,70800
20240112,10:33:44,262.1,50,70800
20240112,10:33:52,262.1,50,70800
20240112,10:33:57,262.25,50,70800
20240112,10:34:14,262.25,150,70800
20240112,10:34:18,262.0,250,70800
20240112,10:34:21,263.6,300,70800
20240112,10:34:22,263.35,450,70800
20240112,10:34:23,265.0,50,70800
20240112,10:34:25,264.85,50,70800
20240112,10:34:34,263.65,150,70800
20240112,10:34:38,264.0,50,70800
20240112,10:34:40,264.7,100,70800
20240112,10:34:42,263.65,100,70800
20240112,10:34:45,264.7,50,70800
20240112,10:34:48,264.25,50,70800
20240112,10:34:50,264.45,300,70800
20240112,10:34:51,264.7,50,70800
20240112,10:34:52,263.9,50,70800
20240112,10:34:53,263.25,450,70800
20240112,10:34:55,261.75,50,70800
20240112,10:34:57,260.7,50,70800
20240112,10:34:58,260.8,50,70800
20240112,10:35:00,260.8,50,70800
20240112,10:35:01,261.65,50,70800
20240112,10:35:03,261.65,50,70800
20240112,10:35:06,261.65,50,70800
20240112,10:35:17,261.7,350,70800
20240112,10:35:23,261.8,550,70800
20240112,10:35:26,261.25,100,70800
20240112,10:35:28,262.3,100,70800
20240112,10:35:30,262.0,50,70800
20240112,10:35:31,261.75,50,72350
20240112,10:35:33,260.9,150,72350
20240112,10:35:39,261.6,50,72350
20240112,10:35:44,262.5,50,72350
20240112,10:35:46,262.1,100,72350
20240112,10:35:46,261.75,150,72350
20240112,10:35:47,262.7,50,72350
20240112,10:35:49,261.8,50,72350
20240112,10:35:50,261.75,50,72350
20240112,10:35:51,262.05,150,72350
20240112,10:35:52,261.95,50,72350
20240112,10:35:53,262.05,50,72350
20240112,10:35:54,261.6,50,72350
20240112,10:35:55,260.2,100,72350
20240112,10:35:56,261.2,50,72350
20240112,10:36:05,258.35,50,72350
20240112,10:36:07,257.75,150,72350
20240112,10:36:17,258.25,50,72350
20240112,10:36:19,258.35,100,72350
20240112,10:36:29,257.0,200,72350
20240112,10:36:34,256.3,2000,72350
20240112,10:36:38,256.25,50,72350
20240112,10:36:41,256.95,700,72350
20240112,10:36:47,255.55,100,72350
20240112,10:36:48,255.05,50,72350
20240112,10:36:52,254.0,100,72350
20240112,10:36:54,254.9,150,72350
20240112,10:37:05,255.3,50,72350
20240112,10:37:09,254.55,900,72350
20240112,10:37:12,255.15,50,72350
20240112,10:37:14,255.9,350,72350
20240112,10:37:16,256.45,50,72350
20240112,10:37:16,257.6,300,72350
20240112,10:37:20,257.2,100,72350
20240112,10:37:21,256.5,150,72350
20240112,10:37:24,255.45,50,72350
20240112,10:37:25,253.0,500,72350
20240112,10:37:31,254.0,250,72350
20240112,10:37:33,255.65,50,72350
20240112,10:37:36,256.15,100,72350
20240112,10:37:55,257.85,50,72350
20240112,10:37:57,257.6,250,72350
20240112,10:37:58,258.0,50,72350
20240112,10:37:59,257.35,250,72350
20240112,10:38:01,257.2,150,72350
20240112,10:38:06,257.7,250,72350
20240112,10:38:08,257.5,50,72350
20240112,10:38:09,257.95,50,72350
20240112,10:38:10,257.8,150,72350
20240112,10:38:18,257.55,350,72350
20240112,10:38:20,257.45,50,72350
20240112,10:38:21,257.45,700,72350
20240112,10:38:22,257.25,100,72350
20240112,10:38:25,257.8,100,72350
20240112,10:38:29,257.75,250,72350
20240112,10:38:31,258.25,150,72350
20240112,10:38:34,257.8,150,75550
20240112,10:38:36,258.4,250,75550
20240112,10:38:37,257.55,50,75550
20240112,10:38:43,257.95,50,75550
20240112,10:38:52,257.7,50,75550
20240112,10:38:55,256.75,2300,75550
20240112,10:38:56,256.0,100,75550
20240112,10:39:08,256.3,100,75550
20240112,10:39:20,256.85,50,75550
20240112,10:39:21,256.35,100,75550
20240112,10:39:28,255.2,250,75550
20240112,10:39:29,255.25,50,75550
20240112,10:39:32,255.8,50,75550
20240112,10:39:44,253.75,2000,75550
20240112,10:39:46,253.35,100,75550
20240112,10:39:47,252.9,750,75550
20240112,10:39:48,252.75,50,75550
20240112,10:39:59,253.6,150,75550
20240112,10:40:01,252.45,50,75550
20240112,10:40:02,251.4,850,75550
20240112,10:40:04,250.7,950,75550
20240112,10:40:07,250.5,750,75550
20240112,10:40:10,249.95,600,75550
20240112,10:40:11,250.05,50,75550
20240112,10:40:13,250.35,650,75550
20240112,10:40:15,250.35,200,75550
20240112,10:40:19,250.3,350,75550
20240112,10:40:22,249.75,50,75550
20240112,10:40:24,249.05,350,75550
20240112,10:40:25,249.7,50,75550
20240112,10:40:28,248.9,350,75550
20240112,10:40:32,249.2,200,75550
20240112,10:40:34,248.75,50,75550
20240112,10:40:46,246.5,1950,75550
20240112,10:40:47,246.3,50,75550
20240112,10:40:48,246.3,50,75550
20240112,10:40:49,245.3,50,75550
20240112,10:40:51,245.3,50,75550
20240112,10:40:52,245.1,200,75550
20240112,10:40:55,245.1,100,75550
20240112,10:40:56,244.9,100,75550
20240112,10:40:57,244.8,50,75550
20240112,10:40:58,244.05,350,75550
20240112,10:40:59,243.45,600,75550
20240112,10:41:00,243.75,50,75550
20240112,10:41:03,243.0,250,75550
20240112,10:41:04,242.6,150,75550
20240112,10:41:06,242.6,150,75550
20240112,10:41:07,243.3,1000,75550
20240112,10:41:08,243.15,100,75550
20240112,10:41:09,244.0,50,75550
20240112,10:41:11,245.1,300,75550
20240112,10:41:12,245.25,450,75550
20240112,10:41:13,244.15,50,75550
20240112,10:41:14,244.05,100,75550
20240112,10:41:17,243.15,400,75550
20240112,10:41:18,243.65,50,75550
20240112,10:41:21,244.5,250,75550
20240112,10:41:22,244.05,50,75550
20240112,10:41:28,244.5,50,75550
20240112,10:41:29,244.9,50,75550
20240112,10:41:38,246.0,250,80450
20240112,10:41:39,245.4,250,80450
20240112,10:41:40,246.75,50,80450
20240112,10:41:41,246.45,100,80450
20240112,10:41:42,246.8,200,80450
20240112,10:41:44,247.85,100,80450
20240112,10:41:45,249.3,450,80450
20240112,10:41:46,248.45,50,80450
20240112,10:41:48,249.35,150,80450
20240112,10:41:50,250.95,50,80450
20240112,10:41:51,250.45,50,80450
20240112,10:41:53,249.5,100,80450
20240112,10:41:58,249.05,250,80450
20240112,10:42:01,251.0,50,80450
20240112,10:42:03,252.05,100,80450
20240112,10:42:14,251.25,250,80450
20240112,10:42:18,253.0,800,80450
20240112,10:42:19,254.4,700,80450
20240112,10:42:27,253.0,350,80450
20240112,10:42:28,252.3,100,80450
20240112,10:42:32,252.6,300,80450
20240112,10:42:38,255.05,50,80450
20240112,10:42:42,255.55,50,80450
20240112,10:42:52,253.9,150,80450
20240112,10:43:26,255.45,150,80450
20240112,10:43:27,255.45,50,80450
20240112,10:43:35,254.3,50,80450
20240112,10:43:36,254.7,50,80450
20240112,10:43:46,254.0,50,80450
20240112,10:44:01,252.15,50,80450
20240112,10:44:05,252.0,100,80450
20240112,10:44:23,251.3,600,80450
20240112,10:44:24,251.35,250,80450
20240112,10:44:27,250.6,250,80450
20240112,10:44:38,251.2,500,81050
20240112,10:44:40,250.6,150,81050
20240112,10:44:45,251.2,150,81050
20240112,10:44:51,251.7,150,81050
20240112,10:44:55,252.8,250,81050
20240112,10:45:01,252.95,100,81050
20240112,10:45:02,252.75,250,81050
20240112,10:45:15,253.0,50,81050
20240112,10:45:18,252.75,250,81050
20240112,10:45:25,255.9,50,81050
20240112,10:45:27,254.75,150,81050
20240112,10:45:32,254.0,500,81050
20240112,10:45:46,253.75,200,81050
20240112,10:45:47,253.65,50,81050
20240112,10:46:03,254.4,250,81050
20240112,10:46:03,254.75,200,81050
20240112,10:46:12,252.45,50,81050
20240112,10:46:16,251.8,50,81050
20240112,10:46:17,252.3,100,81050
20240112,10:46:26,251.0,50,81050
20240112,10:46:30,250.3,250,81050
20240112,10:46:31,250.0,350,81050
20240112,10:46:32,249.75,100,81050
20240112,10:46:35,249.95,50,81050
20240112,10:46:36,250.4,50,81050
20240112,10:46:55,249.8,250,81050
20240112,10:46:57,248.9,300,81050
20240112,10:46:58,248.0,350,81050
20240112,10:46:59,248.6,50,81050
20240112,10:47:02,248.7,250,81050
20240112,10:47:05,248.75,250,81050
20240112,10:47:08,249.2,50,81050
20240112,10:47:11,248.5,50,81050
20240112,10:47:15,247.3,50,81050
20240112,10:47:16,247.8,50,81050
20240112,10:47:22,247.9,850,81050
20240112,10:47:25,244.95,2550,81050
20240112,10:47:27,245.4,250,81050
20240112,10:47:27,246.35,50,81050
20240112,10:47:29,246.45,100,81050
20240112,10:47:31,245.15,250,81050
20240112,10:47:41,246.6,100,84150
20240112,10:47:49,246.7,50,84150
20240112,10:47:50,246.85,50,84150
20240112,10:47:52,248.25,350,84150
20240112,10:47:53,249.15,800,84150
20240112,10:47:57,247.6,400,84150
20240112,10:48:03,248.55,300,84150
20240112,10:48:04,248.35,200,84150
20240112,10:48:08,248.9,300,84150
20240112,10:48:12,249.8,50,84150
20240112,10:48:15,251.05,250,84150
20240112,10:48:20,250.8,250,84150
20240112,10:48:32,249.15,250,84150
20240112,10:48:43,250.45,50,84150
20240112,10:48:53,249.6,250,84150
20240112,10:49:00,250.8,50,84150
20240112,10:49:03,250.25,250,84150
20240112,10:49:22,248.45,400,84150
20240112,10:49:27,248.75,250,84150
20240112,10:49:36,248.8,250,84150
20240112,10:49:37,248.8,50,84150
20240112,10:49:46,249.75,100,84150
20240112,10:49:52,250.95,350,84150
20240112,10:50:04,252.75,250,84150
20240112,10:50:05,253.05,50,84150
20240112,10:50:06,253.0,50,84150
20240112,10:50:11,250.35,300,84150
20240112,10:50:16,251.4,300,84150
20240112,10:50:30,248.05,150,84150
20240112,10:50:31,248.45,100,84150
20240112,10:50:32,247.2,1550,84150
20240112,10:50:39,247.15,150,86300
20240112,10:50:40,247.6,100,86300
20240112,10:50:45,247.65,50,86300
20240112,10:50:47,247.6,100,86300
20240112,10:50:49,246.4,50,86300
20240112,10:50:53,247.2,250,86300
20240112,10:50:53,247.15,150,86300
20240112,10:51:02,248.3,300,86300
20240112,10:51:08,248.55,100,86300
20240112,10:51:10,248.75,100,86300
20240112,10:51:13,248.7,400,86300
20240112,10:51:14,248.0,150,86300
20240112,10:51:15,248.25,700,86300
20240112,10:51:16,248.2,50,86300
20240112,10:51:21,247.6,400,86300
20240112,10:51:23,247.5,250,86300
20240112,10:51:25,247.3,100,86300
20240112,10:51:30,247.05,100,86300
20240112,10:51:35,246.95,50,86300
20240112,10:51:39,247.45,50,86300
20240112,10:51:41,247.3,50,86300
20240112,10:51:42,246.6,50,86300
20240112,10:51:44,245.35,200,86300
20240112,10:51:46,245.2,1350,86300
20240112,10:51:48,245.25,250,86300
20240112,10:51:54,245.9,100,86300
20240112,10:51:57,246.0,300,86300
20240112,10:52:01,247.15,600,86300
20240112,10:52:02,246.45,100,86300
20240112,10:52:03,246.8,100,86300
20240112,10:52:07,247.4,750,86300
20240112,10:52:08,247.15,50,86300
20240112,10:52:09,247.2,150,86300
20240112,10:52:12,247.4,200,86300
20240112,10:52:14,247.2,50,86300
20240112,10:52:18,247.8,100,86300
20240112,10:52:19,247.3,200,86300
20240112,10:52:20,247.35,250,86300
20240112,10:52:40,248.95,100,86300
20240112,10:52:43,248.85,250,86300
20240112,10:52:46,248.9,50,86300
20240112,10:52:51,250.0,50,86300
20240112,10:52:58,252.1,250,86300
20240112,10:53:14,252.6,250,86300
20240112,10:53:17,253.05,300,86300
20240112,10:53:19,253.8,50,86300
20240112,10:53:35,253.3,300,87250
20240112,10:53:36,252.7,250,87250
20240112,10:53:37,252.7,50,87250
20240112,10:53:42,251.9,250,87250
20240112,10:53:44,252.25,350,87250
20240112,10:53:46,251.9,150,87250
20240112,10:53:47,251.9,100,87250
20240112,10:53:48,252.3,250,87250
20240112,10:53:58,254.55,250,87250
20240112,10:54:02,253.4,300,87250
20240112,10:54:16,254.1,50,87250
20240112,10:54:37,254.05,100,87250
20240112,10:54:39,255.0,250,87250
20240112,10:54:40,255.75,700,87250
20240112,10:54:44,255.85,50,87250
20240112,10:54:47,255.75,50,87250
20240112,10:54:49,255.5,500,87250
20240112,10:54:50,255.15,250,87250
20240112,10:54:52,254.05,50,87250
20240112,10:54:54,254.15,500,87250
20240112,10:55:09,252.0,50,87250
20240112,10:55:18,252.15,200,87250
20240112,10:55:20,252.9,500,87250
20240112,10:55:29,253.4,100,87250
20240112,10:55:31,254.15,50,87250
20240112,10:55:58,251.45,50,87250
20240112,10:56:22,250.3,300,87250
20240112,10:56:24,249.75,100,87250
20240112,10:56:39,247.85,1450,87250
20240112,10:56:40,248.05,50,88550
20240112,10:56:42,246.65,350,88550
20240112,10:56:43,247.0,50,88550
20240112,10:56:44,247.0,250,88550
20240112,10:56:50,247.0,100,88550
20240112,10:56:59,250.25,200,88550
20240112,10:57:01,252.15,150,88550
20240112,10:57:04,251.5,50,88550
20240112,10:57:13,249.0,250,88550
20240112,10:57:14,248.55,100,88550
20240112,10:57:22,249.15,450,88550
20240112,10:57:23,248.35,250,88550
20240112,10:57:27,248.65,400,88550
20240112,10:57:32,249.65,200,88550
20240112,10:57:38,249.55,150,88550
20240112,10:57:44,249.25,100,88550
20240112,10:57:44,248.75,50,88550
20240112,10:57:45,249.1,50,88550
20240112,10:57:50,248.45,350,88550
20240112,10:57:54,247.05,50,88550
20240112,10:57:58,247.85,50,88550
20240112,10:58:03,249.35,300,88550
20240112,10:58:07,250.15,50,88550
20240112,10:58:23,248.9,150,88550
20240112,10:58:24,248.4,50,88550
20240112,10:58:34,248.75,50,88550
20240112,10:58:37,248.55,50,88550
20240112,10:58:58,245.0,450,88550
20240112,10:59:02,245.25,50,88550
20240112,10:59:05,244.95,50,88550
20240112,10:59:06,245.0,650,88550
20240112,10:59:10,244.0,100,88550
20240112,10:59:11,244.05,50,88550
20240112,10:59:15,244.95,50,88550
20240112,10:59:16,244.9,50,88550
20240112,10:59:16,245.1,50,88550
20240112,10:59:18,244.95,200,88550
20240112,10:59:20,244.75,150,88550
20240112,10:59:27,243.8,250,88550
20240112,10:59:30,245.65,250,88550
20240112,10:59:33,246.15,50,88550
20240112,10:59:38,245.55,50,90000
20240112,10:59:39,245.05,150,90000
20240112,10:59:52,244.35,250,90000
20240112,10:59:58,245.7,250,90000
20240112,11:00:04,243.55,1450,90000
20240112,11:00:05,243.6,250,90000
20240112,11:00:09,243.25,500,90000
20240112,11:00:10,243.0,50,90000
20240112,11:00:12,241.45,50,90000
20240112,11:00:16,239.05,1800,90000
20240112,11:00:18,239.05,50,90000
20240112,11:00:18,239.0,100,90000
20240112,11:00:21,239.0,200,90000
20240112,11:00:22,240.5,350,90000
20240112,11:00:25,240.8,350,90000
20240112,11:00:27,240.85,50,90000
20240112,11:00:28,241.85,100,90000
20240112,11:00:31,239.4,50,90000
20240112,11:00:33,238.85,800,90000
20240112,11:00:34,238.55,50,90000
20240112,11:00:39,238.35,50,90000
20240112,11:00:40,237.8,250,90000
20240112,11:00:41,237.7,150,90000
20240112,11:00:42,237.45,50,90000
20240112,11:00:43,236.9,50,90000
20240112,11:00:47,236.9,50,90000
20240112,11:00:50,236.3,350,90000
20240112,11:00:51,236.3,300,90000
20240112,11:00:51,236.7,50,90000
20240112,11:00:53,236.85,100,90000
20240112,11:00:54,236.2,100,90000
20240112,11:00:56,236.2,100,90000
20240112,11:00:57,236.95,100,90000
20240112,11:00:59,236.5,100,90000
20240112,11:01:00,236.05,50,90000
20240112,11:01:01,235.95,50,90000
20240112,11:01:04,235.95,300,90000
20240112,11:01:08,235.95,100,90000
20240112,11:01:11,235.9,150,90000
20240112,11:01:12,236.75,200,90000
20240112,11:01:13,237.3,350,90000
20240112,11:01:14,238.0,250,90000
20240112,11:01:15,239.95,150,90000
20240112,11:01:16,240.2,350,90000
20240112,11:01:17,239.35,350,90000
20240112,11:01:18,239.5,150,90000
20240112,11:01:20,239.55,50,90000
20240112,11:01:24,241.8,100,90000
20240112,11:01:26,240.95,50,90000
20240112,11:01:28,241.55,100,90000
20240112,11:01:29,241.3,500,90000
20240112,11:01:30,241.7,100,90000
20240112,11:01:33,243.3,50,90000
20240112,11:01:34,244.65,700,90000
20240112,11:01:35,245.05,300,90000
20240112,11:01:36,243.8,50,90000
20240112,11:01:38,243.3,100,90000
20240112,11:01:39,241.8,550,90000
20240112,11:01:40,241.95,100,90000
20240112,11:01:42,243.55,200,90000
20240112,11:01:46,242.95,150,90000
20240112,11:01:53,244.5,150,90000
20240112,11:01:55,245.0,150,90000
20240112,11:01:58,245.5,600,90000
20240112,11:02:01,244.7,150,90000
20240112,11:02:04,244.95,550,90000
20240112,11:02:12,246.05,50,90000
20240112,11:02:13,245.9,50,90000
20240112,11:02:15,245.9,200,90000
20240112,11:02:18,246.85,100,90000
20240112,11:02:21,246.9,500,90000
20240112,11:02:22,246.95,50,90000
20240112,11:02:25,246.1,100,90000
20240112,11:02:26,246.3,150,90000
20240112,11:02:28,246.9,250,90000
20240112,11:02:29,246.65,300,90000
20240112,11:02:30,246.5,50,90000
20240112,11:02:34,246.85,100,90000
20240112,11:02:35,246.6,300,90850
20240112,11:02:36,245.9,100,90850
20240112,11:02:37,245.3,100,90850
20240112,11:02:42,248.0,150,90850
20240112,11:02:44,248.75,450,90850
20240112,11:02:47,248.35,150,90850
20240112,11:03:02,245.55,500,90850
20240112,11:03:30,246.15,250,90850
20240112,11:03:36,246.95,250,90850
20240112,11:03:45,248.3,150,90850
20240112,11:03:46,248.75,250,90850
20240112,11:03:50,247.95,250,90850
20240112,11:03:53,248.75,300,90850
20240112,11:03:58,248.6,50,90850
20240112,11:04:00,249.0,250,90850
20240112,11:04:02,248.85,250,90850
20240112,11:04:04,248.9,50,90850
20240112,11:04:07,248.9,100,90850
20240112,11:04:09,248.3,50,90850
20240112,11:04:11,246.85,150,90850
20240112,11:04:15,249.85,350,90850
20240112,11:04:22,249.8,50,90850
20240112,11:04:25,248.95,250,90850
20240112,11:04:26,249.0,100,90850
20240112,11:04:32,249.95,250,90850
20240112,11:04:35,249.45,50,90850
20240112,11:04:36,250.85,150,90850
20240112,11:04:40,251.4,150,90850
20240112,11:04:43,251.15,100,90850
20240112,11:04:44,250.5,350,90850
20240112,11:04:47,250.35,50,90850
20240112,11:04:48,249.4,200,90850
20240112,11:04:49,249.8,650,90850
20240112,11:04:50,249.4,100,90850
20240112,11:04:53,249.95,50,90850
20240112,11:04:54,249.5,500,90850
20240112,11:04:55,250.0,150,90850
20240112,11:04:58,250.45,300,90850
20240112,11:04:59,250.2,150,90850
20240112,11:05:00,250.95,250,90850
20240112,11:05:01,251.0,50,90850
20240112,11:05:03,251.35,50,90850
20240112,11:05:04,250.7,150,90850
20240112,11:05:09,251.35,50,90850
20240112,11:05:11,251.6,550,90850
20240112,11:05:12,250.65,100,90850
20240112,11:05:14,250.3,300,90850
20240112,11:05:15,250.9,150,90850
20240112,11:05:16,250.0,250,90850
20240112,11:05:19,250.7,50,90850
20240112,11:05:21,251.2,50,90850
20240112,11:05:22,251.0,50,90850
20240112,11:05:24,251.25,100,90850
20240112,11:05:25,251.55,400,90850
20240112,11:05:26,251.95,500,90850
20240112,11:05:28,251.7,250,90850
20240112,11:05:30,253.0,50,90850
20240112,11:05:31,252.5,50,90850
20240112,11:05:32,251.15,100,90850
20240112,11:05:33,251.25,400,90850
20240112,11:05:34,249.9,50,97500
20240112,11:05:35,250.2,50,97500
20240112,11:05:39,248.6,700,97500
20240112,11:05:40,248.3,350,97500
20240112,11:05:43,248.9,100,97500
20240112,11:05:44,249.35,100,97500
20240112,11:05:45,248.65,250,97500
20240112,11:05:49,248.0,150,97500
20240112,11:05:51,248.1,50,97500
20240112,11:05:59,249.6,300,97500
20240112,11:06:00,249.65,350,97500
20240112,11:06:03,251.0,250,97500
20240112,11:06:04,250.55,250,97500
20240112,11:06:06,251.0,100,97500
20240112,11:06:07,250.1,50,97500
20240112,11:06:13,250.7,50,97500
20240112,11:06:15,250.7,50,97500
20240112,11:06:17,251.15,350,97500
20240112,11:06:20,251.7,100,97500
20240112,11:06:21,251.65,100,97500
20240112,11:06:23,251.1,50,97500
20240112,11:06:25,251.5,50,97500
20240112,11:06:26,251.8,50,97500
20240112,11:06:27,251.05,150,97500
20240112,11:06:28,251.4,100,97500
20240112,11:06:29,251.15,50,97500
20240112,11:06:31,251.2,100,97500
20240112,11:06:32,251.2,250,97500
20240112,11:06:33,251.1,50,97500
20240112,11:06:35,251.4,50,97500
20240112,11:06:35,251.05,50,97500
20240112,11:06:37,250.85,100,97500
20240112,11:06:39,251.2,100,97500
20240112,11:06:43,250.4,300,97500
20240112,11:06:45,251.6,50,97500
20240112,11:06:49,251.8,50,97500
20240112,11:06:56,252.8,50,97500
20240112,11:07:05,255.0,550,97500
20240112,11:07:06,255.3,1200,97500
20240112,11:07:09,255.8,750,97500
20240112,11:07:12,254.6,350,97500
20240112,11:07:14,255.25,150,97500
20240112,11:07:17,253.45,100,97500
20240112,11:07:22,256.0,50,97500
20240112,11:07:23,256.05,250,97500
20240112,11:07:26,255.6,300,97500
20240112,11:07:27,255.45,50,97500
20240112,11:07:34,255.45,250,97500
20240112,11:07:41,256.65,50,97500
20240112,11:07:43,256.75,300,97500
20240112,11:07:47,256.2,100,97500
20240112,11:07:49,256.25,100,97500
20240112,11:07:50,256.4,100,97500
20240112,11:07:51,255.75,50,97500
20240112,11:07:52,255.85,50,97500
20240112,11:07:56,256.6,300,97500
20240112,11:07:57,256.45,100,97500
20240112,11:07:58,256.7,50,97500
20240112,11:08:00,256.05,100,97500
20240112,11:08:02,256.35,50,97500
20240112,11:08:03,258.0,150,97500
20240112,11:08:04,258.0,50,97500
20240112,11:08:05,257.95,50,97500
20240112,11:08:08,257.7,250,97500
20240112,11:08:09,257.6,50,97500
20240112,11:08:10,257.6,50,97500
20240112,11:08:14,256.45,300,97500
20240112,11:08:15,256.85,50,97500
20240112,11:08:16,257.5,50,97500
20240112,11:08:17,257.0,50,97500
20240112,11:08:18,257.65,100,97500
20240112,11:08:21,259.0,100,97500
20240112,11:08:23,259.55,450,97500
20240112,11:08:25,259.75,300,97500
20240112,11:08:27,258.2,350,97500
20240112,11:08:33,257.8,50,97500
20240112,11:08:36,257.6,50,96450
20240112,11:08:37,258.35,350,96450
20240112,11:08:40,259.15,50,96450
20240112,11:08:43,258.5,150,96450
20240112,11:08:51,257.0,250,96450
20240112,11:08:55,257.0,150,96450
20240112,11:09:02,256.75,150,96450
20240112,11:09:04,257.4,150,96450
20240112,11:09:05,256.95,200,96450
20240112,11:09:15,256.8,50,96450
20240112,11:09:28,256.4,350,96450
20240112,11:09:31,256.3,250,96450
20240112,11:09:33,256.3,50,96450
20240112,11:09:36,254.8,150,96450
20240112,11:09:58,258.0,50,96450
20240112,11:10:02,256.75,50,96450
20240112,11:10:09,258.0,50,96450
20240112,11:10:14,258.35,50,96450
20240112,11:10:14,258.25,50,96450
20240112,11:10:15,259.0,50,96450
20240112,11:10:22,259.0,200,96450
20240112,11:10:28,258.0,50,96450
20240112,11:10:31,257.5,100,96450
20240112,11:10:33,256.35,250,96450
20240112,11:10:47,256.05,100,96450
20240112,11:10:50,255.95,100,96450
20240112,11:10:53,254.8,400,96450
20240112,11:10:55,254.6,50,96450
20240112,11:10:56,255.0,50,96450
20240112,11:10:59,254.15,50,96450
20240112,11:11:01,253.8,50,96450
20240112,11:11:04,253.65,300,96450
20240112,11:11:05,253.55,850,96450
20240112,11:11:18,255.25,100,96450
20240112,11:11:19,255.55,50,96450
20240112,11:11:29,255.75,100,96450
20240112,11:11:38,255.4,100,95500
20240112,11:11:40,254.05,50,95500
20240112,11:11:53,253.45,500,95500
20240112,11:12:02,254.5,250,95500
20240112,11:12:08,255.1,50,95500
20240112,11:12:12,256.0,100,95500
20240112,11:12:39,256.3,50,95500
20240112,11:13:01,257.1,250,95500
20240112,11:13:03,256.6,400,95500
20240112,11:13:09,256.65,50,95500
20240112,11:13:13,256.95,200,95500
20240112,11:13:14,256.35,50,95500
20240112,11:13:55,256.9,150,95500
20240112,11:13:58,257.5,1900,95500
20240112,11:14:04,257.55,200,95500
20240112,11:14:07,258.0,100,95500
20240112,11:14:32,259.4,600,95500
20240112,11:14:39,258.7,300,95100
20240112,11:14:41,258.8,150,95100
20240112,11:14:46,258.3,1800,95100
20240112,11:14:51,258.45,200,95100
20240112,11:14:54,258.35,50,95100
20240112,11:15:00,259.05,1500,95100
20240112,11:15:01,258.55,400,95100
20240112,11:15:21,257.0,50,95100
20240112,11:15:26,257.35,250,95100
20240112,11:15:27,256.85,200,95100
20240112,11:15:46,255.0,150,95100
20240112,11:16:05,254.25,250,95100
20240112,11:16:10,253.95,150,95100
20240112,11:16:12,253.9,50,95100
20240112,11:16:16,253.5,250,95100
20240112,11:16:18,253.8,50,95100
20240112,11:16:25,253.6,250,95100
20240112,11:17:16,252.8,50,95100
20240112,11:17:23,253.0,50,95100
20240112,11:17:30,253.55,200,95100
20240112,11:17:33,253.9,50,95100
20240112,11:17:55,253.35,50,97150
20240112,11:18:23,253.0,50,97150
20240112,11:18:29,251.0,50,97150
20240112,11:18:30,249.5,350,97150
20240112,11:18:32,249.35,50,97150
20240112,11:18:33,249.25,50,97150
20240112,11:18:36,250.05,50,97150
20240112,11:18:39,250.05,150,97150
20240112,11:18:41,250.5,50,97150
20240112,11:18:43,250.8,50,97150
20240112,11:18:44,250.15,50,97150
20240112,11:18:50,250.95,250,97150
20240112,11:18:52,250.05,50,97150
20240112,11:19:02,248.5,300,97150
20240112,11:19:07,247.9,500,97150
20240112,11:19:11,248.05,50,97150
20240112,11:19:12,248.7,400,97150
20240112,11:19:13,248.45,50,97150
20240112,11:19:18,248.5,350,97150
20240112,11:19:23,249.85,50,97150
20240112,11:19:27,250.1,200,97150
20240112,11:19:30,249.35,250,97150
20240112,11:19:41,248.7,100,97150
20240112,11:19:42,247.7,50,97150
20240112,11:19:47,247.7,50,97150
20240112,11:20:01,249.65,100,97150
20240112,11:20:03,250.05,150,97150
20240112,11:20:05,249.6,50,97150
20240112,11:20:07,249.1,150,97150
20240112,11:20:09,249.3,300,97150
20240112,11:20:14,249.7,100,97150
20240112,11:20:20,250.0,100,97150
20240112,11:20:27,249.65,150,97150
20240112,11:20:30,248.65,250,97150
20240112,11:20:32,248.45,150,97150
20240112,11:20:35,248.65,200,97150
20240112,11:20:41,249.0,250,99000
20240112,11:20:46,248.7,50,99000
20240112,11:21:04,247.95,100,99000
20240112,11:21:09,244.95,550,99000
20240112,11:21:09,244.8,50,99000
20240112,11:21:10,244.7,50,99000
20240112,11:21:19,245.0,1300,99000
20240112,11:21:20,245.0,250,99000
20240112,11:21:23,244.2,200,99000
20240112,11:21:24,243.3,50,99000
20240112,11:21:26,243.2,50,99000
20240112,11:21:27,243.55,300,99000
20240112,11:21:31,243.4,550,99000
20240112,11:21:35,243.05,100,99000
20240112,11:21:37,243.35,350,99000
20240112,11:21:38,243.2,100,99000
20240112,11:21:43,245.15,350,99000
20240112,11:21:45,245.15,150,99000
20240112,11:21:46,245.45,50,99000
20240112,11:21:49,247.05,100,99000
20240112,11:21:50,247.05,150,99000
20240112,11:21:54,245.7,100,99000
20240112,11:21:56,245.55,250,99000
20240112,11:21:58,245.35,50,99000
20240112,11:22:03,245.95,350,99000
20240112,11:22:04,247.45,150,99000
20240112,11:22:05,247.45,650,99000
20240112,11:22:06,247.75,50,99000
20240112,11:22:09,248.4,750,99000
20240112,11:22:10,249.0,150,99000
20240112,11:22:14,248.5,250,99000
20240112,11:22:17,247.85,50,99000
20240112,11:22:32,249.15,250,99000
20240112,11:22:33,249.3,50,99000
20240112,11:22:34,250.0,50,99000
20240112,11:23:05,251.05,100,99000
20240112,11:23:16,252.35,50,99000
20240112,11:23:18,251.05,50,99000
20240112,11:23:20,251.85,100,99000
20240112,11:23:27,251.05,50,99000
20240112,11:23:28,250.4,150,99000
20240112,11:23:30,249.85,250,99000
20240112,11:23:32,249.5,200,99000
20240112,11:23:34,248.85,100,99000
20240112,11:24:07,248.4,200,100000
20240112,11:24:10,248.1,50,100000
20240112,11:24:18,249.35,50,100000
20240112,11:24:19,249.55,100,100000
20240112,11:24:21,250.55,50,100000
20240112,11:24:26,251.3,100,100000
20240112,11:24:31,250.6,50,100000
20240112,11:24:44,249.6,50,100000
20240112,11:24:50,249.55,50,100000
20240112,11:25:00,250.15,50,100000
20240112,11:25:02,249.8,500,100000
20240112,11:25:03,249.4,50,100000
20240112,11:25:34,250.1,50,100000
20240112,11:25:36,251.0,50,100000
20240112,11:25:52,250.6,150,100000
20240112,11:26:13,250.05,50,100000
20240112,11:26:15,249.9,100,100000
20240112,11:26:22,249.0,50,100000
20240112,11:26:24,249.4,50,100000
20240112,11:26:37,253.0,100,100000
20240112,11:26:42,251.8,250,100450
20240112,11:26:46,251.8,50,100450
20240112,11:26:55,251.5,50,100450
20240112,11:27:06,250.35,250,100450
20240112,11:27:11,250.4,100,100450
20240112,11:27:13,250.4,50,100450
20240112,11:27:44,251.75,50,100450
20240112,11:27:53,252.25,50,100450
20240112,11:28:03,253.25,150,100450
20240112,11:28:04,252.9,50,100450
20240112,11:28:10,252.9,300,100450
20240112,11:28:24,250.95,100,100450
20240112,11:28:26,250.5,50,100450
20240112,11:28:56,248.95,50,100450
20240112,11:28:57,249.0,50,100450
20240112,11:28:59,249.1,50,100450
20240112,11:29:00,249.15,250,100450
20240112,11:29:10,249.7,50,100450
20240112,11:29:24,250.75,50,100450
20240112,11:29:27,250.2,50,100450
20240112,11:29:50,247.2,250,100300
20240112,11:29:51,246.15,2700,100300
20240112,11:29:56,246.65,250,100300
20240112,11:29:56,246.65,50,100300
20240112,11:30:04,245.6,50,100300
20240112,11:30:05,246.75,750,100300
20240112,11:30:06,246.45,50,100300
20240112,11:30:07,247.2,250,100300
20240112,11:30:11,246.75,400,100300
20240112,11:30:17,246.55,200,100300
20240112,11:30:22,247.75,100,100300
20240112,11:30:25,249.55,450,100300
20240112,11:30:27,250.1,300,100300
20240112,11:30:30,250.15,300,100300
20240112,11:30:33,250.6,100,100300
20240112,11:30:34,251.0,50,100300
20240112,11:30:35,251.3,300,100300
20240112,11:30:38,250.75,300,100300
20240112,11:30:42,250.35,50,100300
20240112,11:30:51,249.9,50,100300
20240112,11:30:54,250.3,50,100300
20240112,11:30:57,250.05,50,100300
20240112,11:31:00,248.0,100,100300
20240112,11:31:04,249.25,250,100300
20240112,11:31:20,250.0,50,100300
20240112,11:31:24,251.05,300,100300
20240112,11:31:29,252.4,100,100300
20240112,11:31:30,252.05,100,100300
20240112,11:31:48,252.35,250,100300
20240112,11:31:53,253.0,50,100300
20240112,11:32:05,254.0,50,100300
20240112,11:32:07,254.5,450,100300
20240112,11:32:29,255.0,200,100300
20240112,11:33:02,254.15,250,103050
20240112,11:33:04,254.15,50,103050
20240112,11:33:07,254.2,250,103050
20240112,11:33:12,254.85,150,103050
20240112,11:33:18,254.2,50,103050
20240112,11:33:20,254.2,500,103050
20240112,11:33:32,255.0,100,103050
20240112,11:33:33,255.4,150,103050
20240112,11:33:36,254.75,50,103050
20240112,11:33:44,254.55,50,103050
20240112,11:33:50,254.75,50,103050
20240112,11:34:00,254.75,50,103050
20240112,11:34:02,254.55,200,103050
20240112,11:34:15,254.5,100,103050
20240112,11:34:17,254.75,250,103050
20240112,11:34:35,253.65,150,103050
20240112,11:34:39,253.9,50,103050
20240112,11:34:43,252.55,300,103050
20240112,11:34:44,252.35,50,103050
20240112,11:34:48,251.85,250,103050
20240112,11:34:51,252.85,50,103050
20240112,11:35:03,251.9,200,103050
20240112,11:35:05,251.25,100,103050
20240112,11:35:12,250.15,50,103050
20240112,11:35:18,251.35,250,103050
20240112,11:35:38,248.5,150,103050
20240112,11:35:48,249.55,50,103500
20240112,11:35:58,247.9,50,103500
20240112,11:36:01,248.4,200,103500
20240112,11:36:03,247.65,250,103500
20240112,11:36:15,247.65,500,103500
20240112,11:36:43,248.15,50,103500
20240112,11:36:44,248.45,50,103500
20240112,11:36:58,249.7,600,103500
20240112,11:37:04,249.5,100,103500
20240112,11:37:07,249.9,850,103500
20240112,11:37:39,250.65,50,103500
20240112,11:37:47,250.95,50,103500
20240112,11:37:52,251.45,50,103500
20240112,11:38:05,251.35,550,103500
20240112,11:38:08,251.65,250,103500
20240112,11:38:32,250.05,50,103500
20240112,11:38:46,248.95,200,103650
20240112,11:38:50,249.0,50,103650
20240112,11:38:51,248.95,50,103650
20240112,11:39:53,247.1,100,103650
20240112,11:40:03,244.3,1750,103650
20240112,11:40:09,243.4,100,103650
20240112,11:40:10,243.35,50,103650
20240112,11:40:15,245.0,100,103650
20240112,11:40:17,246.15,100,103650
20240112,11:40:40,248.2,300,103650
20240112,11:40:50,250.15,400,103650
20240112,11:41:02,248.8,250,103650
20240112,11:41:09,251.0,100,103650
20240112,11:42:01,250.45,150,103650
20240112,11:42:02,249.45,250,102800
20240112,11:42:19,248.9,50,102800
20240112,11:42:44,246.5,250,102800
20240112,11:42:51,246.65,100,102800
20240112,11:43:14,244.05,200,102800
20240112,11:43:21,244.45,150,102800
20240112,11:43:22,244.45,200,102800
20240112,11:43:44,245.8,50,102800
20240112,11:43:55,244.45,200,102800
20240112,11:43:57,243.5,650,102800
20240112,11:43:59,243.7,50,102800
20240112,11:44:00,243.1,250,102800
20240112,11:44:01,241.45,100,102800
20240112,11:44:03,241.35,50,102800
20240112,11:44:05,241.5,50,102800
20240112,11:44:06,241.9,100,102800
20240112,11:44:09,241.35,50,102800
20240112,11:44:10,240.8,350,102800
20240112,11:44:11,241.5,50,102800
20240112,11:44:13,241.55,100,102800
20240112,11:44:16,242.05,250,102800
20240112,11:44:19,241.75,250,102800
20240112,11:44:28,241.7,50,102800
20240112,11:44:29,241.85,50,102800
20240112,11:44:47,245.9,50,103050
20240112,11:45:02,246.55,100,103050
20240112,11:45:06,244.3,50,103050
20240112,11:45:13,244.35,100,103050
20240112,11:45:33,244.75,50,103050
20240112,11:45:34,244.05,100,103050
20240112,11:45:48,244.6,150,103050
20240112,11:45:54,244.7,50,103050
20240112,11:46:06,243.8,300,103050
20240112,11:46:16,243.65,50,103050
20240112,11:46:18,244.3,50,103050
20240112,11:46:28,244.3,100,103050
20240112,11:46:29,243.95,100,103050
20240112,11:46:30,243.5,200,103050
20240112,11:46:31,243.55,50,103050
20240112,11:46:47,243.4,100,103050
20240112,11:46:51,244.1,100,103050
20240112,11:46:54,244.1,50,103050
20240112,11:47:02,243.9,150,103050
20240112,11:47:08,244.1,350,103050
20240112,11:47:09,244.2,50,103050
20240112,11:47:12,244.5,50,103050
20240112,11:47:13,244.3,350,103050
20240112,11:47:14,243.95,50,103050
20240112,11:47:17,244.55,150,103050
20240112,11:47:22,245.65,100,103050
20240112,11:47:23,245.5,200,103050
20240112,11:47:24,246.3,100,103050
20240112,11:47:28,245.2,50,103050
20240112,11:47:31,244.9,50,103050
20240112,11:47:36,245.8,100,103050
20240112,11:47:40,245.05,50,103050
20240112,11:47:51,245.2,150,104900
20240112,11:47:53,245.4,150,104900
20240112,11:47:56,244.9,150,104900
20240112,11:47:57,244.6,50,104900
20240112,11:47:59,244.65,50,104900
20240112,11:48:04,244.25,150,104900
20240112,11:48:05,243.85,50,104900
20240112,11:48:07,243.55,200,104900
20240112,11:48:11,242.95,200,104900
20240112,11:48:30,244.6,150,104900
20240112,11:48:39,244.6,350,104900
20240112,11:48:40,244.95,50,104900
20240112,11:48:42,244.15,100,104900
20240112,11:48:46,244.15,150,104900
20240112,11:48:51,244.05,200,104900
20240112,11:48:54,244.25,150,104900
20240112,11:48:55,244.25,50,104900
20240112,11:48:56,244.45,150,104900
20240112,11:49:05,244.0,300,104900
20240112,11:49:06,243.05,350,104900
20240112,11:49:07,242.75,50,104900
20240112,11:49:12,242.95,550,104900
20240112,11:49:15,243.9,100,104900
20240112,11:49:20,245.0,100,104900
20240112,11:49:23,244.95,200,104900
20240112,11:49:27,244.65,550,104900
20240112,11:49:28,244.9,200,104900
20240112,11:49:30,244.05,350,104900
20240112,11:49:59,246.4,2550,104900
20240112,11:50:01,246.8,500,104900
20240112,11:50:15,246.05,50,104900
20240112,11:50:24,244.6,350,104900
20240112,11:50:33,242.25,250,104900
20240112,11:50:38,243.4,150,104900
20240112,11:50:41,242.35,100,109400
20240112,11:50:44,242.55,50,109400
20240112,11:50:48,240.85,350,109400
20240112,11:50:48,240.2,150,109400
20240112,11:50:49,240.0,900,109400
20240112,11:50:50,239.4,150,109400
20240112,11:50:51,238.7,100,109400
20240112,11:50:52,238.7,100,109400
20240112,11:50:53,238.95,600,109400
20240112,11:50:54,238.9,300,109400
20240112,11:50:56,238.75,100,109400
20240112,11:50:57,238.6,50,109400
20240112,11:51:03,239.35,950,109400
20240112,11:51:04,238.85,50,109400
20240112,11:51:05,238.45,600,109400
20240112,11:51:06,238.0,200,109400
20240112,11:51:07,238.75,50,109400
20240112,11:51:08,238.45,450,109400
20240112,11:51:12,238.85,200,109400
20240112,11:51:13,238.9,1050,109400
20240112,11:51:14,238.95,500,109400
20240112,11:51:15,238.25,350,109400
20240112,11:51:16,238.3,100,109400
20240112,11:51:17,238.4,50,109400
20240112,11:51:19,238.95,100,109400
20240112,11:51:20,238.5,400,109400
20240112,11:51:21,238.0,300,109400
20240112,11:51:23,236.45,100,109400
20240112,11:51:24,237.85,50,109400
20240112,11:51:25,239.7,350,109400
20240112,11:51:26,239.6,50,109400
20240112,11:51:27,239.2,400,109400
20240112,11:51:29,238.45,200,109400
20240112,11:51:30,238.8,300,109400
20240112,11:51:32,239.0,150,109400
20240112,11:51:36,240.75,100,109400
20240112,11:51:39,240.55,650,109400
20240112,11:51:42,240.1,150,109400
20240112,11:51:43,240.45,400,109400
20240112,11:51:45,239.85,500,109400
20240112,11:51:46,239.8,500,109400
20240112,11:51:48,240.25,150,109400
20240112,11:51:49,240.0,150,109400
20240112,11:51:55,240.45,50,109400
20240112,11:51:58,240.75,200,109400
20240112,11:51:59,240.9,50,109400
20240112,11:52:00,240.75,150,109400
20240112,11:52:01,240.95,100,109400
20240112,11:52:06,240.25,150,109400
20240112,11:52:07,240.35,50,109400
20240112,11:52:08,240.1,50,109400
20240112,11:52:09,239.7,100,109400
20240112,11:52:16,241.7,400,109400
20240112,11:52:18,242.9,50,109400
20240112,11:52:19,243.6,50,109400
20240112,11:52:22,243.45,150,109400
20240112,11:52:23,244.3,100,109400
20240112,11:52:24,243.75,50,109400
20240112,11:52:26,243.35,100,109400
20240112,11:52:27,243.0,500,109400
20240112,11:52:35,243.0,50,109400
20240112,11:52:37,242.4,50,109400
20240112,11:52:43,242.75,100,109400
20240112,11:52:50,243.55,250,109400
20240112,11:52:52,242.95,50,109400
20240112,11:53:06,243.6,50,109400
20240112,11:53:07,244.65,100,109400
20240112,11:53:11,245.0,500,109400
20240112,11:53:15,245.0,50,109400
20240112,11:53:23,244.6,250,109400
20240112,11:53:24,245.15,200,109400
20240112,11:53:37,245.1,100,109400
20240112,11:53:40,245.65,50,109400
20240112,11:53:51,244.85,100,116550
20240112,11:54:03,247.25,100,116550
20240112,11:54:06,245.2,50,116550
20240112,11:54:08,245.25,50,116550
20240112,11:54:12,246.45,50,116550
20240112,11:54:14,246.0,350,116550
20240112,11:54:24,245.0,250,116550
20240112,11:54:29,245.7,50,116550
20240112,11:54:42,244.9,50,116550
20240112,11:54:49,245.45,250,116550
20240112,11:54:50,245.7,50,116550
20240112,11:55:02,245.0,100,116550
20240112,11:55:03,245.7,50,116550
20240112,11:55:04,244.9,50,116550
20240112,11:55:09,245.1,50,116550
20240112,11:55:10,246.15,50,116550
20240112,11:55:15,245.95,50,116550
20240112,11:55:17,246.35,50,116550
20240112,11:55:19,246.8,100,116550
20240112,11:55:34,246.0,100,116550
20240112,11:55:49,247.95,50,116550
20240112,11:56:04,248.95,250,116550
20240112,11:56:08,247.95,50,116550
20240112,11:56:10,248.65,100,116550
20240112,11:56:11,248.35,50,116550
20240112,11:56:14,249.0,50,116550
20240112,11:56:36,246.5,300,116550
20240112,11:56:40,246.15,50,116550
20240112,11:56:43,246.1,100,116850
20240112,11:56:44,246.25,250,116850
20240112,11:56:53,246.15,100,116850
20240112,11:57:03,246.05,50,116850
20240112,11:57:04,246.2,150,116850
20240112,11:57:09,245.0,100,116850
20240112,11:57:20,246.65,100,116850
20240112,11:57:32,245.4,50,116850
20240112,11:57:33,246.6,4800,116850
20240112,11:57:44,244.55,150,116850
20240112,11:57:47,245.3,200,116850
20240112,11:57:50,244.75,50,116850
20240112,11:57:55,245.25,100,116850
20240112,11:58:10,245.35,50,116850
20240112,11:58:32,243.0,500,116850
20240112,11:58:45,244.7,50,116850
20240112,11:59:03,243.5,500,116850
20240112,11:59:06,243.2,150,116850
20240112,11:59:14,242.85,100,116850
20240112,11:59:21,245.0,200,116850
20240112,11:59:27,246.0,100,116850
20240112,11:59:28,245.6,50,116850
20240112,12:00:03,246.95,250,115600
20240112,12:00:05,246.95,100,115600
20240112,12:00:11,246.3,50,115600
20240112,12:00:12,246.4,50,115600
20240112,12:00:17,247.0,300,115600
20240112,12:00:28,247.5,250,115600
20240112,12:00:29,248.05,150,115600
20240112,12:00:34,249.0,50,115600
20240112,12:00:41,249.8,50,115600
20240112,12:00:44,249.45,200,115600
20240112,12:00:47,249.35,50,115600
20240112,12:01:01,249.5,50,115600
20240112,12:01:02,249.55,200,115600
20240112,12:01:03,251.0,350,115600
20240112,12:01:04,251.0,50,115600
20240112,12:01:05,251.4,150,115600
20240112,12:01:08,251.4,250,115600
20240112,12:01:10,252.0,650,115600
20240112,12:01:16,250.85,100,115600
20240112,12:01:17,251.55,50,115600
20240112,12:01:21,249.8,50,115600
20240112,12:01:22,250.15,400,115600
20240112,12:01:23,252.0,500,115600
20240112,12:01:25,251.9,50,115600
20240112,12:01:27,253.0,200,115600
20240112,12:01:28,253.45,100,115600
20240112,12:01:31,252.15,50,115600
20240112,12:01:32,252.85,200,115600
20240112,12:01:33,252.95,50,115600
20240112,12:01:34,253.8,50,115600
20240112,12:01:38,252.6,50,115600
20240112,12:01:38,252.4,50,115600
20240112,12:01:56,253.05,800,115600
20240112,12:01:58,252.25,150,115600
20240112,12:01:59,252.15,50,115600
20240112,12:02:02,252.45,50,115600
20240112,12:02:03,251.95,100,115600
20240112,12:02:05,252.2,50,115600
20240112,12:02:12,253.7,400,115600
20240112,12:02:13,254.4,50,115600
20240112,12:02:16,254.65,50,115600
20240112,12:02:21,255.55,50,115600
20240112,12:02:23,255.65,100,115600
20240112,12:02:24,255.5,300,115600
20240112,12:02:25,255.75,50,115600
20240112,12:02:26,256.0,450,115600
20240112,12:02:27,256.05,50,115600
20240112,12:02:28,255.2,300,115600
20240112,12:02:34,254.8,200,115600
20240112,12:02:35,255.1,100,115600
20240112,12:02:36,254.1,350,115600
20240112,12:02:37,255.1,600,115600
20240112,12:02:38,255.3,200,115600
20240112,12:02:40,255.1,250,115600
20240112,12:02:40,254.05,50,115600
20240112,12:02:41,254.45,150,115600
20240112,12:02:43,254.75,200,115600
20240112,12:03:00,252.2,100,114100
20240112,12:03:02,252.45,600,114100
20240112,12:03:05,252.5,50,114100
20240112,12:03:07,252.65,100,114100
20240112,12:03:13,254.35,150,114100
20240112,12:03:16,254.15,100,114100
20240112,12:03:17,255.35,550,114100
20240112,12:03:19,255.7,50,114100
20240112,12:03:20,255.7,300,114100
20240112,12:03:24,257.0,1450,114100
20240112,12:03:25,256.75,200,114100
20240112,12:03:27,257.95,100,114100
20240112,12:03:28,258.0,100,114100
20240112,12:03:32,258.0,50,114100
20240112,12:03:33,258.95,250,114100
20240112,12:03:35,258.55,250,114100
20240112,12:03:37,259.0,200,114100
20240112,12:03:38,259.35,50,114100
20240112,12:03:39,260.0,100,114100
20240112,12:03:40,259.8,150,114100
20240112,12:03:42,260.7,50,114100
20240112,12:03:44,261.05,100,114100
20240112,12:03:47,262.6,100,114100
20240112,12:03:48,262.85,50,114100
20240112,12:03:49,261.55,150,114100
20240112,12:03:51,261.8,150,114100
20240112,12:03:52,261.55,50,114100
20240112,12:03:53,263.0,100,114100
20240112,12:03:57,262.85,100,114100
20240112,12:03:59,262.85,50,114100
20240112,12:04:00,262.9,100,114100
20240112,12:04:02,261.7,350,114100
20240112,12:04:05,260.1,350,114100
20240112,12:04:06,260.05,250,114100
20240112,12:04:09,260.85,50,114100
20240112,12:04:11,260.9,350,114100
20240112,12:04:15,259.15,50,114100
20240112,12:04:17,258.0,100,114100
20240112,12:04:19,257.6,50,114100
20240112,12:04:24,259.65,250,114100
20240112,12:04:25,260.55,50,114100
20240112,12:04:29,259.7,50,114100
20240112,12:04:35,256.9,50,114100
20240112,12:04:43,257.15,1800,114100
20240112,12:04:44,256.55,50,114100
20240112,12:04:46,256.1,50,114100
20240112,12:04:55,259.55,150,114100
20240112,12:05:01,257.95,600,114100
20240112,12:05:02,258.55,50,114100
20240112,12:05:11,258.25,50,114100
20240112,12:05:15,260.2,250,114100
20240112,12:05:17,261.15,50,114100
20240112,12:05:19,261.05,200,114100
20240112,12:05:21,260.6,100,114100
20240112,12:05:25,259.95,100,114100
20240112,12:05:27,260.55,750,114100
20240112,12:05:33,259.3,100,114100
20240112,12:05:37,260.1,250,114100
20240112,12:05:38,259.0,50,114100
20240112,12:05:39,258.8,50,114100
20240112,12:05:40,258.85,50,114100
20240112,12:05:52,259.0,250,113000
20240112,12:05:56,260.0,50,113000
20240112,12:05:58,259.4,100,113000
20240112,12:06:01,260.05,100,113000
20240112,12:06:03,260.8,150,113000
20240112,12:06:06,261.05,100,113000
20240112,12:06:11,261.5,50,113000
20240112,12:06:12,261.75,150,113000
20240112,12:06:14,263.1,250,113000
20240112,12:06:15,262.2,250,113000
20240112,12:06:16,262.8,700,113000
20240112,12:06:17,262.9,50,113000
20240112,12:06:19,262.75,250,113000
20240112,12:06:20,262.5,150,113000
20240112,12:06:22,262.05,300,113000
20240112,12:06:24,261.2,450,113000
20240112,12:06:25,262.7,400,113000
20240112,12:06:26,262.35,50,113000
20240112,12:06:34,262.8,500,113000
20240112,12:06:34,262.8,50,113000
20240112,12:06:39,261.85,100,113000
20240112,12:06:49,262.9,50,113000
20240112,12:06:53,264.35,100,113000
20240112,12:06:55,264.1,150,113000
20240112,12:06:56,264.2,400,113000
20240112,12:06:58,265.15,100,113000
20240112,12:07:02,265.15,250,113000
20240112,12:07:02,265.7,1150,113000
20240112,12:07:03,265.0,100,113000
20240112,12:07:04,265.55,300,113000
20240112,12:07:06,265.25,50,113000
20240112,12:07:07,264.4,100,113000
20240112,12:07:08,263.65,100,113000
20240112,12:07:09,263.7,50,113000
20240112,12:07:12,261.75,350,113000
20240112,12:07:16,263.45,150,113000
20240112,12:07:25,261.0,100,113000
20240112,12:07:28,260.2,250,113000
20240112,12:07:30,258.45,150,113000
20240112,12:07:33,258.1,100,113000
20240112,12:07:34,258.15,350,113000
20240112,12:07:37,257.95,50,113000
20240112,12:07:40,256.25,50,113000
20240112,12:07:41,255.5,300,113000
20240112,12:07:43,255.35,150,113000
20240112,12:07:46,254.7,650,113000
20240112,12:07:50,257.1,100,113000
20240112,12:07:51,256.7,100,113000
20240112,12:07:53,256.35,1450,113000
20240112,12:07:56,255.9,250,113000
20240112,12:07:59,256.85,450,113000
20240112,12:08:01,255.15,50,113000
20240112,12:08:06,252.95,100,113000
20240112,12:08:07,252.0,400,113000
20240112,12:08:09,251.85,250,113000
20240112,12:08:11,254.5,700,113000
20240112,12:08:14,253.0,100,113000
20240112,12:08:16,254.1,50,113000
20240112,12:08:17,253.55,50,113000
20240112,12:08:20,254.7,250,113000
20240112,12:08:21,253.7,50,113000
20240112,12:08:32,251.5,50,113000
20240112,12:08:38,251.9,50,113000
20240112,12:08:40,253.2,650,113000
20240112,12:08:43,251.85,100,113000
20240112,12:08:45,252.3,500,112950
20240112,12:08:46,252.25,50,112950
20240112,12:08:47,252.55,100,112950
20240112,12:08:48,252.65,100,112950
20240112,12:08:59,252.65,50,112950
20240112,12:09:02,252.65,50,112950
20240112,12:09:03,251.0,100,112950
20240112,12:09:05,252.8,200,112950
20240112,12:09:07,253.15,50,112950
20240112,12:09:10,254.85,50,112950
20240112,12:09:22,253.95,50,112950
20240112,12:09:23,254.85,50,112950
20240112,12:09:35,257.9,150,112950
20240112,12:09:39,256.95,50,112950
20240112,12:09:42,258.0,1150,112950
20240112,12:09:45,259.15,50,112950
20240112,12:09:46,258.65,50,112950
20240112,12:09:49,258.25,50,112950
20240112,12:09:50,257.9,200,112950
20240112,12:09:53,257.6,50,112950
20240112,12:10:02,257.85,600,112950
20240112,12:10:03,258.45,150,112950
20240112,12:10:04,257.7,50,112950
20240112,12:10:17,254.6,100,112950
20240112,12:10:34,254.0,100,112950
20240112,12:10:40,253.9,50,112950
20240112,12:10:49,254.6,1000,112950
20240112,12:10:51,252.7,150,112950
20240112,12:10:53,253.6,50,112950
20240112,12:11:01,252.0,100,112950
20240112,12:11:05,252.75,50,112950
20240112,12:11:09,253.55,150,112950
20240112,12:11:37,256.6,100,112950
20240112,12:11:39,256.8,250,112950
20240112,12:11:41,257.0,200,112950
20240112,12:11:46,258.2,50,112100
20240112,12:11:47,258.2,50,112100
20240112,12:11:48,258.9,50,112100
20240112,12:11:59,259.25,150,112100
20240112,12:12:01,258.0,50,112100
20240112,12:12:04,259.05,250,112100
20240112,12:12:08,259.4,50,112100
20240112,12:12:16,259.95,100,112100
20240112,12:12:20,260.25,100,112100
20240112,12:12:22,259.5,100,112100
20240112,12:12:34,258.65,50,112100
20240112,12:12:37,258.05,300,112100
20240112,12:12:42,255.6,100,112100
20240112,12:12:44,256.9,50,112100
20240112,12:13:00,257.25,50,112100
20240112,12:13:09,255.3,100,112100
20240112,12:13:24,254.25,100,112100
20240112,12:13:25,253.5,1100,112100
20240112,12:13:26,253.0,500,112100
20240112,12:13:31,252.75,50,112100
20240112,12:13:38,251.9,50,112100
20240112,12:13:48,251.2,100,112100
20240112,12:13:53,251.45,50,112100
20240112,12:14:02,252.1,100,112100
20240112,12:14:49,254.8,250,112100
20240112,12:14:52,255.3,50,112650
20240112,12:14:55,254.6,50,112650
20240112,12:14:56,255.3,1050,112650
20240112,12:15:03,254.45,300,112650
20240112,12:15:06,253.85,1000,112650
20240112,12:15:10,252.95,50,112650
20240112,12:15:27,251.65,350,112650
20240112,12:15:31,251.35,50,112650
20240112,12:15:40,252.8,150,112650
20240112,12:15:44,254.05,500,112650
20240112,12:15:46,253.85,150,112650
20240112,12:15:47,254.25,50,112650
20240112,12:15:48,255.05,250,112650
20240112,12:15:48,254.7,50,112650
20240112,12:15:54,256.0,300,112650
20240112,12:15:57,255.75,50,112650
20240112,12:15:58,254.85,50,112650
20240112,12:16:18,254.4,100,112650
20240112,12:16:39,253.95,150,112650
20240112,12:16:54,253.55,50,112650
20240112,12:17:07,254.35,50,112650
20240112,12:17:40,252.8,250,112650
20240112,12:17:54,252.55,50,113250
20240112,12:18:02,251.0,150,113250
20240112,12:18:04,250.55,100,113250
20240112,12:18:06,250.15,550,113250
20240112,12:18:07,250.2,150,113250
20240112,12:18:08,250.85,50,113250
20240112,12:18:09,249.8,50,113250
20240112,12:18:10,250.8,250,113250
20240112,12:18:12,249.5,50,113250
20240112,12:18:13,250.3,50,113250
20240112,12:18:24,250.35,300,113250
20240112,12:18:27,249.85,150,113250
20240112,12:18:37,248.8,400,113250
20240112,12:18:42,251.7,50,113250
20240112,12:18:43,253.2,400,113250
20240112,12:18:44,252.8,150,113250
20240112,12:18:46,253.0,50,113250
20240112,12:18:50,255.0,200,113250
20240112,12:18:53,255.95,400,113250
20240112,12:19:02,254.9,50,113250
20240112,12:19:11,256.0,300,113250
20240112,12:19:21,254.55,50,113250
20240112,12:19:47,250.9,100,113250
20240112,12:19:48,250.5,50,113250
20240112,12:19:51,251.5,150,113250
20240112,12:20:01,251.45,150,113250
20240112,12:20:10,251.25,50,113250
20240112,12:20:15,252.7,50,113250
20240112,12:20:21,253.65,150,113250
20240112,12:20:26,253.9,50,113250
20240112,12:20:34,254.6,200,113250
20240112,12:20:36,254.0,200,113250
20240112,12:20:40,253.2,50,113250
20240112,12:21:03,251.95,50,113800
20240112,12:21:09,251.0,100,113800
20240112,12:21:45,253.2,50,113800
20240112,12:21:53,256.0,50,113800
20240112,12:21:57,256.65,250,113800
20240112,12:22:05,255.85,50,113800
20240112,12:22:15,256.2,50,113800
20240112,12:22:31,254.6,100,113800
20240112,12:22:34,254.2,50,113800
20240112,12:22:39,253.45,500,113800
20240112,12:22:40,254.1,100,113800
20240112,12:22:48,253.4,250,113800
20240112,12:23:16,253.4,400,113800
20240112,12:23:26,251.9,350,113800
20240112,12:23:43,252.0,100,113800
20240112,12:23:47,251.9,100,113800
20240112,12:24:12,253.1,100,113800
20240112,12:24:41,252.55,250,113800
20240112,12:24:56,252.6,300,113800
20240112,12:25:23,254.0,100,113800
20240112,12:25:47,255.5,200,113800
20240112,12:25:59,256.0,50,113800
20240112,12:26:05,255.55,50,113800
20240112,12:26:13,256.0,750,113800
20240112,12:26:18,255.85,50,113800
20240112,12:26:47,253.85,100,113800
20240112,12:26:50,253.85,50,112750
20240112,12:26:57,251.9,100,112750
20240112,12:27:20,251.15,250,112750
20240112,12:27:40,252.0,1000,112750
20240112,12:27:41,252.85,50,112750
20240112,12:27:45,252.35,50,112750
20240112,12:27:49,252.15,50,112750
20240112,12:27:54,251.95,250,112750
20240112,12:28:06,253.2,50,112750
20240112,12:28:14,253.85,3600,112750
20240112,12:28:16,253.9,250,112750
20240112,12:28:31,249.65,900,112750
20240112,12:28:32,249.25,1150,112750
20240112,12:28:35,249.8,250,112750
20240112,12:28:42,249.8,50,112750
20240112,12:28:45,252.6,300,112750
20240112,12:28:53,252.85,750,112750
20240112,12:28:58,254.15,50,112750
20240112,12:29:03,253.25,250,112750
20240112,12:29:06,253.05,50,112750
20240112,12:29:07,252.95,50,112750
20240112,12:29:49,250.65,400,114850
20240112,12:29:54,250.1,150,114850
20240112,12:30:04,247.75,150,114850
20240112,12:30:08,249.1,350,114850
20240112,12:30:09,247.65,100,114850
20240112,12:30:13,247.9,50,114850
20240112,12:30:14,248.95,150,114850
20240112,12:30:15,249.0,50,114850
20240112,12:30:22,248.2,250,114850
20240112,12:30:25,248.2,250,114850
20240112,12:30:32,247.9,100,114850
20240112,12:31:05,247.9,100,114850
20240112,12:31:07,247.0,250,114850
20240112,12:31:10,246.9,200,114850
20240112,12:31:15,246.5,1850,114850
20240112,12:31:26,248.1,100,114850
20240112,12:31:44,248.4,250,114850
20240112,12:31:55,250.05,50,114850
20240112,12:32:02,249.25,250,114850
20240112,12:32:41,246.0,250,114850
20240112,12:32:48,244.0,50,117400
20240112,12:32:53,245.45,500,117400
20240112,12:32:54,245.95,50,117400
20240112,12:32:58,245.35,50,117400
20240112,12:33:00,247.45,300,117400
20240112,12:33:03,246.8,250,117400
20240112,12:33:23,244.9,150,117400
20240112,12:33:42,245.4,100,117400
20240112,12:33:43,245.55,350,117400
20240112,12:34:02,245.7,250,117400
20240112,12:34:14,248.5,100,117400
20240112,12:34:16,249.75,100,117400
20240112,12:34:22,248.8,250,117400
20240112,12:34:40,250.0,50,117400
20240112,12:34:42,251.45,50,117400
20240112,12:34:43,251.5,350,117400
20240112,12:34:48,251.45,50,117400
20240112,12:35:16,253.0,350,117400
