date,time,tick_price,volume,open_interest
20231103,14:58:34,56.75,300,300
20231103,15:27:15,57.7,100,300
20231109,11:42:43,32.65,1,400
20231109,11:42:43,32.65,50,400
20231109,11:43:57,38.25,150,400
20231109,11:46:08,38.3,50,550
20231109,11:49:01,38.45,50,600
20231109,12:21:03,38.45,250,650
20231109,15:29:13,38.0,50,900
20231110,14:49:41,39.95,1,950
20231110,14:49:41,39.95,50,950
20231110,14:59:15,39.5,50,950
20231110,15:05:51,38.65,50,950
20231115,10:25:11,30.0,1,950
20231115,10:25:11,30.0,250,950
20231122,10:07:17,23.3,1,950
20231122,10:07:17,23.3,50,950
20231122,10:11:43,23.3,50,900
20231122,10:23:05,23.0,50,900
20231122,11:26:55,23.0,50,900
20231122,11:58:52,23.0,300,900
20231122,11:58:59,22.4,750,900
20231122,11:59:06,21.95,550,900
20231122,12:02:03,21.95,50,2500
20231122,12:03:09,22.45,50,2450
20231122,12:14:22,22.35,50,2400
20231122,12:19:31,22.55,50,2350
20231122,12:25:21,23.25,50,2350
20231128,15:08:02,15.25,1,2350
20231128,15:08:02,15.25,50,2350
20231128,15:08:28,15.25,50,2350
20231128,15:09:20,15.2,50,2250
20231129,12:01:05,15.2,1,2200
20231129,12:01:05,15.2,50,2200
20231129,13:25:06,16.15,2800,2200
20231129,14:05:40,16.15,850,1350
20231218,15:05:43,3.05,1,1350
20231218,15:05:43,3.05,50,1350
20240104,11:25:12,3.05,1,1350
20240104,11:25:12,3.05,900,1350
20240116,13:30:27,1.75,1,650
20240116,13:30:27,1.75,300,650
20240117,09:18:37,1.6,1,800
20240117,09:18:37,1.6,100,800
20240117,09:54:12,1.5,250,800
20240117,09:59:36,1.5,100,750
20240117,10:00:17,1.75,100,750
20240117,10:04:14,1.45,150,750
20240117,10:17:03,1.4,50,800
20240117,10:25:45,1.4,250,800
20240117,10:27:11,1.3,250,800
20240117,10:52:52,1.3,50,800
20240117,10:58:12,1.5,50,800
20240117,11:35:14,1.7,400,750
20240117,11:49:28,1.7,50,350
20240117,12:03:47,1.7,100,300
20240117,12:15:07,1.8,150,400
20240117,13:50:11,1.9,100,550
20240118,09:19:28,1.9,1,450
20240118,09:19:28,1.9,350,450
20240118,09:20:31,1.5,200,450
20240118,09:26:05,1.5,150,1000
20240118,09:40:48,1.3,250,1000
20240118,10:05:20,1.3,50,1250
20240118,10:06:25,1.3,150,1250
20240118,10:15:09,1.3,200,1250
20240118,10:15:24,1.7,50,1250
20240118,10:17:18,1.8,100,1250
20240118,10:18:54,1.45,150,1250
20240118,10:31:51,1.35,50,1250
20240118,11:01:53,1.55,100,1250
20240118,11:41:02,1.25,200,1250
20240118,12:05:56,1.25,300,1350
20240118,12:08:30,1.25,50,1350
20240118,12:15:27,1.15,500,1350
20240118,12:16:56,1.1,100,1350
20240118,12:19:28,1.1,100,1750
20240118,12:27:36,1.05,100,1750
20240118,12:27:50,1.05,50,1750
20240118,12:28:20,1.05,150,1750
20240118,12:29:31,1.05,250,1750
20240118,12:30:11,1.0,600,1800
20240118,12:33:46,0.95,250,2200
20240118,12:34:32,0.95,650,2200
20240118,12:34:46,0.95,350,2200
20240118,12:37:31,0.95,1000,3300
20240118,12:40:44,1.0,7000,4250
20240118,12:41:55,1.0,900,4250
20240118,12:42:08,1.0,1500,13250
20240118,12:42:23,1.0,100,13250
20240118,12:43:25,0.95,800,13250
20240118,12:43:40,0.95,1450,13250
20240118,12:44:42,0.95,50,13250
20240118,12:45:26,0.95,50,16000
20240118,12:47:26,0.95,900,16000
20240118,12:47:39,0.95,1700,16000
20240118,12:47:52,0.95,1000,16000
20240118,12:48:33,1.15,200,19650
20240118,12:49:49,1.15,50,19650
20240118,12:50:18,0.95,1100,19650
20240118,12:50:33,0.95,100,19650
20240118,12:50:47,0.95,50,19650
20240118,12:55:42,1.1,250,20750
20240118,12:57:29,0.95,1000,20650
20240118,13:00:15,0.9,1500,21650
20240118,13:10:08,0.85,300,23150
20240118,13:10:21,0.85,650,23150
20240118,13:10:35,0.85,100,23150
20240118,13:13:02,0.85,250,24150
20240118,13:13:18,0.9,4400,24150
20240118,13:17:04,0.9,100,26200
20240118,13:17:17,0.9,50,26200
20240118,13:21:07,0.95,1000,26350
20240118,13:21:20,0.9,100,26350
20240118,13:21:33,0.95,1650,27450
20240118,13:21:46,0.9,550,27450
20240118,13:23:15,0.9,150,27450
20240118,13:23:28,0.9,50,27450
20240118,13:23:42,0.9,50,27450
20240118,13:25:28,0.9,50,29900
20240118,13:29:13,0.9,1550,29950
20240118,13:29:40,0.9,150,29950
20240118,13:38:54,0.85,350,31650
20240118,13:42:27,0.9,550,32000
20240118,13:42:40,0.9,100,32000
20240118,13:48:47,1.05,50,32350
20240118,13:52:48,0.85,50,32350
20240118,13:53:10,0.85,200,32350
20240118,13:53:34,1.0,300,32350
20240118,13:53:47,0.9,1650,32350
20240118,13:54:01,0.9,2650,32350
20240118,13:54:14,0.9,1500,32350
20240118,13:54:41,0.9,200,37500
20240118,13:54:54,0.95,200,37500
20240118,13:55:07,0.9,1250,37500
20240118,13:55:19,0.85,2350,37500
20240118,13:55:57,0.95,50,37500
20240118,13:56:34,0.95,100,37500
20240118,13:57:37,0.95,200,41100
20240118,14:00:01,0.95,150,41100
20240118,14:01:54,0.85,1400,41100
20240118,14:02:08,0.85,3600,41100
20240118,14:02:21,0.9,1300,41100
20240118,14:02:47,0.9,650,41100
20240118,14:03:00,0.9,200,41100
20240118,14:03:12,0.9,650,41100
20240118,14:03:37,0.9,100,46500
20240118,14:04:00,0.9,250,46500
20240118,14:04:12,0.9,200,46500
20240118,14:04:24,0.85,2450,46500
20240118,14:08:06,0.9,550,48450
20240118,14:08:19,0.9,500,48450
20240118,14:08:31,0.9,300,48450
20240118,14:10:29,0.9,250,48450
20240118,14:11:30,0.9,250,48450
20240118,14:13:40,0.9,250,48450
20240118,14:16:15,0.85,150,48450
20240118,14:17:50,0.8,500,48450
20240118,14:20:14,0.8,150,48450
20240118,14:20:25,0.8,100,48450
20240118,14:20:50,0.8,100,48450
20240118,14:21:40,0.8,150,48450
20240118,14:27:30,0.8,350,48450
20240118,14:27:44,0.9,600,48450
20240118,14:30:30,0.9,50,48450
20240118,14:30:56,0.8,1850,48450
20240118,14:31:10,0.75,3150,48450
20240118,14:31:25,0.75,2050,48450
20240118,14:31:51,0.75,350,48450
20240118,14:32:05,0.75,1100,48450
20240118,14:32:18,0.75,2900,48450
20240118,14:32:32,0.75,50,48450
20240118,14:32:45,0.75,100,48450
20240118,14:32:58,0.7,350,48450
20240118,14:33:23,0.7,50,48450
20240118,14:33:36,0.75,200,60000
20240118,14:33:49,0.75,600,60000
20240118,14:34:01,0.8,50,60000
20240118,14:34:26,0.8,650,60000
20240118,14:34:38,0.75,150,60000
20240118,14:35:27,0.75,50,60000
20240118,14:35:51,0.8,700,60000
20240118,14:36:02,0.75,1650,60000
20240118,14:36:15,0.75,1800,60000
20240118,14:36:26,0.75,1600,65750
20240118,14:36:38,0.75,1450,65750
20240118,14:36:49,0.75,1650,65750
20240118,14:37:01,0.75,1550,65750
20240118,14:37:13,0.75,1700,65750
20240118,14:37:26,0.75,1700,65750
20240118,14:37:39,0.7,1750,65750
20240118,14:37:51,0.7,1800,65750
20240118,14:38:05,0.7,13800,65750
20240118,14:38:18,0.65,2500,65750
20240118,14:38:31,0.65,50,65750
20240118,14:38:44,0.65,15450,65750
20240118,14:38:58,0.65,10500,65750
20240118,14:39:12,0.6,7200,65750
20240118,14:39:26,0.6,1900,119100
20240118,14:39:39,0.7,5500,119100
20240118,14:40:04,0.7,5200,119100
20240118,14:40:17,0.7,500,119100
20240118,14:40:42,0.7,1800,119100
20240118,14:42:23,0.7,250,119100
20240118,14:42:39,0.7,250,120600
20240118,14:42:54,0.7,250,120600
20240118,14:45:24,0.65,650,120600
20240118,14:48:26,0.75,900,120600
20240118,14:52:45,0.75,250,120600
20240118,14:53:40,0.75,100,120600
20240118,14:54:08,0.75,200,120600
20240118,14:55:05,0.75,250,120600
20240118,14:55:18,0.75,250,120600
20240118,14:55:33,0.75,250,120600
20240118,14:56:39,0.65,100,120600
20240118,14:56:53,0.75,850,120600
20240118,14:58:51,0.65,50,120600
20240118,15:00:48,0.75,50,120600
20240118,15:03:43,0.75,600,120600
20240118,15:09:22,0.7,50,120600
20240118,15:10:29,0.75,200,120600
20240118,15:13:25,0.75,50,120600
20240118,15:14:36,0.75,150,120600
20240118,15:17:10,0.7,50,120600
20240118,15:17:23,0.7,100,120600
20240118,15:18:45,0.7,200,120600
20240118,15:19:12,0.7,100,120600
20240118,15:19:27,0.7,350,120600
20240118,15:19:56,0.7,250,120600
20240118,15:21:18,0.7,300,120600
20240118,15:22:14,0.7,9000,120600
20240118,15:23:36,0.7,100,120600
20240118,15:24:46,0.75,600,120600
20240118,15:24:59,0.7,300,120600
20240118,15:25:27,0.65,500,120600
20240118,15:25:41,0.7,450,120600
20240118,15:25:55,0.65,550,120600
20240118,15:29:08,0.7,50,120600
20240118,15:29:23,0.7,150,120600
20240118,15:29:37,0.65,250,120600
20240118,15:29:52,0.65,600,120600
20240118,15:30:03,0.65,350,120600
20240119,09:15:03,0.7,1,120600
20240119,09:15:03,0.7,50,120600
20240119,09:15:05,0.75,300,120600
20240119,09:15:07,0.75,350,120600
20240119,09:15:08,0.75,50,120600
20240119,09:15:10,0.75,50,120600
20240119,09:15:11,0.75,600,120600
20240119,09:15:12,0.75,5450,120600
20240119,09:15:14,0.8,50,120600
20240119,09:15:15,0.8,2500,120600
20240119,09:15:18,0.8,450,120600
20240119,09:15:20,0.8,1850,120600
20240119,09:15:21,0.8,3600,120600
20240119,09:15:22,0.8,1800,120600
20240119,09:15:24,0.8,1800,120600
20240119,09:15:31,0.8,100,120600
20240119,09:15:33,0.8,1000,120600
20240119,09:15:53,0.8,50,120600
20240119,09:16:00,0.8,1800,120600
20240119,09:16:01,0.8,1800,120600
20240119,09:16:03,0.8,3600,120600
20240119,09:16:11,0.8,50,120600
20240119,09:16:13,0.8,250,120600
20240119,09:16:17,0.8,200,120600
20240119,09:16:20,0.75,250,120600
20240119,09:16:33,0.75,100,120600
20240119,09:16:35,0.75,800,120600
20240119,09:16:38,0.75,1650,120600
20240119,09:16:39,0.75,100,120600
20240119,09:16:43,0.8,50,120600
20240119,09:16:52,0.8,150,120600
20240119,09:17:04,0.8,100,120600
20240119,09:17:16,0.8,500,120600
20240119,09:17:17,0.7,1800,120600
20240119,09:17:25,0.8,250,120600
20240119,09:17:31,0.8,300,122450
20240119,09:17:35,0.8,100,122450
20240119,09:17:43,0.8,200,122450
20240119,09:17:44,0.8,1200,122450
20240119,09:17:47,0.8,300,122450
20240119,09:18:04,0.8,50,122450
20240119,09:18:26,0.85,250,122450
20240119,09:18:48,0.85,10000,122450
20240119,09:18:50,0.85,1150,122450
20240119,09:18:56,0.9,50,122450
20240119,09:19:12,0.9,350,122450
20240119,09:19:23,0.85,100,122450
20240119,09:19:29,0.85,150,122450
20240119,09:19:51,0.85,250,122450
20240119,09:19:58,0.85,50,122450
20240119,09:20:07,0.85,250,122450
20240119,09:20:08,0.85,1200,122450
20240119,09:20:37,0.9,50,123950
20240119,09:20:43,0.85,50,123950
20240119,09:21:11,0.9,150,123950
20240119,09:21:14,0.8,100,123950
20240119,09:21:15,0.9,50,123950
20240119,09:22:16,0.85,250,123950
20240119,09:23:12,0.8,150,123950
20240119,09:23:49,0.85,50,123950
20240119,09:23:56,0.85,50,123900
20240119,09:23:57,0.85,250,123900
20240119,09:24:47,0.85,50,123900
20240119,09:24:53,0.85,250,123900
20240119,09:25:58,0.85,250,123900
20240119,09:26:11,0.9,50,123900
20240119,09:26:12,0.85,250,123900
20240119,09:26:56,0.85,100,123900
20240119,09:27:24,0.85,50,123100
20240119,09:27:51,0.9,100,123100
20240119,09:27:53,0.85,1750,123100
20240119,09:28:02,0.9,250,123100
20240119,09:28:05,0.9,1800,123100
20240119,09:28:06,0.9,1800,123100
20240119,09:28:07,0.9,1800,123100
20240119,09:28:08,0.9,200,123100
20240119,09:28:10,0.85,100,123100
20240119,09:28:11,0.9,1800,123100
20240119,09:28:23,0.9,550,123100
20240119,09:28:36,0.9,850,123100
20240119,09:29:02,0.9,50,123100
20240119,09:29:05,0.9,5450,123100
20240119,09:29:06,0.95,2300,123100
20240119,09:29:14,0.95,150,123100
20240119,09:29:38,0.9,200,121000
20240119,09:29:44,0.95,1800,121000
20240119,09:29:45,0.95,300,121000
20240119,09:29:48,0.95,50,121000
20240119,09:29:52,0.95,200,121000
20240119,09:30:12,0.95,1500,121000
20240119,09:30:15,0.9,100,121000
20240119,09:30:19,0.95,1500,121000
20240119,09:30:21,0.95,1500,121000
20240119,09:30:22,0.95,1100,121000
20240119,09:30:26,1.0,550,121000
20240119,09:30:33,0.95,50,121000
20240119,09:30:51,0.95,50,121000
20240119,09:30:54,1.0,500,121000
20240119,09:30:54,1.0,350,121000
20240119,09:30:55,1.0,200,121000
20240119,09:31:00,1.0,900,121000
20240119,09:31:02,1.0,50,121000
20240119,09:31:48,1.0,50,121000
20240119,09:31:48,1.0,500,121000
20240119,09:31:50,1.0,1200,121000
20240119,09:32:06,1.0,500,121000
20240119,09:32:36,1.0,100,122700
20240119,09:33:08,1.05,50,122700
20240119,09:33:15,1.05,1000,122700
20240119,09:33:25,1.05,500,122700
20240119,09:33:39,0.95,50,122700
20240119,09:34:04,1.0,900,122700
20240119,09:34:06,1.05,300,122700
20240119,09:34:25,1.0,350,122700
20240119,09:34:30,1.0,50,122700
20240119,09:34:53,0.9,500,122700
20240119,09:35:13,1.0,50,122700
20240119,09:35:16,0.9,400,122700
20240119,09:35:20,1.0,1800,122700
20240119,09:35:33,0.9,50,122550
20240119,09:35:39,0.95,2800,122550
20240119,09:35:57,0.95,200,122550
20240119,09:36:06,0.95,50,122550
20240119,09:36:08,0.95,50,122550
20240119,09:36:20,0.95,100,122550
20240119,09:36:41,0.95,50,122550
20240119,09:36:48,0.95,50,122550
20240119,09:37:03,0.9,850,122550
20240119,09:37:20,0.9,1800,122550
20240119,09:37:22,0.9,50,122550
20240119,09:37:23,0.95,2950,122550
20240119,09:37:30,0.95,250,122550
20240119,09:37:32,0.95,450,122550
20240119,09:37:40,1.0,50,122550
20240119,09:37:41,1.0,50,122550
20240119,09:37:42,0.9,100,122550
20240119,09:37:44,0.95,50,122550
20240119,09:37:47,0.95,500,122550
20240119,09:37:48,0.95,100,122550
20240119,09:37:49,0.95,50,122550
20240119,09:37:54,0.9,50,122550
20240119,09:37:59,0.95,500,122550
20240119,09:38:08,0.9,250,122550
20240119,09:38:09,0.95,100,122550
20240119,09:38:27,0.9,50,122550
20240119,09:38:31,0.95,250,124000
20240119,09:39:21,0.95,50,124000
20240119,09:39:23,0.95,50,124000
20240119,09:39:40,0.9,250,124000
20240119,09:39:41,0.9,1500,124000
20240119,09:40:02,0.9,1800,124000
20240119,09:40:25,0.9,50,124000
20240119,09:40:47,0.9,700,124000
20240119,09:40:48,0.9,50,124000
20240119,09:40:52,0.9,150,124000
20240119,09:40:54,0.9,50,124000
20240119,09:41:00,0.9,100,124000
20240119,09:41:15,0.85,1100,124000
20240119,09:41:26,0.85,550,124000
20240119,09:41:33,0.9,50,121650
20240119,09:41:35,0.9,50,121650
20240119,09:41:39,0.9,350,121650
20240119,09:42:31,0.9,200,121650
20240119,09:42:37,0.95,800,121650
20240119,09:42:46,0.95,350,121650
20240119,09:42:55,0.85,500,121650
20240119,09:43:31,0.85,50,121650
20240119,09:44:01,0.85,100,121650
20240119,09:45:16,0.9,250,121650
20240119,09:45:39,0.85,100,121650
20240119,09:45:41,0.85,50,121650
20240119,09:46:25,0.9,50,121650
20240119,09:47:05,0.9,50,121650
20240119,09:47:18,0.85,1500,121650
20240119,09:47:30,0.9,50,122500
20240119,09:48:45,0.9,50,122500
20240119,09:49:02,0.9,50,122500
20240119,09:49:32,0.85,50,122500
20240119,09:50:00,0.9,50,122500
20240119,09:51:37,0.85,250,122650
20240119,09:52:03,0.85,50,122650
20240119,09:52:12,0.85,500,122650
20240119,09:52:39,0.85,450,122650
20240119,09:53:47,0.9,750,122550
20240119,09:53:50,0.9,250,122550
20240119,09:54:22,0.9,150,122550
20240119,09:55:46,0.9,50,122550
20240119,09:56:02,0.85,50,122550
20240119,09:56:17,0.85,800,122550
20240119,09:57:04,0.85,100,122550
20240119,09:57:50,0.85,50,123000
20240119,09:58:16,0.9,50,123000
20240119,09:58:29,0.85,50,123000
20240119,09:58:30,0.85,100,123000
20240119,09:58:58,0.85,50,123000
20240119,09:59:06,0.85,300,123000
20240119,09:59:54,0.85,50,123000
20240119,10:00:53,0.85,1350,122500
20240119,10:02:02,0.85,100,122500
20240119,10:02:20,0.85,600,122500
20240119,10:02:28,0.85,50,122500
20240119,10:02:38,0.9,50,122450
20240119,10:04:22,0.85,50,122450
20240119,10:07:32,0.85,850,122450
20240119,10:08:20,0.85,50,122450
20240119,10:08:26,0.9,100,122450
20240119,10:08:55,0.9,50,122450
20240119,10:09:30,0.9,100,122450
20240119,10:09:33,0.85,200,122450
20240119,10:09:46,0.85,500,122450
20240119,10:10:32,0.9,50,122450
20240119,10:11:39,0.85,100,122450
20240119,10:13:05,0.9,50,122450
20240119,10:13:52,0.9,50,122450
20240119,10:14:51,0.85,50,122450
20240119,10:15:14,0.9,50,122450
20240119,10:15:51,0.9,500,122450
20240119,10:16:05,0.9,400,122450
20240119,10:16:06,0.9,150,122450
20240119,10:16:51,0.9,50,122450
20240119,10:17:01,0.85,500,122450
20240119,10:17:25,0.85,850,122450
20240119,10:17:45,0.9,900,122450
20240119,10:19:01,0.9,50,122450
20240119,10:19:56,0.85,100,122450
20240119,10:20:16,0.9,50,122450
20240119,10:20:19,0.85,100,122450
20240119,10:20:28,0.9,350,122450
20240119,10:21:15,0.9,1000,122750
20240119,10:21:16,0.9,1100,122750
20240119,10:21:17,0.9,50,122750
20240119,10:21:32,0.9,50,122750
20240119,10:22:52,0.85,50,122750
20240119,10:23:08,0.85,50,122750
20240119,10:23:57,0.85,50,122750
20240119,10:24:02,0.9,300,122650
20240119,10:24:09,0.95,2000,122650
20240119,10:24:25,0.95,200,122650
20240119,10:24:53,0.85,200,122650
20240119,10:25:05,0.95,3150,122650
20240119,10:25:13,0.95,100,122650
20240119,10:25:38,0.9,50,122650
20240119,10:25:44,0.95,850,122650
20240119,10:26:03,0.95,100,122650
20240119,10:27:32,0.95,200,122750
20240119,10:27:47,0.9,100,122750
20240119,10:28:14,0.9,50,122750
20240119,10:29:05,0.95,700,122750
20240119,10:29:08,0.95,1600,122750
20240119,10:29:11,1.0,1850,122750
20240119,10:29:12,1.0,1800,122750
20240119,10:29:14,1.0,1800,122750
20240119,10:29:15,1.0,1800,122750
20240119,10:30:48,0.85,1200,122750
20240119,10:31:19,1.0,600,125400
20240119,10:31:42,0.95,1050,125400
20240119,10:32:13,0.95,500,125400
20240119,10:32:15,0.95,600,125400
20240119,10:32:16,0.95,650,125400
20240119,10:32:18,1.0,150,125400
20240119,10:32:20,1.0,100,125400
20240119,10:32:39,1.0,100,124000
20240119,10:33:04,1.0,50,124000
20240119,10:35:12,1.0,100,124000
20240119,10:35:59,1.0,50,124000
20240119,10:36:15,0.95,1100,124100
20240119,10:36:26,0.95,500,124100
20240119,10:36:57,0.85,50,124100
20240119,10:39:12,0.9,2400,123050
20240119,10:41:22,0.9,250,123050
20240119,10:42:39,0.9,150,122350
20240119,10:44:46,0.9,1750,122350
20240119,10:44:47,0.9,50,122300
20240119,10:45:02,0.9,50,122300
20240119,10:45:43,0.85,200,122300
20240119,10:47:18,0.9,250,122300
20240119,10:47:20,0.9,150,122300
20240119,10:49:21,0.9,500,121850
20240119,10:50:18,0.85,50,121850
20240119,10:52:39,0.85,150,121900
20240119,10:53:51,0.9,250,121750
20240119,10:54:28,0.9,50,121750
20240119,10:55:52,0.85,250,121750
20240119,10:56:26,0.9,50,121750
20240119,10:57:54,0.9,250,121850
20240119,11:04:47,0.85,50,122100
20240119,11:05:29,0.85,50,122100
20240119,11:06:50,0.85,1500,122000
20240119,11:07:28,0.9,50,122000
20240119,11:07:59,0.85,50,122000
20240119,11:08:20,0.85,450,122000
20240119,11:11:29,0.85,100,122500
20240119,11:14:04,0.85,100,122500
20240119,11:14:27,0.8,50,122600
20240119,11:15:14,0.8,50,122600
20240119,11:21:16,0.8,100,122600
20240119,11:25:09,0.85,500,122550
20240119,11:25:57,0.8,500,122550
20240119,11:29:39,0.8,100,122550
20240119,11:29:49,0.85,200,122600
20240119,11:32:58,0.85,50,122600
20240119,11:34:49,0.85,100,122600
20240119,11:35:22,0.8,50,122600
20240119,11:35:38,0.8,1000,122600
20240119,11:39:01,0.8,50,122600
20240119,11:45:31,0.85,50,122600
20240119,11:46:13,0.8,100,122600
20240119,11:48:27,0.8,300,122600
20240119,11:50:11,0.85,100,122600
20240119,11:50:22,0.8,50,122600
20240119,11:57:10,0.85,50,122600
20240119,11:57:29,0.8,50,122600
20240119,11:57:43,0.85,700,122600
20240119,11:58:17,0.8,500,122600
20240119,11:58:20,0.85,50,122600
20240119,12:00:51,0.75,500,122800
20240119,12:01:03,0.8,200,122800
20240119,12:01:50,0.8,50,122800
20240119,12:05:19,0.85,150,122800
20240119,12:07:35,0.85,600,122350
20240119,12:08:15,0.8,50,122350
20240119,12:09:08,0.8,150,122300
20240119,12:09:39,0.85,50,122300
20240119,12:10:07,0.85,1550,122300
20240119,12:10:11,0.85,50,122300
20240119,12:10:14,0.85,50,122300
20240119,12:10:38,0.85,50,122300
20240119,12:11:54,0.85,600,122300
20240119,12:12:17,0.85,500,123600
20240119,12:13:56,0.85,500,123600
20240119,12:15:40,0.85,200,123000
20240119,12:16:03,0.8,50,123000
20240119,12:16:48,0.85,50,123000
20240119,12:16:54,0.85,500,123000
20240119,12:17:33,0.8,50,123000
20240119,12:25:15,0.85,900,123400
20240119,12:26:52,0.8,1900,123400
20240119,12:31:19,0.85,50,123400
20240119,12:31:49,0.85,50,122750
20240119,12:36:27,0.85,150,122750
20240119,12:37:31,0.85,150,122800
20240119,12:41:37,0.85,900,122800
20240119,12:42:25,0.8,50,123050
20240119,12:44:43,0.85,800,123050
20240119,12:45:52,0.85,50,123050
20240119,12:46:33,0.8,50,123400
20240119,12:46:36,0.85,50,123400
20240119,12:54:27,0.85,50,123400
20240119,12:54:39,0.85,50,123500
20240119,12:54:53,0.9,100,123500
20240119,12:57:32,0.85,50,123500
20240119,12:57:58,0.85,350,123500
20240119,12:58:46,0.85,800,123500
20240119,12:58:48,0.85,50,123500
20240119,12:59:51,0.85,50,123500
20240119,13:15:42,0.85,50,122550
20240119,13:15:52,0.85,50,122550
20240119,13:16:31,0.8,800,122550
20240119,13:16:47,0.85,50,122550
20240119,13:27:07,0.85,50,122550
20240119,13:27:56,0.85,150,122550
20240119,13:28:46,0.85,400,122550
20240119,13:29:01,0.85,50,122550
20240119,13:29:03,0.85,100,122550
20240119,13:29:13,0.85,50,122550
20240119,13:30:35,0.85,150,122550
20240119,13:32:51,0.85,50,122550
20240119,13:32:55,0.85,200,122550
20240119,13:34:24,0.85,600,122550
20240119,13:34:31,0.8,100,122550
20240119,13:34:42,0.85,300,122550
20240119,13:35:02,0.85,50,122550
20240119,13:36:04,0.8,100,122950
20240119,13:36:39,0.85,200,122950
20240119,13:39:32,0.85,300,122950
20240119,13:40:05,0.8,900,122950
20240119,13:50:19,0.85,150,122850
20240119,13:59:30,0.85,50,122850
20240119,14:11:37,0.85,250,122850
20240119,14:11:54,0.85,300,122850
20240119,14:16:41,0.85,100,123050
20240119,14:30:25,0.85,50,123150
20240119,14:32:05,0.85,1500,123150
20240119,14:33:05,0.85,1550,123150
20240119,14:33:47,0.85,50,123150
20240119,14:34:06,0.85,50,122850
20240119,14:34:16,0.85,50,122850
20240119,14:36:57,0.85,50,122850
20240119,14:38:53,0.85,250,122450
20240119,14:40:02,0.9,300,122500
20240119,14:41:23,0.9,3800,122500
20240119,14:42:55,0.85,500,122700
20240119,14:43:04,0.9,100,122700
20240119,14:44:36,0.8,50,122700
20240119,14:45:10,0.85,250,122950
20240119,14:45:11,0.9,2350,122950
20240119,14:46:21,0.95,50,122950
20240119,14:47:14,0.85,50,122950
20240119,14:49:29,0.9,200,124250
20240119,14:49:29,0.95,2000,124250
20240119,14:49:33,0.9,500,124250
20240119,14:51:26,0.95,500,124250
20240119,14:51:45,0.9,50,124050
20240119,14:53:08,1.0,1800,124050
20240119,14:53:15,0.9,50,124050
20240119,14:54:08,0.95,2000,124050
20240119,14:55:45,1.0,200,124300
20240119,14:55:49,0.9,300,124300
20240119,14:57:34,1.0,50,124000
20240119,14:57:53,1.0,100,124000
20240119,14:58:08,1.0,450,124000
20240119,14:59:00,0.9,600,124000
20240119,14:59:03,1.0,50,124000
20240119,14:59:08,1.0,250,124000
20240119,15:01:36,1.0,50,123650
20240119,15:02:37,1.0,100,123650
20240119,15:03:49,0.9,450,123650
20240119,15:03:51,1.0,200,123650
20240119,15:03:58,0.85,50,123650
20240119,15:04:01,1.0,500,123650
20240119,15:04:02,1.0,450,123650
20240119,15:04:31,1.0,500,123650
20240119,15:04:33,0.85,50,123650
20240119,15:05:16,1.0,50,123650
20240119,15:05:29,1.0,200,123650
20240119,15:05:53,1.0,250,123650
20240119,15:06:04,0.9,50,123650
20240119,15:06:18,0.95,50,123100
20240119,15:06:20,1.0,400,123100
20240119,15:06:21,1.0,500,123100
20240119,15:06:22,1.05,300,123100
20240119,15:06:25,0.85,750,123100
20240119,15:06:41,0.9,50,123100
20240119,15:07:00,1.05,50,123100
20240119,15:07:17,0.95,200,123100
20240119,15:08:01,0.95,100,123100
20240119,15:08:37,1.05,2000,123100
20240119,15:08:39,1.0,50,123100
20240119,15:09:38,1.05,750,124100
20240119,15:09:39,1.1,100,124100
20240119,15:09:40,1.0,50,124100
20240119,15:10:00,1.0,50,124100
20240119,15:10:02,1.05,100,124100
20240119,15:10:25,1.0,50,124100
20240119,15:10:31,1.05,50,124100
20240119,15:10:59,1.0,50,124100
20240119,15:11:35,1.05,100,124100
20240119,15:11:58,1.0,100,124100
20240119,15:12:33,1.0,500,124350
20240119,15:13:06,1.05,500,124350
20240119,15:13:59,1.1,250,124350
20240119,15:15:22,1.0,50,124500
20240119,15:15:56,1.05,50,124500
20240119,15:16:10,1.1,250,124500
20240119,15:17:34,1.0,50,124500
20240119,15:17:56,1.0,250,124500
20240119,15:19:18,1.1,100,124850
20240119,15:19:40,1.0,200,124850
20240119,15:21:58,1.0,50,124850
20240119,15:22:03,1.05,300,124850
20240119,15:22:20,1.0,250,124850
20240119,15:22:21,1.0,100,124850
20240119,15:22:23,0.95,900,124850
20240119,15:22:36,1.1,500,124850
20240119,15:22:48,0.95,550,124850
20240119,15:24:31,0.95,100,123150
20240119,15:24:34,0.95,100,123150
20240119,15:25:38,0.9,50,123150
20240119,15:25:47,0.9,100,123150
20240119,15:25:50,1.1,750,123150
20240119,15:26:02,1.1,200,123150
20240119,15:26:07,0.9,50,123150
20240119,15:26:23,1.1,50,123150
20240119,15:26:28,0.9,50,123150
20240119,15:26:43,1.05,200,123150
20240119,15:26:58,1.1,350,123150
20240119,15:27:59,0.9,400,123050
20240119,15:28:00,1.1,200,123050
20240119,15:28:12,1.05,100,123050
20240119,15:28:17,1.1,100,123050
20240119,15:28:19,1.1,100,123050
20240119,15:28:20,0.85,50,123050
20240119,15:28:21,1.05,100,123050
20240119,15:28:22,1.1,100,123050
20240119,15:28:28,1.1,100,123050
20240119,15:28:29,1.1,100,123050
20240119,15:28:32,1.1,100,123050
20240119,15:28:43,1.1,50,123050
20240119,15:28:47,1.1,50,123050
20240119,15:28:48,0.85,50,123050
20240119,15:29:20,0.9,50,123050
20240119,15:29:22,0.9,50,123050
20240119,15:29:32,0.85,50,123050
20240119,15:29:40,1.0,300,123050
20240119,15:29:48,0.85,150,123050
20240120,09:15:00,1.0,1,121650
20240120,09:15:00,1.0,50,121650
20240120,09:15:09,1.35,200,121650
20240120,09:15:12,1.35,50,121650
20240120,09:15:32,1.2,50,121650
20240120,09:15:41,1.2,50,121650
20240120,09:15:44,1.05,100,121650
20240120,09:15:45,1.05,100,121650
20240120,09:16:07,1.0,50,121650
20240120,09:16:44,1.0,50,121650
20240120,09:16:59,1.05,50,121650
20240120,09:17:00,1.0,150,121650
20240120,09:17:04,1.0,50,121650
20240120,09:17:09,1.05,450,121650
20240120,09:17:16,0.95,100,121650
20240120,09:17:17,0.95,100,121650
20240120,09:17:41,0.95,50,122300
20240120,09:18:16,0.9,50,122300
20240120,09:19:07,0.9,100,122300
20240120,09:20:50,1.15,50,122350
20240120,09:22:08,1.1,100,122350
20240120,09:23:08,1.1,1000,122350
20240120,09:23:19,1.05,100,122350
20240120,09:23:30,0.9,250,122500
20240120,09:23:35,0.9,250,122500
20240120,09:29:02,0.9,50,122500
20240120,09:30:35,0.9,50,122050
20240120,09:30:37,1.05,50,122050
20240120,09:31:06,1.05,50,122050
20240120,09:32:28,1.35,2200,122050
20240120,09:32:29,0.95,200,122050
20240120,09:32:49,1.0,250,123000
20240120,09:33:31,1.0,500,123000
20240120,09:33:35,1.0,50,123000
20240120,09:33:42,1.0,500,123000
20240120,09:34:13,1.0,50,123000
20240120,09:34:46,1.0,250,123000
20240120,09:35:56,0.85,1200,122750
20240120,09:36:27,1.0,150,122750
20240120,09:37:22,1.0,50,122750
20240120,09:38:01,0.95,350,122750
20240120,09:42:47,1.0,150,122750
20240120,09:42:48,1.0,400,122150
20240120,09:43:34,0.95,500,122150
20240120,09:45:08,0.9,500,122150
20240120,09:45:17,0.95,200,122200
20240120,09:46:59,0.95,150,122200
20240120,09:47:51,0.95,300,122200
20240120,09:47:59,0.95,400,122550
20240120,09:48:17,0.95,50,122550
20240120,09:49:35,0.95,50,122550
20240120,09:52:10,0.95,50,122500
20240120,09:56:12,1.0,250,122500
20240120,09:57:45,0.9,500,122450
20240120,09:58:18,0.9,100,122700
20240120,10:00:36,0.95,50,122700
20240120,10:03:33,1.0,50,122200
20240120,10:05:10,1.0,50,122200
20240120,10:05:30,0.95,250,122200
20240120,10:09:48,0.95,50,122150
20240120,10:10:47,0.95,50,122150
20240120,10:13:26,0.95,100,122200
20240120,10:14:53,1.0,650,122200
20240120,10:17:16,0.9,450,122200
20240120,10:18:41,1.0,100,122300
20240120,10:21:45,1.0,550,122300
20240120,10:22:14,0.9,50,122300
20240120,10:29:27,1.0,50,122300
20240120,10:29:33,1.0,250,122300
20240120,10:36:49,0.95,50,122300
20240120,10:37:46,0.9,50,122300
20240120,10:37:55,0.95,500,122300
20240120,10:40:16,0.95,50,122300
20240120,10:58:35,0.95,50,122750
20240120,11:03:00,0.9,50,122750
20240120,11:10:03,0.9,50,122750
20240120,11:17:13,0.9,900,122750
20240120,11:26:07,1.0,750,122950
20240120,11:32:27,0.9,50,123100
20240120,11:37:09,1.0,1900,123100
20240120,11:37:10,1.0,3750,123100
20240120,11:37:51,1.05,300,123100
20240120,11:38:08,1.0,250,123100
20240120,11:38:15,1.0,50,123100
20240120,11:38:18,1.0,50,123100
20240120,11:38:21,1.0,50,123100
20240120,11:38:28,1.0,50,123100
20240120,11:38:38,1.0,50,123100
20240120,11:38:53,1.0,50,124750
20240120,11:39:16,1.0,50,124750
20240120,11:39:38,1.0,50,124750
20240120,11:39:47,1.05,50,124750
20240120,11:40:25,1.05,200,124750
20240120,11:42:48,1.0,250,124750
20240120,11:43:38,1.0,300,125100
20240120,11:45:14,0.95,250,125100
20240120,11:46:49,1.0,50,125100
20240120,11:48:14,1.1,800,125100
20240120,11:50:29,1.05,50,125100
20240120,11:53:11,1.05,150,125350
20240120,11:54:41,1.0,50,125500
20240120,11:55:12,1.05,1550,125500
20240120,11:57:06,1.1,50,126250
20240120,11:58:18,1.0,350,126250
20240120,12:03:36,1.0,50,125950
20240120,12:04:37,1.0,100,125950
20240120,12:04:59,1.0,300,125950
20240120,12:14:24,0.95,100,125800
20240120,12:14:27,0.95,150,125800
20240120,12:15:45,0.9,2750,125550
20240120,12:17:03,0.9,700,125550
20240120,12:17:04,0.85,400,125550
20240120,12:17:05,0.8,2100,125550
20240120,12:20:27,0.8,200,123450
20240120,12:20:28,0.75,1950,123450
20240120,12:21:16,0.85,450,122750
20240120,12:22:25,0.7,300,122750
20240120,12:22:31,0.7,250,122750
20240120,12:23:40,0.8,100,122750
20240120,12:23:58,0.7,1050,122450
20240120,12:24:31,0.65,500,122450
20240120,12:25:14,0.65,1850,122450
20240120,12:26:38,0.6,100,122450
20240120,12:31:22,0.6,100,122450
20240120,12:32:07,0.7,50,121850
20240120,12:42:29,0.7,100,121850
20240120,12:42:33,0.7,50,121850
20240120,12:53:44,0.7,50,121850
20240120,12:54:29,0.65,50,121850
20240120,12:55:10,0.65,50,121850
20240120,13:03:48,0.65,100,121850
20240120,13:09:02,0.7,50,121800
20240120,13:09:39,0.6,350,121800
20240120,13:10:57,0.6,1150,121800
20240120,13:11:51,0.55,3250,121800
20240120,13:12:04,0.55,1300,121550
20240120,13:12:09,0.55,700,121550
20240120,13:12:16,0.55,50,121550
20240120,13:23:01,0.6,500,121550
20240120,13:23:09,0.55,250,121550
20240120,13:23:13,0.6,150,121550
20240120,13:24:37,0.6,50,121800
20240120,13:24:44,0.6,50,121800
20240120,13:33:23,0.6,200,121800
20240120,13:38:14,0.65,250,121800
20240120,13:42:00,0.6,150,121800
20240120,13:43:37,0.55,50,121800
20240120,13:44:07,0.55,50,121800
20240120,13:44:33,0.55,100,121800
20240120,13:47:41,0.6,50,121800
20240120,13:51:33,0.6,50,121800
20240120,13:53:06,0.55,100,121800
20240120,13:55:07,0.6,50,121800
20240120,13:59:26,0.55,50,121800
20240120,13:59:37,0.55,50,121800
20240120,14:00:42,0.55,50,121800
20240120,14:00:59,0.55,50,121800
20240120,14:01:05,0.55,50,121800
20240120,14:03:29,0.5,50,121800
20240120,14:04:09,0.5,1800,121800
20240120,14:04:43,0.55,50,121800
20240120,14:05:47,0.55,50,121800
20240120,14:11:53,0.55,50,122300
20240120,14:13:00,0.6,500,122300
20240120,14:14:18,0.6,250,122300
20240120,14:22:01,0.55,50,122300
20240120,14:22:41,0.55,50,122300
20240120,14:23:10,0.6,150,122300
20240120,14:23:16,0.55,50,122300
20240120,14:36:49,0.6,1000,122350
20240120,14:36:50,0.6,100,122350
20240120,14:36:55,0.6,50,122350
20240120,14:37:56,0.6,1700,122350
20240120,14:39:20,0.55,250,122200
20240120,14:40:43,0.6,50,122200
20240120,14:41:27,0.6,250,122200
20240120,14:42:11,0.5,650,122200
20240120,14:42:12,0.5,1800,122200
20240120,14:43:56,0.5,50,123600
20240120,14:44:33,0.5,200,123600
20240120,14:44:41,0.45,150,123600
20240120,14:44:47,0.45,50,123600
20240120,14:44:58,0.55,50,123600
20240120,14:45:07,0.55,50,123600
20240120,14:45:41,0.45,1800,121550
20240120,14:45:42,0.45,1800,121550
20240120,14:45:43,0.45,1800,121550
20240120,14:45:44,0.45,1800,121550
20240120,14:45:45,0.45,1800,121550
20240120,14:46:08,0.45,850,121550
20240120,14:46:30,0.45,550,121550
20240120,14:46:42,0.5,50,121550
20240120,14:47:51,0.45,250,121550
20240120,14:48:11,0.5,500,121550
20240120,14:48:53,0.5,500,122050
20240120,14:49:03,0.5,50,122050
20240120,14:53:21,0.5,50,122050
20240120,14:53:28,0.5,200,122300
20240120,14:53:45,0.5,600,122300
20240120,14:54:01,0.5,250,122300
20240120,14:54:28,0.5,1200,122300
20240120,14:54:48,0.5,1800,121550
20240120,14:54:50,0.5,1800,121550
20240120,14:54:51,0.5,1800,121550
20240120,14:54:54,0.5,1800,121550
20240120,14:54:55,0.5,1800,121550
20240120,14:55:05,0.5,600,121550
20240120,14:57:03,0.55,50,121550
20240120,14:58:41,0.5,200,121550
20240120,14:59:36,0.55,450,122700
20240120,15:01:06,0.5,1150,123150
20240120,15:01:07,0.5,50,123150
20240120,15:01:08,0.5,50,123150
20240120,15:01:38,0.45,1800,123150
20240120,15:01:45,0.45,550,123150
20240120,15:02:02,0.45,800,123150
20240120,15:02:12,0.45,1800,123150
20240120,15:02:14,0.45,1800,123150
20240120,15:02:15,0.45,1800,123150
20240120,15:02:18,0.45,1800,123150
20240120,15:02:20,0.45,1800,123150
20240120,15:02:23,0.45,1400,123150
20240120,15:02:51,0.5,3450,123150
20240120,15:03:43,0.45,150,123150
20240120,15:03:57,0.45,100,122800
20240120,15:09:33,0.45,50,122800
20240120,15:09:59,0.5,100,122800
20240120,15:10:16,0.5,50,122800
20240120,15:11:10,0.5,1800,122800
20240120,15:12:52,0.5,100,123800
20240120,15:14:53,0.5,250,123800
20240120,15:16:26,0.5,1800,123800
20240120,15:16:27,0.5,350,123800
20240120,15:16:35,0.45,50,123800
20240120,15:18:18,0.45,2300,123800
20240120,15:18:39,0.5,300,122650
20240120,15:19:27,0.45,50,122650
20240120,15:22:55,0.5,50,122650
20240120,15:24:33,0.45,50,122650
20240120,15:24:54,0.5,900,122650
20240120,15:26:45,0.45,250,122650
20240120,15:26:46,0.45,50,122650
20240120,15:28:23,0.45,50,122650
20240120,15:28:26,0.45,250,122650
20240120,15:28:36,0.45,750,122650
20240120,15:28:42,0.5,1000,122650
20240120,15:28:44,0.45,50,122650
20240120,15:29:26,0.45,900,122650
20240120,15:29:29,0.4,900,122650
20240120,15:29:32,0.4,950,122650
20240120,15:29:33,0.4,900,122650
20240120,15:29:36,0.4,900,122650
20240120,15:29:38,0.4,900,122650
20240120,15:29:41,0.4,100,122650
20240120,15:29:48,0.4,1800,122650
20240120,15:29:50,0.45,900,122650
20240120,15:29:57,0.5,1800,122650
20240123,09:15:02,0.55,100,121650
20240123,09:15:13,0.55,100,121650
20240123,09:15:45,0.55,100,121650
20240123,09:15:50,0.55,1200,121650
20240123,09:16:04,0.55,250,121650
20240123,09:16:22,0.55,250,121650
20240123,09:16:25,0.55,500,121650
20240123,09:16:30,0.5,50,121650
20240123,09:16:33,0.55,250,121650
20240123,09:16:50,0.5,100,121650
20240123,09:16:58,0.5,100,121650
20240123,09:17:16,0.55,250,121650
20240123,09:17:17,0.5,50,121650
20240123,09:17:20,0.55,50,121650
20240123,09:17:23,0.55,1900,121650
20240123,09:17:24,0.55,1800,121650
20240123,09:17:28,0.55,1800,121650
20240123,09:17:35,0.55,200,121650
20240123,09:17:41,0.55,350,121650
20240123,09:17:43,0.55,900,121650
20240123,09:17:50,0.6,2300,121650
20240123,09:17:52,0.55,50,121650
20240123,09:17:59,0.6,100,121650
20240123,09:18:00,0.6,100,121650
20240123,09:18:06,0.55,100,121650
20240123,09:18:13,0.55,100,121650
20240123,09:18:41,0.6,50,121650
20240123,09:18:45,0.55,50,121650
20240123,09:19:03,0.55,450,121650
20240123,09:19:06,0.55,50,121650
20240123,09:19:07,0.55,850,121650
20240123,09:19:11,0.6,100,121650
20240123,09:19:12,0.6,1800,121650
20240123,09:19:13,0.6,2200,121650
20240123,09:19:24,0.6,950,121650
20240123,09:19:34,0.55,700,121650
20240123,09:19:49,0.6,150,121650
20240123,09:21:03,0.6,100,121650
20240123,09:21:05,0.6,1850,123600
20240123,09:21:17,0.55,50,123600
20240123,09:21:24,0.6,750,123600
20240123,09:21:25,0.6,1800,123600
20240123,09:21:49,0.65,2000,123600
20240123,09:21:56,0.65,1850,123600
20240123,09:22:26,0.7,1500,123600
20240123,09:22:52,0.65,1600,123600
20240123,09:24:04,0.6,150,127300
20240123,09:24:10,0.6,1500,127300
20240123,09:25:04,0.65,250,127300
20240123,09:25:43,0.65,100,127300
20240123,09:26:03,0.6,1000,127300
20240123,09:26:10,0.65,250,127300
20240123,09:26:12,0.65,50,127300
20240123,09:26:14,0.65,200,127300
20240123,09:26:42,0.7,150,127300
20240123,09:27:22,0.7,50,126000
20240123,09:27:44,0.7,300,126000
20240123,09:27:46,0.6,500,126000
20240123,09:30:38,0.6,50,125650
20240123,09:31:13,0.65,50,125650
20240123,09:31:24,0.65,50,125650
20240123,09:32:29,0.6,100,125650
20240123,09:33:38,0.7,3600,125650
20240123,09:34:03,0.7,650,125650
20240123,09:34:22,0.7,700,125650
20240123,09:34:34,0.7,250,125650
20240123,09:35:19,0.7,350,125650
20240123,09:35:59,0.7,50,126100
20240123,09:36:00,0.7,200,126100
20240123,09:38:40,0.65,50,126100
20240123,09:39:07,0.7,1750,126150
20240123,09:39:33,0.7,150,126150
20240123,09:40:25,0.75,200,126150
20240123,09:40:53,0.75,550,126150
20240123,09:40:53,0.75,500,126150
20240123,09:41:00,0.75,150,126150
20240123,09:41:08,0.8,250,126150
20240123,09:41:44,0.8,200,129150
20240123,09:41:45,0.8,150,129150
20240123,09:41:59,0.85,550,129150
20240123,09:42:00,0.85,300,129150
20240123,09:42:07,0.85,50,129150
20240123,09:42:42,0.65,50,129150
20240123,09:43:29,0.8,800,129150
20240123,09:43:40,0.85,50,129150
20240123,09:43:49,0.85,150,129150
20240123,09:44:10,0.85,200,129150
20240123,09:44:12,0.75,1100,129150
20240123,09:44:27,0.85,300,129150
20240123,09:44:40,0.75,200,129150
20240123,09:44:43,0.9,650,129750
20240123,09:45:05,0.85,2350,129750
20240123,09:45:06,0.9,250,129750
20240123,09:45:06,0.85,3350,129750
20240123,09:45:08,0.85,50,129750
20240123,09:45:20,0.9,1800,129750
20240123,09:45:20,0.9,2250,129750
20240123,09:45:20,0.85,2800,129750
20240123,09:45:31,0.85,150,129750
20240123,09:45:34,0.85,100,129750
20240123,09:46:05,0.9,3250,129750
20240123,09:46:05,1.05,150,129750
20240123,09:46:16,1.0,1750,129750
20240123,09:46:16,1.05,250,129750
20240123,09:46:20,0.95,150,129750
20240123,09:46:33,1.05,50,129750
20240123,09:46:42,1.05,350,129750
20240123,09:46:44,1.05,50,129750
20240123,09:46:46,1.05,50,129750
20240123,09:47:01,0.95,1800,129750
20240123,09:47:02,0.95,50,129750
20240123,09:47:13,0.95,100,129750
20240123,09:47:25,0.95,500,129750
20240123,09:47:30,1.0,700,129750
20240123,09:47:57,0.95,300,129750
20240123,09:47:58,0.95,100,137100
20240123,09:48:25,0.95,900,137100
20240123,09:48:26,1.0,1550,137100
20240123,09:48:27,0.95,100,137100
20240123,09:48:28,0.95,150,137100
20240123,09:48:31,0.95,200,137100
20240123,09:48:43,0.95,500,137100
20240123,09:48:55,0.95,600,137100
20240123,09:48:59,0.9,50,137100
20240123,09:49:09,0.95,200,137100
20240123,09:50:09,0.95,350,137100
20240123,09:51:05,0.9,200,137100
20240123,09:51:39,0.9,200,138400
20240123,09:52:00,0.9,550,138400
20240123,09:52:07,0.9,400,138400
20240123,09:53:14,0.85,100,138400
20240123,09:53:35,0.85,100,138400
20240123,09:54:22,0.85,50,138400
20240123,09:54:51,0.95,500,137800
20240123,09:56:49,0.85,650,138300
20240123,09:57:03,0.85,100,138300
20240123,09:58:54,0.85,1350,138300
20240123,09:59:06,0.85,350,138300
20240123,09:59:43,0.85,200,136950
20240123,10:00:09,0.85,550,136950
20240123,10:00:19,0.85,100,136950
20240123,10:00:20,0.85,250,136950
20240123,10:00:23,0.85,50,136950
20240123,10:00:24,0.85,50,136950
20240123,10:00:42,0.85,50,136950
20240123,10:01:06,0.85,1500,136950
20240123,10:01:06,0.85,100,136950
20240123,10:01:29,0.85,250,136950
20240123,10:01:31,0.85,100,136950
20240123,10:01:41,0.8,100,136950
20240123,10:03:53,0.8,2900,135000
20240123,10:04:31,0.8,50,135000
20240123,10:05:15,0.8,50,135000
20240123,10:06:01,0.8,1200,135000
20240123,10:06:19,0.8,50,132600
20240123,10:06:37,0.75,50,132600
20240123,10:07:33,0.75,500,132600
20240123,10:09:26,0.75,1800,131650
20240123,10:09:29,0.75,3300,131650
20240123,10:15:29,0.8,50,131650
20240123,10:16:22,0.8,500,133600
20240123,10:17:00,0.8,50,133600
20240123,10:19:38,0.8,150,133900
20240123,10:25:00,0.75,50,133900
20240123,10:28:04,0.7,2200,133850
20240123,10:29:22,0.65,2100,133850
20240123,10:30:14,0.65,950,132650
20240123,10:32:31,0.65,600,132650
20240123,10:33:58,0.65,3600,133250
20240123,10:33:58,0.6,1850,133250
20240123,10:34:27,0.65,200,133250
20240123,10:36:49,0.6,750,130550
20240123,10:38:33,0.65,500,130550
20240123,10:38:37,0.6,250,130550
20240123,10:38:40,0.65,400,130550
20240123,10:38:40,0.65,750,130550
20240123,10:38:51,0.6,4000,130550
20240123,10:38:53,0.6,150,130750
20240123,10:39:24,0.65,100,130750
20240123,10:40:42,0.65,550,130750
20240123,10:43:37,0.65,200,130750
20240123,10:47:30,0.6,3050,130200
20240123,10:47:30,0.6,200,130200
20240123,10:48:32,0.6,350,128000
20240123,10:49:32,0.6,350,128000
20240123,10:49:46,0.55,100,128000
20240123,10:50:11,0.55,100,128000
20240123,10:50:51,0.55,50,128000
20240123,10:54:38,0.65,250,127950
20240123,10:56:32,0.55,250,127900
20240123,10:56:33,0.55,100,127900
20240123,10:56:45,0.55,650,127700
20240123,10:57:18,0.55,300,127700
20240123,10:57:28,0.55,200,127700
20240123,10:58:56,0.55,150,127700
20240123,10:59:37,0.65,650,127700
20240123,11:00:10,0.55,50,127700
20240123,11:00:10,0.55,750,127000
20240123,11:00:41,0.65,50,127000
20240123,11:01:04,0.6,250,127000
20240123,11:01:25,0.65,50,127000
20240123,11:01:46,0.55,150,127000
20240123,11:01:47,0.55,50,127000
20240123,11:01:48,0.55,150,127000
20240123,11:05:16,0.55,200,125800
20240123,11:05:18,0.55,2300,125800
20240123,11:05:52,0.55,250,123550
20240123,11:06:44,0.55,100,123550
20240123,11:10:10,0.55,700,123550
20240123,11:10:10,0.5,2150,123350
20240123,11:10:41,0.5,450,123350
20240123,11:11:23,0.45,200,123350
20240123,11:11:26,0.5,50,123350
20240123,11:12:13,0.5,50,121500
20240123,11:15:21,0.5,200,121500
20240123,11:17:33,0.55,50,121500
20240123,11:18:08,0.45,100,121400
20240123,11:19:20,0.45,50,121400
20240123,11:24:56,0.5,50,121400
20240123,11:25:16,0.5,100,121400
20240123,11:28:09,0.5,200,121300
20240123,11:28:45,0.5,250,121300
20240123,11:28:49,0.45,400,121300
20240123,11:30:07,0.45,450,121300
20240123,11:30:41,0.45,450,121300
20240123,11:31:00,0.45,100,121300
20240123,11:31:39,0.45,200,121300
20240123,11:31:51,0.45,350,121300
20240123,11:31:53,0.45,500,121300
20240123,11:31:55,0.45,1400,121300
20240123,11:32:07,0.45,50,121300
20240123,11:32:07,0.45,1400,121300
20240123,11:32:08,0.45,650,121300
20240123,11:33:06,0.4,50,121100
20240123,11:33:22,0.45,300,121100
20240123,11:33:34,0.4,250,121100
20240123,11:34:06,0.45,50,121100
20240123,11:34:57,0.4,400,121100
20240123,11:35:52,0.4,100,121100
20240123,11:39:30,0.4,50,121100
20240123,11:40:51,0.45,50,121100
20240123,11:41:44,0.4,100,121100
20240123,11:42:10,0.4,150,121100
20240123,11:44:45,0.45,50,121100
20240123,11:44:48,0.4,900,121100
20240123,11:45:31,0.4,550,121100
20240123,11:45:42,0.4,550,121150
20240123,11:46:31,0.4,150,121150
20240123,11:49:02,0.4,300,121150
20240123,11:49:50,0.4,1000,121150
20240123,11:50:31,0.4,350,121150
20240123,11:52:17,0.4,250,122100
20240123,11:52:22,0.4,150,122100
20240123,11:52:24,0.4,1150,122100
20240123,11:52:41,0.4,350,122100
20240123,11:52:45,0.4,250,122100
20240123,11:52:46,0.4,100,122100
20240123,11:55:08,0.4,50,122050
20240123,11:55:18,0.45,250,122050
20240123,11:56:25,0.4,100,122050
20240123,11:56:35,0.4,50,122050
20240123,11:58:45,0.4,150,121950
20240123,11:59:03,0.45,350,121950
20240123,11:59:08,0.45,700,121950
20240123,12:03:00,0.4,50,121500
20240123,12:04:27,0.4,100,121500
20240123,12:07:48,0.4,50,121500
20240123,12:07:50,0.4,150,121500
20240123,12:07:55,0.5,250,121500
20240123,12:08:14,0.5,2850,121500
20240123,12:08:38,0.45,50,121500
20240123,12:09:03,0.45,700,121500
20240123,12:09:06,0.5,50,121500
20240123,12:09:27,0.5,150,121500
20240123,12:11:02,0.5,1000,121500
20240123,12:11:25,0.5,100,121500
20240123,12:14:00,0.4,50,121050
20240123,12:14:57,0.4,250,121050
20240123,12:15:09,0.5,50,121050
20240123,12:15:30,0.5,50,121050
20240123,12:16:09,0.4,250,121050
20240123,12:16:18,0.4,1250,121050
20240123,12:17:40,0.4,400,121050
20240123,12:27:18,0.45,100,120900
20240123,12:29:23,0.45,100,120900
20240123,12:32:30,0.4,1150,120900
20240123,12:32:37,0.35,50,120900
20240123,12:32:50,0.4,750,120900
20240123,12:34:41,0.35,200,120900
20240123,12:35:49,0.4,50,120900
20240123,12:35:50,0.4,50,120900
20240123,12:35:51,0.4,50,120900
20240123,12:38:43,0.4,250,120900
20240123,12:39:07,0.45,100,121000
20240123,12:58:43,0.45,50,121100
20240123,13:02:42,0.35,50,121100
20240123,13:08:24,0.35,300,121150
20240123,13:09:58,0.4,50,121150
20240123,13:11:22,0.4,50,121150
20240123,13:17:00,0.35,350,121200
20240123,13:17:28,0.4,1000,121200
20240123,13:18:08,0.4,50,121900
20240123,13:19:16,0.35,300,121900
20240123,13:19:44,0.35,900,121900
20240123,13:26:57,0.35,100,121950
20240123,13:27:01,0.4,50,121950
20240123,13:29:19,0.35,950,121950
20240123,13:29:24,0.4,50,122000
20240123,13:35:32,0.35,100,122000
20240123,13:36:56,0.35,250,122000
20240123,13:37:38,0.4,400,122000
20240123,13:37:50,0.35,500,122000
20240123,13:38:49,0.4,450,122000
20240123,13:39:26,0.4,950,122450
20240123,13:39:29,0.4,500,122450
20240123,13:39:39,0.45,250,122450
20240123,13:39:42,0.45,950,122450
20240123,13:39:44,0.45,2250,122450
20240123,13:39:53,0.45,150,122450
20240123,13:40:12,0.45,50,122450
20240123,13:40:13,0.45,50,122450
20240123,13:40:14,0.45,50,122450
20240123,13:40:15,0.45,50,122450
20240123,13:40:16,0.45,50,122450
20240123,13:40:17,0.45,100,122450
20240123,13:40:17,0.45,50,122450
20240123,13:40:26,0.4,1800,122450
20240123,13:40:28,0.4,1800,122450
20240123,13:40:29,0.4,1150,122450
20240123,13:43:22,0.35,300,122450
20240123,13:47:37,0.35,50,121700
20240123,13:50:02,0.35,250,121700
20240123,13:51:40,0.35,550,121700
20240123,13:52:03,0.35,100,121700
20240123,13:52:18,0.35,250,121700
20240123,13:56:56,0.35,1550,121700
20240123,13:59:03,0.3,250,121600
20240123,14:02:03,0.3,250,121600
20240123,14:04:47,0.35,3100,121600
20240123,14:05:54,0.35,450,121600
20240123,14:06:40,0.4,50,121600
20240123,14:07:38,0.35,50,121800
20240123,14:07:54,0.35,50,121800
20240123,14:08:35,0.35,50,121800
20240123,14:08:46,0.35,50,121800
20240123,14:09:17,0.35,50,121800
20240123,14:10:07,0.35,50,121800
20240123,14:10:50,0.35,50,121800
20240123,14:10:51,0.35,250,121800
20240123,14:10:53,0.35,50,121800
20240123,14:10:55,0.35,100,121800
20240123,14:11:56,0.35,50,121800
20240123,14:13:26,0.35,100,121800
20240123,14:13:29,0.35,250,121800
20240123,14:17:08,0.35,150,121600
20240123,14:18:14,0.4,50,121600
20240123,14:22:39,0.35,250,121450
20240123,14:22:54,0.35,500,121450
20240123,14:23:11,0.35,100,121450
20240123,14:23:41,0.35,1000,121450
20240123,14:24:00,0.35,1800,121450
20240123,14:24:00,0.3,450,121450
20240123,14:24:21,0.3,50,121050
20240123,14:24:36,0.3,250,121050
20240123,14:25:05,0.3,400,121050
20240123,14:25:06,0.3,1250,121050
20240123,14:25:35,0.3,250,121050
20240123,14:25:38,0.3,500,121050
20240123,14:26:01,0.3,250,121050
20240123,14:26:02,0.3,250,121050
20240123,14:26:04,0.3,250,121050
20240123,14:26:09,0.3,450,121050
20240123,14:26:49,0.3,100,121050
20240123,14:26:54,0.3,150,121050
20240123,14:26:55,0.3,400,121050
20240123,14:27:01,0.3,150,121050
20240123,14:27:36,0.3,250,121050
20240123,14:27:37,0.3,150,121050
20240123,14:27:41,0.3,100,121050
20240123,14:28:00,0.3,1800,121050
20240123,14:28:01,0.3,3600,121050
20240123,14:28:27,0.3,3750,121050
20240123,14:29:04,0.25,1700,121050
20240123,14:32:35,0.25,250,121200
20240123,14:32:55,0.25,150,121200
20240123,14:37:40,0.3,50,121200
20240123,14:40:30,0.3,250,121200
20240123,14:41:28,0.25,100,121200
20240123,14:41:34,0.3,250,121200
20240123,14:41:39,0.25,50,121200
20240123,14:48:29,0.25,300,121200
20240123,14:48:41,0.3,50,121200
20240123,14:50:23,0.25,150,121200
20240123,14:50:34,0.3,550,121200
20240123,14:51:16,0.3,50,121200
20240123,14:52:03,0.25,350,121200
20240123,14:52:26,0.25,250,121200
20240123,14:55:58,0.25,1300,121200
20240123,14:58:18,0.3,300,121200
20240123,14:59:38,0.25,300,121200
20240123,15:00:33,0.3,150,121200
20240123,15:02:04,0.25,1800,121200
20240123,15:02:51,0.25,250,121200
20240123,15:03:57,0.25,7200,121400
20240123,15:04:24,0.25,50,121400
20240123,15:04:31,0.3,250,121400
20240123,15:05:01,0.25,250,121400
20240123,15:05:23,0.25,450,121400
20240123,15:06:25,0.25,250,121400
20240123,15:09:52,0.25,250,121200
20240123,15:10:01,0.25,250,121200
20240123,15:10:05,0.25,100,121200
20240123,15:10:06,0.25,50,121200
20240123,15:10:25,0.25,50,121200
20240123,15:10:59,0.25,50,121200
20240123,15:11:29,0.25,50,121200
20240123,15:12:26,0.25,50,121200
20240123,15:12:30,0.25,50,121200
20240123,15:13:21,0.25,150,121200
20240123,15:14:14,0.25,1300,121200
20240123,15:14:18,0.25,1800,121200
20240123,15:14:21,0.25,900,121200
20240123,15:15:56,0.25,50,120900
20240123,15:16:09,0.25,4400,120900
20240123,15:16:09,0.2,50,120900
20240123,15:16:10,0.2,50,120900
20240123,15:16:17,0.2,50,120900
20240123,15:16:31,0.25,2050,120900
20240123,15:16:55,0.2,1100,120900
20240123,15:17:11,0.2,50,120900
20240123,15:17:18,0.2,250,120900
20240123,15:17:59,0.2,1200,120900
20240123,15:18:05,0.25,1800,120900
20240123,15:18:26,0.25,100,120900
20240123,15:19:59,0.2,250,121350
20240123,15:21:04,0.25,500,121350
20240123,15:21:05,0.25,50,121350
20240123,15:21:25,0.2,150,121600
20240123,15:22:35,0.2,150,121600
20240123,15:22:36,0.2,700,121600
20240123,15:24:34,0.2,50,121600
20240123,15:25:14,0.2,50,121600
20240123,15:25:48,0.2,250,121600
20240123,15:26:07,0.2,250,121600
20240123,15:28:02,0.25,1800,121600
20240123,15:28:22,0.25,150,122100
20240123,15:28:31,0.2,150,122100
20240123,15:28:31,0.2,1500,122100
20240123,15:28:34,0.25,1800,122100
20240123,15:28:36,0.25,1800,122100
20240123,15:28:37,0.25,3150,122100
20240123,15:29:19,0.25,3600,122100
20240123,15:29:19,0.25,850,122100
20240123,15:29:22,0.25,50,122100
20240123,15:29:23,0.25,250,122100
20240123,15:29:24,0.25,250,122100
20240123,15:29:27,0.25,100,122100
20240123,15:29:38,0.25,50,122100
20240123,15:29:59,0.25,1,122100
20240124,09:15:01,0.15,1,122100
20240124,09:15:01,0.15,50,122100
20240124,09:15:04,0.3,1800,122100
20240124,09:15:25,0.3,50,122100
20240124,09:15:27,0.3,100,122100
20240124,09:15:33,0.3,50,122100
20240124,09:15:43,0.3,50,122100
20240124,09:15:58,0.3,150,122100
20240124,09:16:31,0.3,50,122100
20240124,09:16:37,0.3,250,122100
20240124,09:16:45,0.3,150,122100
20240124,09:16:55,0.3,500,122100
20240124,09:17:05,0.3,250,122100
20240124,09:17:09,0.3,100,122100
20240124,09:17:24,0.3,50,122100
20240124,09:17:31,0.3,250,122100
20240124,09:17:35,0.3,300,122100
20240124,09:17:40,0.3,50,120900
20240124,09:18:01,0.3,1800,120900
20240124,09:18:06,0.3,50,120900
20240124,09:18:08,0.3,100,120900
20240124,09:18:11,0.3,900,120900
20240124,09:18:12,0.3,1800,120900
20240124,09:18:21,0.35,50,120900
20240124,09:18:24,0.35,50,120900
20240124,09:18:41,0.35,250,120900
20240124,09:18:47,0.35,50,120900
20240124,09:18:52,0.35,850,120900
20240124,09:18:52,0.35,500,120900
20240124,09:19:09,0.35,100,120900
20240124,09:19:12,0.35,600,120900
20240124,09:19:19,0.35,50,120900
20240124,09:19:36,0.35,50,120900
20240124,09:19:39,0.35,250,120900
20240124,09:19:45,0.35,250,120900
20240124,09:20:00,0.35,250,120900
20240124,09:20:02,0.3,100,120900
20240124,09:20:03,0.35,50,120900
20240124,09:20:12,0.3,100,120900
20240124,09:20:15,0.35,50,120900
20240124,09:20:36,0.35,100,120900
20240124,09:20:47,0.35,250,120900
20240124,09:20:54,0.3,100,123150
20240124,09:20:55,0.35,150,123150
20240124,09:21:26,0.35,200,123150
20240124,09:22:34,0.35,1800,123150
20240124,09:22:48,0.35,150,123150
20240124,09:23:01,0.35,10800,123150
20240124,09:23:45,0.35,5400,123150
20240124,09:23:50,0.35,350,124950
20240124,09:23:56,0.4,50,124950
20240124,09:23:57,0.4,200,124950
20240124,09:24:02,0.4,50,124950
20240124,09:24:03,0.4,50,124950
20240124,09:24:19,0.4,200,124950
20240124,09:24:51,0.4,100,124950
20240124,09:25:16,0.45,650,124950
20240124,09:25:17,0.45,500,124950
20240124,09:25:38,0.35,150,124950
20240124,09:25:41,0.4,250,124950
20240124,09:25:42,0.4,950,124950
20240124,09:25:43,0.4,150,124950
20240124,09:25:44,0.4,1800,124950
20240124,09:26:18,0.4,200,124950
20240124,09:26:42,0.4,250,124950
20240124,09:27:14,0.4,50,126100
20240124,09:27:37,0.4,50,126100
20240124,09:27:49,0.4,1000,126100
20240124,09:27:57,0.4,200,126100
20240124,09:28:21,0.4,50,126100
20240124,09:29:48,0.4,500,126400
20240124,09:29:52,0.4,450,126400
20240124,09:30:03,0.35,150,126400
20240124,09:30:25,0.35,50,126400
20240124,09:32:12,0.4,50,126400
20240124,09:32:17,0.4,50,126400
20240124,09:32:28,0.4,250,126400
20240124,09:32:33,0.4,100,126400
20240124,09:32:35,0.4,50,126400
20240124,09:32:36,0.4,50,126400
20240124,09:32:55,0.4,100,126500
20240124,09:34:01,0.35,900,126500
20240124,09:34:15,0.35,50,126500
20240124,09:34:16,0.3,15700,126500
20240124,09:34:42,0.35,1800,126500
20240124,09:34:50,0.3,350,126500
20240124,09:35:01,0.35,400,126500
20240124,09:35:12,0.35,300,126500
20240124,09:36:39,0.3,50,124800
20240124,09:37:16,0.3,50,124800
20240124,09:37:26,0.35,100,124800
20240124,09:37:51,0.35,1450,124800
20240124,09:38:35,0.35,50,124800
20240124,09:38:42,0.35,50,124800
20240124,09:40:52,0.3,1800,124750
20240124,09:41:03,0.3,250,124750
20240124,09:41:57,0.3,50,124100
20240124,09:41:58,0.35,50,124100
20240124,09:42:32,0.3,50,124100
20240124,09:43:38,0.3,250,124100
20240124,09:43:49,0.3,50,124100
20240124,09:44:22,0.35,150,124100
20240124,09:44:41,0.35,600,124100
20240124,09:45:30,0.35,250,124150
20240124,09:47:02,0.35,100,124150
20240124,09:47:13,0.3,50,124150
20240124,09:48:18,0.35,50,124850
20240124,09:49:09,0.3,100,124850
20240124,09:50:13,0.35,300,124850
20240124,09:52:12,0.3,1250,124850
20240124,09:52:59,0.35,350,124850
20240124,09:53:09,0.3,100,124850
20240124,09:53:55,0.3,100,124850
20240124,09:54:03,0.3,50,124850
20240124,09:54:56,0.35,250,124850
20240124,09:55:24,0.35,250,124850
20240124,09:57:08,0.35,250,124850
20240124,09:57:38,0.35,250,124850
20240124,09:57:46,0.35,500,124850
20240124,09:57:54,0.35,1800,124850
20240124,09:58:27,0.35,1200,124850
20240124,09:58:52,0.35,300,124850
20240124,09:58:53,0.35,400,124850
20240124,09:58:54,0.35,200,124850
20240124,09:58:55,0.35,3700,124850
20240124,09:58:56,0.35,1500,124850
20240124,09:58:57,0.35,2500,124850
20240124,09:58:58,0.35,1350,124850
20240124,09:59:05,0.35,150,124850
20240124,09:59:08,0.4,50,124850
20240124,09:59:15,0.4,1500,124850
20240124,10:00:42,0.4,100,128700
20240124,10:01:21,0.4,50,128700
20240124,10:02:42,0.4,50,128700
20240124,10:03:49,0.4,300,128700
20240124,10:03:50,0.4,450,128700
20240124,10:04:04,0.4,100,128700
20240124,10:04:11,0.4,400,128700
20240124,10:04:15,0.4,150,128700
20240124,10:04:56,0.4,250,128700
20240124,10:05:00,0.4,100,128700
20240124,10:05:11,0.4,400,128700
20240124,10:05:16,0.4,450,128700
20240124,10:05:50,0.4,200,128700
20240124,10:07:01,0.4,100,128700
20240124,10:07:09,0.4,100,128700
20240124,10:07:28,0.4,50,128700
20240124,10:09:50,0.4,100,128700
20240124,10:14:28,0.4,300,128850
20240124,10:14:44,0.4,200,128850
20240124,10:16:06,0.4,100,129300
20240124,10:16:20,0.4,50,129300
20240124,10:16:21,0.4,100,129300
20240124,10:16:24,0.4,250,129300
20240124,10:16:53,0.4,450,129300
20240124,10:16:54,0.4,50,129300
20240124,10:17:10,0.4,300,129300
20240124,10:17:13,0.4,150,129300
20240124,10:17:40,0.4,550,129300
20240124,10:18:04,0.4,300,129300
20240124,10:18:53,0.4,700,129300
20240124,10:19:25,0.4,950,129300
20240124,10:19:41,0.4,300,129300
20240124,10:20:07,0.4,250,129300
20240124,10:20:08,0.4,150,129300
20240124,10:20:35,0.35,1800,129300
20240124,10:21:35,0.4,850,128450
20240124,10:21:36,0.4,50,128450
20240124,10:21:46,0.4,150,128450
20240124,10:21:50,0.4,750,128450
20240124,10:21:51,0.4,150,128450
20240124,10:21:52,0.4,1000,128450
20240124,10:21:53,0.4,1800,128450
20240124,10:21:54,0.4,1800,128450
20240124,10:21:56,0.4,450,128450
20240124,10:21:59,0.4,100,128450
20240124,10:22:01,0.4,50,128450
20240124,10:22:02,0.4,50,128450
20240124,10:22:10,0.4,300,128450
20240124,10:22:16,0.4,200,128450
20240124,10:22:18,0.4,50,128450
20240124,10:22:20,0.35,250,128450
20240124,10:22:32,0.4,200,128450
20240124,10:22:33,0.4,100,128450
20240124,10:22:35,0.4,50,128450
20240124,10:22:53,0.4,600,128450
20240124,10:23:01,0.4,200,128450
20240124,10:23:09,0.4,250,128450
20240124,10:23:10,0.4,400,128450
20240124,10:23:11,0.4,50,128450
20240124,10:23:15,0.4,50,128450
20240124,10:23:17,0.4,50,128450
20240124,10:23:29,0.4,50,128450
20240124,10:23:37,0.4,850,128450
20240124,10:23:38,0.4,1000,128450
20240124,10:23:40,0.4,1800,128450
20240124,10:23:41,0.4,1800,128450
20240124,10:23:42,0.4,1800,128450
20240124,10:23:46,0.45,400,128450
20240124,10:23:47,0.45,200,135250
20240124,10:24:09,0.45,500,135250
20240124,10:25:31,0.45,50,135250
20240124,10:25:32,0.45,250,135250
20240124,10:26:09,0.45,250,135250
20240124,10:26:38,0.45,250,135250
20240124,10:26:55,0.45,100,135500
20240124,10:26:58,0.45,300,135500
20240124,10:27:42,0.45,100,135500
20240124,10:28:03,0.45,200,135500
20240124,10:28:07,0.45,250,135500
20240124,10:28:32,0.45,50,135500
20240124,10:29:05,0.4,250,135500
20240124,10:29:16,0.45,900,135500
20240124,10:29:16,0.45,300,135500
20240124,10:29:19,0.45,50,135500
20240124,10:29:28,0.45,800,135500
20240124,10:29:39,0.45,700,135500
20240124,10:29:44,0.45,50,135500
20240124,10:30:44,0.4,50,135500
20240124,10:30:54,0.45,650,135250
20240124,10:31:05,0.45,100,135250
20240124,10:31:11,0.4,100,135250
20240124,10:31:49,0.45,450,135250
20240124,10:32:02,0.45,350,135250
20240124,10:33:05,0.45,700,135250
20240124,10:33:06,0.45,250,134450
20240124,10:33:07,0.45,100,134450
20240124,10:33:09,0.45,50,134450
20240124,10:33:18,0.4,50,134450
20240124,10:33:41,0.45,450,134450
20240124,10:33:42,0.45,1150,134450
20240124,10:33:46,0.45,100,134450
20240124,10:34:29,0.45,50,134450
20240124,10:34:41,0.45,50,134450
20240124,10:34:56,0.45,50,134450
20240124,10:35:05,0.45,200,134450
20240124,10:35:15,0.4,3750,134450
20240124,10:35:24,0.45,1800,134450
20240124,10:35:25,0.45,100,134450
20240124,10:35:27,0.45,1800,134450
20240124,10:35:28,0.45,1250,134450
20240124,10:35:31,0.45,1900,134450
20240124,10:35:32,0.5,1800,134450
20240124,10:35:34,0.5,3300,134450
20240124,10:35:34,0.45,50,134450
20240124,10:35:35,0.45,50,134450
20240124,10:35:37,0.45,50,134450
20240124,10:36:28,0.5,1350,134450
20240124,10:36:40,0.45,100,131600
20240124,10:37:36,0.5,100,131600
20240124,10:38:09,0.5,50,131600
20240124,10:38:53,0.45,50,131600
20240124,10:40:01,0.45,3600,130750
20240124,10:40:55,0.45,500,130750
20240124,10:41:14,0.4,1000,130750
20240124,10:42:40,0.45,500,128200
20240124,10:43:20,0.45,150,128200
20240124,10:43:34,0.45,150,128200
20240124,10:45:42,0.4,350,128200
20240124,10:48:44,0.4,700,128150
20240124,10:48:54,0.4,400,128150
20240124,10:48:55,0.4,400,128150
20240124,10:48:56,0.4,200,128150
20240124,10:48:57,0.4,100,128150
20240124,10:48:59,0.4,150,128150
20240124,10:49:01,0.4,400,128150
20240124,10:49:23,0.4,50,128150
20240124,10:50:03,0.35,150,128150
20240124,10:50:04,0.35,200,128150
20240124,10:50:40,0.35,150,128150
20240124,10:51:00,0.4,50,128150
20240124,10:52:52,0.4,250,128500
20240124,10:53:49,0.4,250,128500
20240124,10:54:36,0.4,250,128500
20240124,10:55:36,0.4,50,128500
20240124,10:55:42,0.4,250,128500
20240124,11:00:44,0.35,200,128500
20240124,11:04:50,0.4,50,128500
20240124,11:05:36,0.35,200,128300
20240124,11:08:21,0.4,500,128300
20240124,11:09:15,0.4,100,128100
20240124,11:10:24,0.4,50,128100
20240124,11:18:50,0.35,50,128050
20240124,11:20:37,0.4,1800,128050
20240124,11:21:30,0.4,100,128400
20240124,11:22:19,0.4,250,128400
20240124,11:22:30,0.4,100,128400
20240124,11:23:35,0.4,250,128400
20240124,11:25:07,0.4,250,128750
20240124,11:25:09,0.4,50,128750
20240124,11:25:29,0.4,50,128750
20240124,11:25:37,0.4,50,128750
20240124,11:25:48,0.4,50,128750
20240124,11:26:12,0.4,50,128750
20240124,11:28:25,0.35,50,129150
20240124,11:28:36,0.4,50,129150
20240124,11:29:15,0.4,650,129150
20240124,11:31:01,0.35,1800,129150
20240124,11:33:07,0.35,200,128600
20240124,11:34:41,0.35,650,128600
20240124,11:35:29,0.35,50,128600
20240124,11:36:21,0.35,250,128600
20240124,11:37:18,0.35,50,128600
20240124,11:38:01,0.35,50,128600
20240124,11:38:28,0.35,1000,128600
20240124,11:41:21,0.4,50,128600
20240124,11:42:19,0.35,50,128600
20240124,11:50:36,0.4,50,128600
20240124,11:55:56,0.4,50,128600
20240124,11:56:31,0.35,1000,128600
20240124,11:56:33,0.35,50,128600
20240124,11:57:08,0.35,1700,128600
20240124,11:57:27,0.35,450,128600
20240124,11:58:40,0.4,50,128600
20240124,12:05:42,0.35,250,128600
20240124,12:07:09,0.35,250,127000
20240124,12:07:39,0.35,1200,127000
20240124,12:08:16,0.4,50,127000
20240124,12:11:10,0.35,50,126050
20240124,12:14:48,0.35,500,126050
20240124,12:24:44,0.4,50,126050
20240124,12:24:58,0.35,100,126050
20240124,12:28:36,0.35,50,126050
20240124,12:31:40,0.35,50,126050
20240124,12:31:46,0.35,50,126050
20240124,12:32:23,0.35,250,126050
20240124,12:33:28,0.35,250,126050
20240124,12:35:51,0.35,50,126050
20240124,12:39:11,0.35,250,126050
20240124,12:39:30,0.35,100,126050
20240124,12:39:37,0.35,400,126050
20240124,12:45:31,0.35,50,126050
20240124,12:46:22,0.35,50,125550
20240124,12:46:31,0.35,50,125550
20240124,12:50:33,0.35,500,125550
20240124,12:50:36,0.35,150,125550
20240124,12:51:28,0.35,300,125550
20240124,12:52:16,0.35,700,125550
20240124,12:52:17,0.35,250,125550
20240124,12:52:20,0.35,1800,125550
20240124,12:52:30,0.35,100,125550
20240124,12:53:22,0.35,650,125550
20240124,12:53:54,0.35,150,125550
20240124,12:54:07,0.35,2300,125550
20240124,12:54:08,0.35,2150,122900
20240124,12:56:56,0.35,50,122900
20240124,12:58:33,0.35,50,122550
20240124,13:00:53,0.3,2050,122500
20240124,13:00:54,0.3,400,122500
20240124,13:01:14,0.3,800,122500
20240124,13:01:41,0.3,1600,122500
20240124,13:02:31,0.3,50,122500
20240124,13:03:10,0.3,50,122200
20240124,13:04:06,0.3,300,122200
20240124,13:04:52,0.3,1150,122200
20240124,13:05:37,0.3,50,122200
20240124,13:07:04,0.3,750,123450
20240124,13:07:05,0.3,250,123450
20240124,13:07:06,0.3,50,123450
20240124,13:07:13,0.3,200,123450
20240124,13:07:17,0.3,350,123450
20240124,13:07:52,0.35,500,123450
20240124,13:08:39,0.3,750,123450
20240124,13:08:49,0.3,50,123450
20240124,13:09:57,0.3,450,122150
20240124,13:10:38,0.35,950,122150
20240124,13:14:00,0.3,100,122750
20240124,13:14:52,0.25,50,122750
20240124,13:14:57,0.3,50,122750
20240124,13:19:17,0.3,250,122750
20240124,13:19:26,0.3,250,122750
20240124,13:19:33,0.3,50,122750
20240124,13:24:39,0.3,150,122750
20240124,13:26:13,0.3,400,123200
20240124,13:30:33,0.3,250,122750
20240124,13:30:55,0.35,50,122750
20240124,13:31:32,0.3,250,122750
20240124,13:32:43,0.3,550,122750
20240124,13:34:22,0.3,200,121700
20240124,13:45:53,0.3,50,121550
20240124,13:46:15,0.3,50,121550
20240124,13:46:39,0.25,50,121550
20240124,13:51:44,0.25,50,121650
20240124,13:52:33,0.25,100,121650
20240124,13:55:53,0.25,50,121650
20240124,14:00:14,0.3,50,121650
20240124,14:02:20,0.3,50,121700
20240124,14:04:43,0.25,250,121700
20240124,14:04:55,0.25,50,121750
20240124,14:06:21,0.25,1250,121750
20240124,14:06:57,0.25,50,121750
20240124,14:07:43,0.25,250,121750
20240124,14:08:30,0.25,250,121750
20240124,14:08:31,0.25,100,121750
20240124,14:08:42,0.25,50,121750
20240124,14:11:05,0.25,100,121750
20240124,14:11:23,0.3,500,121750
20240124,14:14:01,0.3,300,122250
20240124,14:14:47,0.25,800,122250
20240124,14:16:23,0.3,250,122250
20240124,14:20:53,0.25,450,122800
20240124,14:38:56,0.25,250,122800
20240124,14:39:57,0.3,1800,122800
20240124,14:40:34,0.25,250,122800
20240124,14:44:06,0.25,250,123200
20240124,14:44:19,0.25,500,123200
20240124,14:45:41,0.25,50,123200
20240124,14:45:42,0.25,1250,123200
20240124,14:46:28,0.3,3600,123200
20240124,14:47:18,0.3,50,123200
20240124,14:47:19,0.3,2300,123200
20240124,14:47:28,0.3,100,123200
20240124,14:47:47,0.35,50,123200
20240124,14:47:50,0.35,150,123200
20240124,14:48:08,0.35,50,123200
20240124,14:48:40,0.35,50,123200
20240124,14:49:57,0.35,250,124050
20240124,14:50:32,0.35,100,124050
20240124,14:50:40,0.35,2050,124050
20240124,14:50:41,0.35,650,124050
20240124,14:50:57,0.35,250,124050
20240124,14:50:58,0.35,1500,124050
20240124,14:51:00,0.35,2050,124050
20240124,14:52:47,0.4,100,126800
20240124,14:52:48,0.4,600,126800
20240124,14:53:05,0.4,100,126800
20240124,14:53:41,0.4,50,126800
20240124,14:54:30,0.4,350,127450
20240124,14:54:33,0.35,50,127450
20240124,14:54:34,0.35,50,127450
20240124,14:54:35,0.4,350,127450
20240124,14:54:36,0.4,400,127450
20240124,14:54:37,0.4,1800,127450
20240124,14:54:39,0.35,50,127450
20240124,14:54:40,0.35,50,127450
20240124,14:54:59,0.35,300,127450
20240124,14:55:15,0.4,1800,127450
20240124,14:55:28,0.35,650,127450
20240124,14:55:30,0.4,2650,127450
20240124,14:55:32,0.45,700,127450
20240124,14:55:58,0.4,150,127450
20240124,14:55:59,0.4,1850,127450
20240124,14:56:18,0.45,200,127450
20240124,14:56:54,0.45,300,127450
20240124,14:57:03,0.4,50,127450
20240124,14:57:55,0.45,50,126650
20240124,14:58:38,0.4,50,126650
20240124,14:58:43,0.45,250,126650
20240124,14:58:52,0.45,300,126650
20240124,14:58:54,0.45,50,126650
20240124,14:59:11,0.4,1150,126650
20240124,14:59:21,0.4,150,126650
20240124,14:59:59,0.45,150,126650
20240124,15:00:00,0.45,650,126650
20240124,15:00:02,0.45,1050,126650
20240124,15:00:07,0.5,350,126650
20240124,15:00:10,0.45,150,126650
20240124,15:00:24,0.5,1800,126550
20240124,15:01:06,0.5,50,126550
20240124,15:01:08,0.5,600,126550
20240124,15:01:35,0.5,50,126550
20240124,15:01:37,0.5,50,126550
20240124,15:01:44,0.45,250,126550
20240124,15:01:46,0.5,650,126550
20240124,15:01:49,0.5,800,126550
20240124,15:01:51,0.5,700,126550
20240124,15:01:52,0.6,2600,126550
20240124,15:02:01,0.6,300,126550
20240124,15:02:09,0.65,100,126550
20240124,15:02:15,0.6,50,126550
20240124,15:02:16,0.6,100,126550
20240124,15:02:18,0.6,400,126550
20240124,15:02:40,0.6,50,126550
20240124,15:02:41,0.6,50,126550
20240124,15:02:44,0.6,250,126550
20240124,15:02:45,0.6,250,126550
20240124,15:02:48,0.55,300,126550
20240124,15:02:49,0.55,100,126550
20240124,15:02:50,0.55,50,126550
20240124,15:02:51,0.6,650,126550
20240124,15:02:52,0.55,250,126550
20240124,15:02:52,0.55,50,126550
20240124,15:02:57,0.6,50,126550
20240124,15:03:00,0.6,100,126550
20240124,15:03:01,0.6,200,126550
20240124,15:03:03,0.6,350,126550
20240124,15:03:04,0.65,150,126550
20240124,15:03:05,0.65,700,126550
20240124,15:03:06,0.5,50,126550
20240124,15:03:11,0.75,700,126550
20240124,15:03:13,0.75,800,126550
20240124,15:03:14,0.65,50,126550
20240124,15:03:24,0.75,1950,126550
20240124,15:03:32,0.7,2650,128950
20240124,15:03:42,0.6,400,128950
20240124,15:03:48,0.7,1850,128950
20240124,15:03:51,0.75,1900,128950
20240124,15:03:52,0.7,100,128950
20240124,15:03:55,0.8,550,128950
20240124,15:03:56,0.75,100,128950
20240124,15:03:58,0.75,1950,128950
20240124,15:03:59,0.75,750,128950
20240124,15:04:01,0.65,50,128950
20240124,15:04:02,0.7,350,128950
20240124,15:04:06,0.75,1250,128950
20240124,15:04:21,0.75,250,128950
20240124,15:04:23,0.65,50,128950
20240124,15:04:33,0.65,50,128950
20240124,15:04:43,0.7,500,128950
20240124,15:04:52,0.65,50,128950
20240124,15:04:55,0.65,100,128950
20240124,15:05:02,0.65,50,128950
20240124,15:05:03,0.6,50,128950
20240124,15:05:36,0.6,100,128950
20240124,15:06:02,0.6,1000,128950
20240124,15:06:07,0.65,250,128950
20240124,15:06:08,0.6,2550,128950
20240124,15:06:10,0.6,50,128950
20240124,15:06:28,0.65,100,131250
20240124,15:06:37,0.6,50,131250
20240124,15:06:39,0.6,250,131250
20240124,15:06:42,0.6,100,131250
20240124,15:06:45,0.6,150,131250
20240124,15:06:51,0.75,100,131250
20240124,15:06:54,0.6,100,131250
20240124,15:07:36,0.6,50,131250
20240124,15:07:44,0.65,1050,131250
20240124,15:08:19,0.6,350,131250
20240124,15:09:34,0.6,250,129850
20240124,15:09:44,0.6,50,129850
20240124,15:09:52,0.6,50,129850
20240124,15:11:21,0.6,850,129850
20240124,15:12:01,0.55,200,129850
20240124,15:12:36,0.55,50,129850
20240124,15:13:19,0.55,200,128850
20240124,15:14:12,0.5,100,128850
20240124,15:14:45,0.55,150,128850
20240124,15:15:57,0.55,800,128850
20240124,15:19:58,0.6,200,128600
20240124,15:20:19,0.5,50,128050
20240124,15:21:40,0.5,50,128000
20240124,15:21:52,0.5,50,128000
20240124,15:22:04,0.5,100,128000
20240124,15:22:17,0.5,200,128000
20240124,15:22:18,0.5,50,128000
20240124,15:22:19,0.5,150,128000
20240124,15:22:20,0.45,100,128000
20240124,15:22:21,0.55,50,128000
20240124,15:23:11,0.45,200,128000
20240124,15:24:30,0.5,50,127400
20240124,15:24:33,0.5,50,127400
20240124,15:24:41,0.5,50,127400
20240124,15:24:42,0.5,50,127400
20240124,15:25:04,0.6,150,127400
20240124,15:25:05,0.6,100,127400
20240124,15:25:06,0.65,100,127400
20240124,15:25:08,0.65,100,127400
20240124,15:25:09,0.65,100,127400
20240124,15:25:11,0.65,100,127400
20240124,15:25:13,0.65,100,127400
20240124,15:25:14,0.7,100,127400
20240124,15:25:37,0.55,900,127400
20240124,15:25:55,0.5,50,127400
20240124,15:26:06,0.35,1450,127400
20240124,15:27:20,0.6,500,127400
20240124,15:29:22,0.45,50,127150
20240124,15:29:25,0.55,750,127150
20240124,15:29:26,0.45,50,127150
20240124,15:29:27,0.4,100,127150
20240124,15:29:36,0.45,1850,127150
20240124,15:29:37,0.6,300,127150
20240124,15:29:38,0.85,150,127150
20240124,15:29:39,0.85,400,127150
20240124,15:29:40,0.9,50,127150
20240124,15:29:41,1.0,300,127150
20240124,15:29:46,1.0,800,127150
20240124,15:29:52,0.65,50,127150
20240125,09:15:06,0.7,1,125200
20240125,09:15:06,0.65,250,125200
20240125,09:15:08,0.15,50,125200
20240125,09:15:20,0.15,1800,125200
20240125,09:16:06,0.45,400,125200
20240125,09:16:09,0.45,100,125200
20240125,09:16:10,0.4,100,125200
20240125,09:16:11,0.4,400,125200
20240125,09:16:23,0.35,100,125200
20240125,09:16:27,0.35,850,125200
20240125,09:16:31,0.35,800,125200
20240125,09:16:50,0.45,1800,125200
20240125,09:17:01,0.35,200,125200
20240125,09:17:03,0.45,1800,125200
20240125,09:17:23,0.4,300,125200
20240125,09:17:35,0.4,2400,125200
20240125,09:17:38,0.35,600,125200
20240125,09:17:46,0.35,300,125200
20240125,09:18:08,0.35,700,125200
20240125,09:18:10,0.35,350,128600
20240125,09:18:11,0.35,100,128600
20240125,09:18:54,0.35,500,128600
20240125,09:19:10,0.3,1800,128600
20240125,09:19:53,0.3,50,128600
20240125,09:20:13,0.35,250,128600
20240125,09:20:18,0.35,250,128600
20240125,09:20:38,0.35,350,128600
20240125,09:20:43,0.35,100,128600
20240125,09:22:18,0.3,50,127100
20240125,09:26:08,0.4,200,127100
20240125,09:26:13,0.4,100,127100
20240125,09:26:14,0.3,350,127100
20240125,09:26:20,0.35,650,127100
20240125,09:26:30,0.4,200,127100
20240125,09:26:46,0.4,100,127100
20240125,09:26:47,0.35,200,127100
20240125,09:26:54,0.3,100,126800
20240125,09:27:01,0.35,400,126800
20240125,09:28:08,0.4,200,126800
20240125,09:28:09,0.4,300,126800
20240125,09:28:10,0.4,50,126800
20240125,09:29:08,0.3,300,126800
20240125,09:29:57,0.3,250,127000
20240125,09:32:04,0.25,1000,127000
20240125,09:32:17,0.25,850,127000
20240125,09:32:34,0.3,550,127000
20240125,09:32:40,0.25,100,127000
20240125,09:32:49,0.3,550,127000
20240125,09:33:46,0.3,250,126000
20240125,09:33:52,0.3,850,126000
20240125,09:36:43,0.35,50,126000
20240125,09:40:38,0.25,200,126200
20240125,09:41:39,0.25,1800,126200
20240125,09:42:08,0.25,350,126200
20240125,09:43:40,0.3,500,124750
20240125,09:44:07,0.3,350,124750
20240125,09:44:10,0.3,50,124750
20240125,09:44:38,0.35,50,124750
20240125,09:46:55,0.25,50,124750
20240125,09:51:35,0.35,50,124750
20240125,09:52:20,0.25,50,124750
20240125,09:55:41,0.25,50,124800
20240125,09:55:42,0.25,200,124800
20240125,09:55:43,0.25,50,124800
20240125,09:55:56,0.25,100,124800
20240125,09:57:15,0.3,250,124800
20240125,09:57:26,0.3,250,124800
20240125,09:57:50,0.35,50,124800
20240125,09:58:05,0.25,750,124800
20240125,09:58:06,0.35,100,124800
20240125,09:58:08,0.35,50,124800
20240125,09:58:17,0.35,150,124800
20240125,09:59:14,0.35,250,124800
20240125,10:02:46,0.35,50,124900
20240125,10:06:29,0.25,3600,124950
20240125,10:06:30,0.2,750,124950
20240125,10:06:46,0.25,100,124950
20240125,10:07:56,0.2,700,124950
20240125,10:08:08,0.25,1000,124950
20240125,10:09:54,0.3,2500,123800
20240125,10:13:35,0.3,500,124700
20240125,10:13:37,0.3,500,124700
20240125,10:13:42,0.3,500,124700
20240125,10:13:47,0.3,5850,124700
20240125,10:14:04,0.35,500,124700
20240125,10:14:06,0.3,1650,124700
20240125,10:14:12,0.3,650,124700
20240125,10:14:16,0.35,3000,124700
20240125,10:14:17,0.35,100,124700
20240125,10:14:20,0.35,50,124700
20240125,10:14:26,0.35,150,124700
20240125,10:14:35,0.35,250,124700
20240125,10:14:40,0.35,100,124700
20240125,10:14:58,0.35,900,132200
20240125,10:16:23,0.35,2500,132200
20240125,10:16:40,0.35,1050,132200
20240125,10:16:41,0.35,450,132200
20240125,10:17:18,0.35,500,132200
20240125,10:17:42,0.35,250,132200
20240125,10:18:05,0.35,100,130650
20240125,10:18:21,0.35,2250,130650
20240125,10:20:26,0.35,1200,130650
20240125,10:20:32,0.35,700,130650
20240125,10:22:43,0.35,50,131450
20240125,10:24:49,0.35,50,131500
20240125,10:25:43,0.35,300,131500
20240125,10:27:36,0.35,100,131450
20240125,10:34:08,0.35,100,131350
20240125,10:34:12,0.35,50,131350
20240125,10:46:27,0.35,200,131350
20240125,10:52:27,0.4,50,131200
20240125,10:54:10,0.35,50,131000
20240125,10:54:27,0.35,200,131000
20240125,10:54:43,0.35,450,131000
20240125,10:56:06,0.35,150,131000
20240125,10:56:12,0.35,500,131000
20240125,10:57:45,0.35,250,131000
20240125,11:00:50,0.35,450,129400
20240125,11:01:26,0.3,1800,129400
20240125,11:01:47,0.35,50,129400
20240125,11:03:38,0.3,1000,129400
20240125,11:03:47,0.25,250,128650
20240125,11:05:08,0.3,600,128650
20240125,11:07:34,0.3,200,128650
20240125,11:09:23,0.3,100,127800
20240125,11:10:20,0.3,200,127800
20240125,11:14:03,0.35,50,127800
20240125,11:21:34,0.3,450,127800
20240125,11:21:34,0.3,1250,127800
20240125,11:21:35,0.3,50,127800
20240125,11:26:52,0.25,250,127800
20240125,11:26:53,0.3,100,127700
20240125,11:27:03,0.3,100,127700
20240125,11:27:03,0.25,250,127700
20240125,11:27:15,0.25,200,127000
20240125,11:28:07,0.25,500,127000
20240125,11:36:09,0.25,600,127000
20240125,11:39:20,0.25,300,126400
20240125,11:39:47,0.25,250,126400
20240125,11:40:31,0.25,250,126400
20240125,11:44:05,0.2,1300,125600
20240125,11:44:06,0.25,600,125600
20240125,11:44:08,0.25,1150,125600
20240125,11:44:22,0.2,1050,125600
20240125,11:44:24,0.2,1500,125600
20240125,11:45:30,0.25,50,125600
20240125,11:45:34,0.2,50,125600
20240125,11:46:45,0.25,550,125600
20240125,11:46:57,0.25,500,125600
20240125,11:47:15,0.2,1450,125600
20240125,11:47:16,0.2,1500,125600
20240125,11:47:28,0.25,500,125600
20240125,11:47:29,0.2,3350,125600
20240125,11:49:07,0.25,50,125650
20240125,11:49:37,0.2,1250,125650
20240125,11:50:02,0.25,50,125650
20240125,11:50:13,0.2,500,125650
20240125,11:50:13,0.2,50,125650
20240125,11:50:21,0.25,50,125650
20240125,11:50:22,0.25,50,125650
20240125,11:53:13,0.25,50,125650
20240125,11:54:41,0.25,50,125750
20240125,11:54:42,0.25,50,125800
20240125,11:54:57,0.25,50,125800
20240125,11:55:01,0.25,400,125800
20240125,11:57:05,0.25,1100,125800
20240125,11:57:28,0.2,100,126600
20240125,11:58:36,0.2,2200,126600
20240125,11:59:01,0.2,550,126600
20240125,11:59:03,0.2,550,126600
20240125,11:59:17,0.2,1100,126600
20240125,11:59:43,0.15,50,126600
20240125,11:59:44,0.2,50,126600
20240125,11:59:48,0.2,50,126600
20240125,12:00:09,0.2,250,126600
20240125,12:00:36,0.15,1050,125450
20240125,12:00:42,0.15,500,125450
20240125,12:00:43,0.15,50,125450
20240125,12:01:24,0.15,450,125450
20240125,12:01:26,0.15,900,125450
20240125,12:01:27,0.15,600,125450
20240125,12:01:28,0.15,600,125450
20240125,12:01:29,0.15,650,125450
20240125,12:01:31,0.15,300,125450
20240125,12:01:36,0.15,400,125450
20240125,12:01:42,0.15,1950,125450
20240125,12:01:49,0.15,1800,125450
20240125,12:01:55,0.15,250,125450
20240125,12:02:19,0.15,500,125450
20240125,12:02:23,0.15,450,125450
20240125,12:02:24,0.15,2000,125450
20240125,12:02:25,0.15,2400,125450
20240125,12:02:26,0.1,2000,125450
20240125,12:02:27,0.1,1800,125450
20240125,12:02:29,0.1,1800,125450
20240125,12:02:30,0.1,550,125450
20240125,12:02:36,0.1,150,125450
20240125,12:02:41,0.1,1800,125450
20240125,12:02:49,0.1,750,125450
20240125,12:02:50,0.1,100,125450
20240125,12:02:51,0.1,50,125450
20240125,12:03:01,0.1,1800,125450
20240125,12:03:13,0.1,300,123650
20240125,12:03:16,0.1,50,123650
20240125,12:03:46,0.1,100,123650
20240125,12:04:04,0.1,550,123650
20240125,12:04:24,0.1,300,123650
20240125,12:04:38,0.1,300,123650
20240125,12:04:57,0.1,50,123650
20240125,12:05:01,0.1,150,123650
20240125,12:05:02,0.1,50,123650
20240125,12:05:05,0.1,50,123650
20240125,12:05:07,0.1,1800,123650
20240125,12:05:09,0.1,1100,123650
20240125,12:05:10,0.1,1800,123650
20240125,12:05:11,0.1,1800,123650
20240125,12:05:12,0.1,2800,123650
20240125,12:05:14,0.1,100,123650
20240125,12:05:14,0.1,900,123650
20240125,12:05:15,0.1,1800,123650
20240125,12:05:18,0.1,1800,123650
20240125,12:05:20,0.1,1800,123650
20240125,12:05:20,0.1,2850,123650
20240125,12:05:22,0.1,1800,123650
20240125,12:05:22,0.1,1950,123650
20240125,12:05:24,0.1,1800,123650
20240125,12:05:26,0.1,2200,123650
20240125,12:05:28,0.05,1800,123650
20240125,12:05:30,0.05,1800,123650
20240125,12:05:31,0.05,3750,123650
20240125,12:05:32,0.05,3600,123650
20240125,12:05:33,0.05,1800,123650
20240125,12:05:34,0.05,1800,123650
20240125,12:05:35,0.05,1800,123650
20240125,12:05:39,0.05,2400,123650
20240125,12:05:40,0.05,1800,123650
20240125,12:05:41,0.05,4400,123650
20240125,12:05:42,0.1,550,123650
20240125,12:05:43,0.1,2200,123650
20240125,12:05:45,0.1,7900,123650
20240125,12:05:45,0.1,1800,123650
20240125,12:05:46,0.1,1000,123650
20240125,12:05:48,0.1,500,123650
20240125,12:05:48,0.1,5000,123650
20240125,12:05:50,0.1,12700,123650
20240125,12:05:51,0.1,2000,123650
20240125,12:05:52,0.1,550,123650
20240125,12:05:53,0.05,250,123650
20240125,12:05:54,0.1,500,123650
20240125,12:05:55,0.1,500,123650
20240125,12:05:56,0.1,500,123650
20240125,12:05:57,0.1,250,123650
20240125,12:06:09,0.15,500,123650
20240125,12:06:33,0.1,650,122000
20240125,12:06:43,0.1,350,122000
20240125,12:07:20,0.1,600,122000
20240125,12:07:38,0.1,500,122000
20240125,12:07:42,0.1,1000,122000
20240125,12:07:51,0.1,500,122000
20240125,12:08:02,0.1,600,122000
20240125,12:08:03,0.1,600,122000
20240125,12:08:14,0.1,600,122000
20240125,12:08:17,0.1,750,122000
20240125,12:09:35,0.1,800,122000
20240125,12:09:54,0.1,600,122000
20240125,12:11:14,0.05,350,122000
20240125,12:13:18,0.05,100,122000
20240125,12:13:31,0.05,100,122000
20240125,12:14:11,0.05,1800,122000
20240125,12:14:15,0.05,300,122000
20240125,12:14:26,0.05,50,122000
20240125,12:14:28,0.05,250,122000
20240125,12:15:47,0.05,650,122000
20240125,12:15:50,0.05,500,122000
20240125,12:15:53,0.05,650,122000
20240125,12:15:54,0.05,550,122000
20240125,12:15:55,0.05,500,122000
20240125,12:15:56,0.05,500,122000
20240125,12:15:57,0.05,1000,122000
20240125,12:15:58,0.05,1500,122000
20240125,12:15:59,0.05,550,122000
20240125,12:16:06,0.05,50,122000
20240125,12:16:20,0.05,700,122000
20240125,12:17:07,0.05,1200,122000
20240125,12:17:26,0.05,800,122000
20240125,12:19:03,0.05,500,122000
20240125,12:19:30,0.05,250,122100
20240125,12:20:12,0.05,1550,122100
20240125,12:21:12,0.1,500,122100
20240125,12:21:14,0.1,200,122100
20240125,12:21:22,0.1,500,122000
20240125,12:21:29,0.05,50,122000
20240125,12:21:50,0.1,150,122000
20240125,12:22:37,0.1,500,122000
20240125,12:23:03,0.1,500,122000
20240125,12:23:07,0.1,600,122000
20240125,12:23:08,0.1,500,122000
20240125,12:35:24,0.05,200,122000
20240125,12:40:16,0.05,50,122000
20240125,12:46:37,0.05,50,122000
20240125,12:46:57,0.05,50,122000
20240125,12:47:17,0.05,50,122000
20240125,12:47:18,0.05,5850,122000
20240125,12:47:19,0.05,400,122000
20240125,12:48:22,0.1,2000,122200
20240125,12:51:30,0.1,50,122200
20240125,12:54:21,0.05,50,122300
20240125,12:56:28,0.1,10800,122300
20240125,12:56:37,0.05,700,122300
20240125,12:59:21,0.1,50,122300
20240125,12:59:40,0.05,350,122300
20240125,13:00:06,0.1,7200,122300
20240125,13:00:07,0.1,8500,122300
20240125,13:00:24,0.05,200,122300
20240125,13:02:48,0.1,500,122300
20240125,13:02:49,0.05,900,122300
20240125,13:02:52,0.1,500,122300
20240125,13:02:53,0.1,1250,122300
20240125,13:02:57,0.1,250,122300
20240125,13:03:09,0.1,100,122300
20240125,13:03:52,0.1,500,122300
20240125,13:03:55,0.1,1850,122300
20240125,13:04:01,0.1,1900,122300
20240125,13:04:04,0.1,1700,122300
20240125,13:04:23,0.1,550,122300
20240125,13:04:24,0.15,150,122300
20240125,13:04:27,0.1,950,122300
20240125,13:05:25,0.1,450,122300
20240125,13:06:26,0.05,100,122800
20240125,13:06:32,0.1,100,122800
20240125,13:06:51,0.1,2900,122800
20240125,13:06:54,0.1,4300,122800
20240125,13:07:12,0.15,250,122800
20240125,13:08:18,0.15,4750,122800
20240125,13:08:31,0.15,600,122800
20240125,13:11:47,0.1,100,122800
20240125,13:14:49,0.1,550,122600
20240125,13:14:57,0.15,900,122600
20240125,13:15:00,0.1,1800,122600
20240125,13:15:17,0.1,1800,122600
20240125,13:16:25,0.1,200,122000
20240125,13:16:28,0.1,6350,122000
20240125,13:16:33,0.1,50,122000
20240125,13:19:31,0.1,1200,122000
20240125,13:21:28,0.1,250,122600
20240125,13:22:00,0.1,250,122600
20240125,13:23:50,0.1,500,122600
20240125,13:23:53,0.05,50,122600
20240125,13:23:59,0.1,250,122600
20240125,13:24:01,0.1,250,122600
20240125,13:24:13,0.1,400,122600
20240125,13:24:26,0.1,250,122550
20240125,13:26:36,0.1,250,122550
20240125,13:29:13,0.05,500,122550
20240125,13:29:15,0.05,500,122550
20240125,13:29:16,0.05,500,122550
20240125,13:29:18,0.05,500,122550
20240125,13:29:19,0.05,500,122550
20240125,13:29:20,0.05,500,122550
20240125,13:29:21,0.05,500,122550
20240125,13:29:22,0.05,550,122550
20240125,13:29:23,0.05,500,122550
20240125,13:29:24,0.05,500,122550
20240125,13:29:25,0.05,150,122550
20240125,13:29:30,0.1,450,122550
20240125,13:29:56,0.05,50,122550
20240125,13:31:00,0.1,50,122000
20240125,13:32:15,0.1,600,122000
20240125,13:32:32,0.1,200,122000
20240125,13:36:28,0.1,50,122000
20240125,13:38:31,0.05,1700,122400
20240125,13:39:09,0.1,50,122400
20240125,13:39:10,0.1,700,122400
20240125,13:39:11,0.1,50,122400
20240125,13:39:12,0.1,200,122400
20240125,13:39:13,0.1,50,122400
20240125,13:39:14,0.1,300,122400
20240125,13:39:17,0.1,50,122400
20240125,13:39:19,0.1,200,122400
20240125,13:39:20,0.1,150,122400
20240125,13:39:20,0.1,50,122400
20240125,13:39:21,0.1,100,122400
20240125,13:39:22,0.1,50,122400
20240125,13:39:23,0.1,600,122600
20240125,13:39:24,0.1,50,122600
20240125,13:39:25,0.1,100,122600
20240125,13:39:26,0.1,200,122600
20240125,13:39:27,0.1,100,122600
20240125,13:39:28,0.1,500,122600
20240125,13:39:29,0.1,400,122600
20240125,13:39:30,0.1,700,122600
20240125,13:39:32,0.1,300,122600
20240125,13:39:33,0.1,1000,122600
20240125,13:39:34,0.1,100,122600
20240125,13:39:35,0.1,100,122600
20240125,13:39:36,0.1,350,122600
20240125,13:39:37,0.1,350,122600
20240125,13:39:38,0.1,350,122600
20240125,13:39:39,0.1,550,122600
20240125,13:39:40,0.1,300,122600
20240125,13:39:41,0.1,1200,122600
20240125,13:39:42,0.1,800,122600
20240125,13:39:43,0.1,1800,122600
20240125,13:39:44,0.1,300,122600
20240125,13:39:45,0.1,250,122600
20240125,13:39:46,0.1,500,122600
20240125,13:39:47,0.1,750,122600
20240125,13:39:48,0.1,2050,122600
20240125,13:39:50,0.1,2150,122600
20240125,13:39:56,0.1,1000,122600
20240125,13:39:58,0.15,500,122600
20240125,13:40:29,0.15,50,122600
20240125,13:40:30,0.15,50,122600
20240125,13:41:56,0.1,250,122600
20240125,13:48:32,0.1,50,122600
20240125,13:48:46,0.1,50,122000
20240125,13:49:09,0.1,50,122000
20240125,13:49:16,0.05,100,122000
20240125,13:53:29,0.05,100,122000
20240125,13:54:33,0.25,9000,122000
20240125,13:54:33,0.3,14400,122000
20240125,13:54:34,0.45,7200,122000
20240125,13:54:41,0.4,1800,122000
20240125,13:54:44,0.1,2600,122000
20240125,13:54:48,0.15,1600,122000
20240125,13:54:51,0.15,100,122000
20240125,13:54:52,0.2,900,122000
20240125,13:57:06,0.1,250,122000
20240125,13:57:13,0.1,300,122000
20240125,13:57:26,0.15,50,122700
20240125,13:58:20,0.1,50,122700
20240125,14:01:44,0.15,500,122700
20240125,14:01:53,0.1,50,122700
20240125,14:02:44,0.05,500,122700
20240125,14:02:46,0.05,500,122700
20240125,14:02:47,0.05,650,122700
20240125,14:02:49,0.05,500,122700
20240125,14:02:50,0.05,500,122700
20240125,14:02:51,0.05,1000,122700
20240125,14:02:52,0.05,1500,122700
20240125,14:02:59,0.15,2100,122700
20240125,14:03:16,0.05,550,122700
20240125,14:03:17,0.05,600,122700
20240125,14:03:18,0.05,550,122700
20240125,14:03:19,0.05,1000,122700
20240125,14:03:20,0.05,550,122700
20240125,14:03:21,0.05,600,122700
20240125,14:03:22,0.05,500,122700
20240125,14:03:23,0.05,500,122700
20240125,14:03:24,0.05,500,122700
20240125,14:05:24,0.1,150,122000
20240125,14:05:54,0.05,150,122000
20240125,14:05:58,0.05,150,122000
20240125,14:07:53,0.05,1200,122000
20240125,14:08:14,0.05,1550,122000
20240125,14:08:18,0.05,250,122000
20240125,14:08:50,0.05,250,122000
20240125,14:14:03,0.05,300,122000
20240125,14:17:35,0.05,1800,122000
20240125,14:17:36,0.05,1800,122000
20240125,14:17:42,0.05,1800,122000
20240125,14:19:12,0.05,1800,122000
20240125,14:25:07,0.05,350,122050
20240125,14:33:58,0.05,50,122050
20240125,14:34:56,0.05,50,122400
20240125,14:40:23,0.05,1800,122400
20240125,14:40:37,0.1,1800,122500
20240125,14:43:56,0.05,50,122950
20240125,14:46:27,0.05,50,122950
20240125,14:49:32,0.05,50,122950
20240125,14:51:12,0.05,3700,122950
20240125,14:53:56,0.05,250,123000
20240125,14:54:08,0.05,50,123000
20240125,14:55:08,0.05,850,123250
20240125,14:59:52,0.05,300,123250
20240125,15:01:34,0.05,3050,124100
20240125,15:01:34,0.05,1800,124100
20240125,15:03:26,0.05,100,124100
20240125,15:03:48,0.05,100,124000
20240125,15:03:52,0.1,850,124000
20240125,15:10:12,0.05,300,123250
20240125,15:10:22,0.05,100,123250
20240125,15:11:22,0.1,100,123250
20240125,15:15:27,0.05,150,123150
20240125,15:17:35,0.05,1800,123150
20240125,15:17:36,0.05,1800,123150
20240125,15:17:38,0.05,300,123150
20240125,15:20:55,0.05,50,123150
20240125,15:21:06,0.05,500,123150
20240125,15:21:41,0.05,200,123150
20240125,15:22:19,0.05,25200,123150
20240125,15:22:19,0.05,7150,123150
20240125,15:22:24,0.05,1000,123150
20240125,15:23:18,0.05,50,123150
20240125,15:24:33,0.05,50,123150
20240125,15:26:14,0.05,100,123150
20240125,15:29:18,0.05,900,123150
20240125,15:29:34,0.05,100,123150
