date,time,tick_price,volume,open_interest
20231228,09:25:24,2.4,50,3050
20231228,09:25:58,3.0,3000,3050
20231228,09:26:48,3.0,100,3050
20231228,09:26:48,2.35,100,3050
20231228,09:26:57,2.45,200,3050
20231228,09:27:05,2.45,400,3050
20231228,09:27:14,2.85,900,3050
20231228,09:27:22,2.55,750,3050
20231228,09:27:31,2.6,150,3050
20231228,09:27:57,2.6,50,3050
20231228,09:28:06,2.65,100,3050
20231228,09:28:14,2.65,900,3050
20231228,09:28:22,2.65,3650,3050
20231228,09:28:30,2.7,50,3050
20231228,09:28:38,2.65,50,3050
20231228,09:28:46,2.7,200,3050
20231228,09:29:02,2.55,2050,3050
20231228,09:29:10,2.65,700,3050
20231228,09:29:18,2.6,1100,3050
20231228,09:29:26,2.6,100,3050
20231228,09:29:34,2.55,500,3050
20231228,09:29:42,2.55,150,3050
20231228,09:30:06,2.7,1100,8650
20231228,09:30:14,2.55,1000,8650
20231228,09:30:22,2.7,100,8650
20231228,09:30:30,2.65,50,8650
20231228,09:30:55,2.75,3300,8650
20231228,09:31:11,2.7,50,8650
20231228,09:31:27,2.65,400,8650
20231228,09:31:35,2.6,850,8650
20231228,09:31:43,2.6,50,8650
20231228,09:31:51,2.6,50,8650
20231228,09:31:58,2.6,50,8650
20231228,09:32:07,2.5,50,8650
20231228,09:32:15,2.5,1000,8650
20231228,09:32:24,2.5,4050,8650
20231228,09:32:32,2.55,50,8650
20231228,09:32:56,2.55,50,15900
20231228,09:33:43,2.55,50,15900
20231228,09:33:51,2.5,1000,15900
20231228,09:33:58,2.5,1000,15900
20231228,09:34:06,2.5,50,15900
20231228,09:34:15,2.5,50,15900
20231228,09:34:32,2.45,700,15900
20231228,09:34:41,2.45,250,15900
20231228,09:34:49,2.45,50,15900
20231228,09:34:57,2.45,1000,15900
20231228,09:35:05,2.45,50,15900
20231228,09:35:13,2.45,100,15900
20231228,09:35:21,2.45,450,15900
20231228,09:35:30,2.45,400,15900
20231228,09:35:46,2.4,1900,15900
20231228,09:35:54,2.35,1500,17550
20231228,09:36:10,2.3,1450,17550
20231228,09:36:18,2.25,2250,17550
20231228,09:36:27,2.25,400,17550
20231228,09:36:42,2.2,400,17550
20231228,09:36:50,2.25,1600,17550
20231228,09:36:58,2.3,300,17550
20231228,09:37:14,2.2,2000,17550
20231228,09:37:23,2.15,500,17550
20231228,09:37:55,2.15,250,17550
20231228,09:38:11,2.25,150,17550
20231228,09:38:19,2.25,500,17550
20231228,09:38:27,2.2,50,17550
20231228,09:38:58,2.2,50,22250
20231228,09:39:14,2.1,150,22250
20231228,09:39:39,2.1,50,22250
20231228,09:40:04,2.2,50,22250
20231228,09:40:27,2.05,7600,22250
20231228,09:40:35,2.05,3000,22250
20231228,09:40:44,2.1,50,22250
20231228,09:41:00,2.1,50,22250
20231228,09:41:08,2.1,600,22250
20231228,09:41:16,2.1,100,22250
20231228,09:41:55,2.05,1800,30700
20231228,09:42:04,2.05,1050,30700
20231228,09:42:12,2.0,1000,30700
20231228,09:42:28,2.0,300,30700
20231228,09:42:53,2.05,450,30700
20231228,09:43:02,2.1,100,30700
20231228,09:43:18,2.05,2050,30700
20231228,09:43:26,2.0,1600,30700
20231228,09:43:43,2.05,550,30700
20231228,09:44:15,2.05,50,30700
20231228,09:44:23,2.0,500,30700
20231228,09:44:31,2.05,250,30700
20231228,09:44:40,2.05,50,30700
20231228,09:44:48,2.05,150,30700
20231228,09:45:04,2.05,600,37150
20231228,09:45:13,2.05,1100,37150
20231228,09:45:29,2.05,300,37150
20231228,09:46:25,2.05,50,37150
20231228,09:46:49,2.2,800,37150
20231228,09:47:46,2.15,2250,37150
20231228,09:47:55,2.05,800,40050
20231228,09:48:04,2.05,1150,40050
20231228,09:48:28,2.1,50,40050
20231228,09:49:18,2.1,100,40050
20231228,09:49:34,2.1,50,40050
20231228,09:50:27,2.1,800,40050
20231228,09:50:38,2.1,400,40050
20231228,09:50:47,2.1,200,40050
20231228,09:50:57,2.0,1100,40050
20231228,09:51:07,2.0,500,41150
20231228,09:51:56,2.1,50,41150
20231228,09:52:05,2.05,400,41150
20231228,09:52:15,2.05,350,41150
20231228,09:52:25,2.05,50,41150
20231228,09:52:54,2.05,450,41150
20231228,09:53:03,2.05,50,41150
20231228,09:53:59,2.1,250,42050
20231228,09:54:08,2.1,50,42050
20231228,09:54:17,2.05,250,42050
20231228,09:54:26,2.05,2650,42050
20231228,09:54:36,2.0,1000,42050
20231228,09:54:45,1.95,1100,42050
20231228,09:54:54,1.95,500,42050
20231228,09:55:03,2.0,600,42050
20231228,09:55:13,2.0,50,42050
20231228,09:55:22,2.05,200,42050
20231228,09:55:40,2.0,50,42050
20231228,09:55:49,2.05,550,42050
20231228,09:56:00,2.05,400,42050
20231228,09:56:09,2.1,1050,42050
20231228,09:56:19,2.05,150,42050
20231228,09:56:28,2.15,900,42050
20231228,09:56:37,2.1,900,42050
20231228,09:56:47,2.15,200,42050
20231228,09:56:56,2.05,200,42050
20231228,09:57:14,2.05,200,46200
20231228,09:57:30,2.05,1650,46200
20231228,09:57:37,2.05,1800,46200
20231228,09:57:45,2.0,1350,46200
20231228,09:57:59,2.05,550,46200
20231228,09:58:07,2.05,250,46200
20231228,09:58:15,2.0,700,46200
20231228,09:58:54,2.1,250,46200
20231228,09:59:02,2.05,550,46200
20231228,09:59:09,2.05,150,46200
20231228,09:59:16,2.0,250,46200
20231228,09:59:24,1.95,250,46200
20231228,09:59:31,2.0,100,46200
20231228,09:59:39,2.0,50,46200
20231228,10:00:08,1.95,500,47200
20231228,10:00:16,1.9,1900,47200
20231228,10:00:24,1.9,50,47200
20231228,10:01:09,1.95,100,47200
20231228,10:01:32,2.0,500,47200
20231228,10:01:47,2.0,50,47200
20231228,10:02:09,2.0,250,47200
20231228,10:02:24,1.95,500,47200
20231228,10:03:24,2.0,100,49800
20231228,10:03:34,1.95,300,49800
20231228,10:03:43,1.95,50,49800
20231228,10:04:18,1.95,50,49800
20231228,10:04:35,1.9,1400,49800
20231228,10:04:43,1.9,800,49800
20231228,10:05:09,1.9,250,49800
20231228,10:05:43,1.8,3150,49800
20231228,10:06:43,1.9,150,52250
20231228,10:07:26,1.9,50,52250
20231228,10:08:09,1.9,150,52250
20231228,10:08:18,1.95,1300,52250
20231228,10:08:27,1.95,100,52250
20231228,10:08:35,1.95,450,52250
20231228,10:08:43,1.9,50,52250
20231228,10:08:51,1.9,150,52250
20231228,10:09:00,1.95,50,52250
20231228,10:09:18,1.9,50,52650
20231228,10:09:51,1.95,600,52650
20231228,10:09:59,2.0,700,52650
20231228,10:10:08,1.95,1300,52650
20231228,10:10:16,1.95,1000,52650
20231228,10:10:34,1.95,1200,52650
20231228,10:11:00,1.95,300,52650
20231228,10:11:10,1.95,200,52650
20231228,10:12:09,1.9,1000,55400
20231228,10:12:25,2.0,300,55400
20231228,10:12:33,2.0,4000,55400
20231228,10:12:49,2.0,250,55400
20231228,10:13:28,2.0,50,55400
20231228,10:13:36,1.95,1000,55400
20231228,10:14:06,2.0,200,55400
20231228,10:14:38,1.95,750,55400
20231228,10:15:09,2.0,100,57900
20231228,10:15:17,2.0,1050,57900
20231228,10:15:33,2.0,100,57900
20231228,10:15:48,2.0,50,57900
20231228,10:17:22,2.0,50,57900
20231228,10:18:11,2.0,1800,59200
20231228,10:18:20,2.0,1000,59200
20231228,10:18:28,2.0,1500,59200
20231228,10:18:36,2.0,250,59200
20231228,10:18:44,2.05,50,59200
20231228,10:18:52,2.05,300,59200
20231228,10:19:00,2.05,2900,59200
20231228,10:19:08,2.0,950,59200
20231228,10:19:15,2.0,250,59200
20231228,10:19:31,2.05,1250,59200
20231228,10:19:39,2.0,450,59200
20231228,10:20:37,2.05,1800,59200
20231228,10:20:53,2.05,150,59200
20231228,10:21:02,2.05,150,64100
20231228,10:21:10,2.05,400,64100
20231228,10:21:18,2.05,950,64100
20231228,10:21:50,2.05,650,64100
20231228,10:21:58,2.05,100,64100
20231228,10:22:14,2.05,100,64100
20231228,10:23:10,2.05,100,64100
20231228,10:23:17,2.1,200,64100
20231228,10:23:41,2.05,50,64100
20231228,10:23:58,2.05,250,64100
20231228,10:24:07,2.05,900,64100
20231228,10:24:15,2.0,50,64100
20231228,10:24:40,2.05,150,64100
20231228,10:25:03,2.05,450,64100
20231228,10:25:11,1.95,1000,64100
20231228,10:25:42,2.0,50,64100
20231228,10:25:58,2.05,1800,64100
20231228,10:26:14,2.05,250,64100
20231228,10:27:01,2.0,50,67300
20231228,10:27:31,1.95,1000,67300
20231228,10:28:30,2.0,200,67300
20231228,10:28:37,2.0,50,67300
20231228,10:28:51,1.95,50,67300
20231228,10:28:59,2.0,50,67300
20231228,10:30:20,2.0,50,66850
20231228,10:30:27,1.95,150,66850
20231228,10:30:35,1.95,600,66850
20231228,10:32:17,1.95,50,66850
20231228,10:33:15,2.0,100,66900
20231228,10:33:22,1.9,950,66900
20231228,10:33:28,2.0,200,66900
20231228,10:33:42,1.95,50,66900
20231228,10:33:48,1.95,50,66900
20231228,10:34:22,1.95,50,66900
20231228,10:34:48,1.95,150,66900
20231228,10:34:54,1.9,1000,66900
20231228,10:35:05,1.9,3300,66900
20231228,10:35:11,2.0,1800,66900
20231228,10:35:17,2.0,1400,66900
20231228,10:35:29,1.95,950,66900
20231228,10:35:35,1.9,500,66900
20231228,10:35:42,1.95,50,66900
20231228,10:35:59,1.95,50,66900
20231228,10:36:28,2.0,450,76250
20231228,10:36:48,2.0,200,76250
20231228,10:36:54,1.95,1550,76250
20231228,10:37:00,2.0,100,76250
20231228,10:37:53,2.0,50,76250
20231228,10:38:10,2.05,150,76250
20231228,10:39:41,1.95,250,77150
20231228,10:39:47,2.0,1250,77150
20231228,10:39:53,2.0,250,77150
20231228,10:40:04,1.95,1550,77150
20231228,10:41:15,1.95,50,77150
20231228,10:41:50,2.05,250,77150
20231228,10:43:04,2.0,50,75600
20231228,10:43:38,2.0,500,75600
20231228,10:43:50,2.05,50,75600
20231228,10:44:11,2.0,1750,75600
20231228,10:44:17,2.05,300,75600
20231228,10:45:16,1.95,5000,76900
20231228,10:45:23,1.95,1000,76900
20231228,10:45:29,1.95,3300,76900
20231228,10:45:36,2.0,50,76900
20231228,10:45:42,2.0,50,76900
20231228,10:45:54,1.9,1500,76900
20231228,10:45:59,1.95,150,76900
20231228,10:46:05,1.9,50,76900
20231228,10:46:27,1.95,50,76900
20231228,10:46:46,1.9,200,76900
20231228,10:47:29,1.95,50,76900
20231228,10:47:34,1.95,100,76900
20231228,10:47:51,1.9,2850,76900
20231228,10:48:10,1.95,200,83100
20231228,10:48:17,1.95,100,83100
20231228,10:48:41,2.0,1800,83100
20231228,10:49:46,1.95,250,83100
20231228,10:50:18,1.9,150,83100
20231228,10:50:51,1.9,250,83100
20231228,10:50:57,1.9,550,83100
20231228,10:51:20,1.95,200,84050
20231228,10:51:31,1.95,50,84050
20231228,10:51:37,1.9,50,84050
20231228,10:52:52,1.9,50,84050
20231228,10:53:41,1.95,1000,84050
20231228,10:54:30,1.9,3000,84650
20231228,10:54:38,2.0,200,84650
20231228,10:54:45,2.0,50,84650
20231228,10:54:59,2.0,500,84650
20231228,10:55:06,1.9,50,84650
20231228,10:55:20,2.0,50,84650
20231228,10:55:35,2.0,100,84650
20231228,10:56:13,2.0,1000,84650
20231228,10:56:32,1.9,4050,84650
20231228,10:56:44,1.9,1300,84650
20231228,10:56:50,1.85,700,84650
20231228,10:56:56,1.85,2100,84650
20231228,10:57:07,1.9,50,93250
20231228,10:57:12,1.9,600,93250
20231228,10:57:18,1.9,1500,93250
20231228,10:58:27,1.9,3050,93250
20231228,10:58:59,1.9,2600,93250
20231228,10:59:11,1.95,150,93250
20231228,10:59:29,1.95,100,93250
20231228,11:00:09,1.85,50,101000
20231228,11:00:15,1.85,250,101000
20231228,11:00:33,1.95,50,101000
20231228,11:00:51,1.85,250,101000
20231228,11:01:13,1.95,150,101000
20231228,11:01:36,1.95,150,101000
20231228,11:01:41,1.95,150,101000
20231228,11:01:52,2.0,2900,101000
20231228,11:01:57,1.95,100,101000
20231228,11:02:18,1.9,100,101000
20231228,11:02:33,1.9,50,101000
20231228,11:02:49,1.9,100,101000
20231228,11:02:55,1.9,200,101000
20231228,11:03:14,1.9,100,103050
20231228,11:06:13,1.85,400,103100
20231228,11:06:26,1.9,100,103100
20231228,11:06:49,1.9,550,103100
20231228,11:06:54,1.85,250,103100
20231228,11:07:30,1.9,1800,103100
20231228,11:07:36,1.9,500,103100
20231228,11:07:41,1.95,50,103100
20231228,11:07:51,1.95,500,103100
20231228,11:07:56,1.95,500,103100
20231228,11:08:03,1.9,750,103100
20231228,11:08:41,1.9,250,103100
20231228,11:08:50,1.9,250,103100
20231228,11:08:58,1.9,250,103100
20231228,11:09:08,1.9,250,103750
20231228,11:09:26,1.9,100,103750
20231228,11:09:49,1.9,50,103750
20231228,11:09:57,1.95,200,103750
20231228,11:10:21,1.9,3300,103750
20231228,11:10:45,1.9,50,103750
20231228,11:11:07,1.9,50,103750
20231228,11:11:43,1.95,50,103750
20231228,11:11:51,1.95,100,103750
20231228,11:11:59,1.9,500,103750
20231228,11:12:13,1.95,100,103950
20231228,11:12:21,1.95,550,103950
20231228,11:13:02,1.95,500,103950
20231228,11:13:42,2.0,700,103950
20231228,11:14:25,1.9,250,103950
20231228,11:14:51,1.9,650,103950
20231228,11:15:26,1.95,2300,105050
20231228,11:16:24,1.9,800,105050
20231228,11:17:16,1.95,100,105050
20231228,11:17:22,1.95,50,105050
20231228,11:17:48,1.9,100,105050
20231228,11:17:54,1.95,50,105050
20231228,11:18:54,1.95,250,104900
20231228,11:19:12,1.95,500,104900
20231228,11:19:41,1.95,50,104900
20231228,11:19:57,1.95,250,104900
20231228,11:20:03,1.9,50,104900
20231228,11:20:14,1.95,150,104900
20231228,11:20:38,2.0,50,104900
20231228,11:21:42,2.0,250,105200
20231228,11:21:48,2.0,2350,105200
20231228,11:22:22,2.0,300,105200
20231228,11:22:27,2.0,150,105200
20231228,11:22:58,2.05,50,105200
20231228,11:23:18,2.1,3000,105200
20231228,11:23:39,2.05,200,105200
20231228,11:25:16,2.05,750,105450
20231228,11:26:14,2.0,250,105450
20231228,11:27:02,2.05,50,105450
20231228,11:27:48,2.05,50,105800
20231228,11:28:56,2.05,250,105800
20231228,11:29:52,2.05,800,105800
20231228,11:30:02,2.05,50,105800
20231228,11:30:18,2.05,100,106400
20231228,11:30:23,2.05,50,106400
20231228,11:30:33,2.1,450,106400
20231228,11:30:43,2.0,500,106400
20231228,11:31:02,2.1,1550,106400
20231228,11:31:25,2.05,50,106400
20231228,11:31:30,2.0,50,106400
20231228,11:31:50,2.05,50,106400
20231228,11:32:29,2.1,150,106400
20231228,11:32:48,2.05,50,106400
20231228,11:32:57,2.05,50,106400
20231228,11:33:02,2.05,50,106400
20231228,11:33:16,2.05,50,109350
20231228,11:34:04,2.1,350,109350
20231228,11:34:09,2.1,550,109350
20231228,11:34:14,2.1,600,109350
20231228,11:34:19,2.1,750,109350
20231228,11:34:24,2.1,650,109350
20231228,11:34:28,2.1,550,109350
20231228,11:34:32,2.1,500,109350
20231228,11:34:37,2.1,550,109350
20231228,11:34:42,2.05,650,109350
20231228,11:34:46,2.05,550,109350
20231228,11:34:51,2.05,550,109350
20231228,11:34:55,2.05,500,109350
20231228,11:35:00,2.05,650,109350
20231228,11:35:04,2.05,550,109350
20231228,11:35:09,2.05,850,109350
20231228,11:35:15,2.05,750,109350
20231228,11:35:21,2.05,700,109350
20231228,11:35:27,2.05,700,109350
20231228,11:35:31,2.05,500,109350
20231228,11:35:35,2.05,500,109350
20231228,11:35:39,2.05,450,109350
20231228,11:35:43,2.05,550,109350
20231228,11:35:48,2.05,650,109350
20231228,11:35:52,2.05,50,109350
20231228,11:36:06,2.05,400,109350
20231228,11:36:38,2.05,350,120200
20231228,11:36:43,2.05,5500,120200
20231228,11:36:48,2.05,550,120200
20231228,11:36:53,2.05,850,120200
20231228,11:36:59,2.05,450,120200
20231228,11:37:18,2.1,100,120200
20231228,11:37:31,2.1,50,120200
20231228,11:38:12,2.1,750,120200
20231228,11:38:51,2.15,100,120200
20231228,11:38:58,2.1,250,120200
20231228,11:39:32,2.1,1200,122500
20231228,11:39:40,2.1,2300,122500
20231228,11:39:44,2.1,300,122500
20231228,11:40:07,2.15,5000,122500
20231228,11:40:57,2.1,50,122500
20231228,11:41:01,2.1,50,122500
20231228,11:41:05,2.1,50,122500
20231228,11:41:48,2.05,50,122500
20231228,11:42:19,2.05,350,124000
20231228,11:42:23,2.05,550,124000
20231228,11:42:28,2.05,500,124000
20231228,11:42:32,2.05,450,124000
20231228,11:42:36,2.05,550,124000
20231228,11:42:40,2.05,500,124000
20231228,11:42:44,2.05,500,124000
20231228,11:42:49,2.05,550,124000
20231228,11:42:53,2.05,550,124000
20231228,11:42:57,2.05,400,124000
20231228,11:43:01,2.05,700,124000
20231228,11:43:05,2.05,550,124000
20231228,11:43:10,2.05,600,124000
20231228,11:43:14,2.05,2550,124000
20231228,11:43:18,2.05,500,124000
20231228,11:43:23,2.05,500,124000
20231228,11:43:28,2.05,600,124000
20231228,11:43:33,2.05,550,124000
20231228,11:43:37,2.05,600,124000
20231228,11:43:42,2.05,150,124000
20231228,11:44:00,2.05,600,124000
20231228,11:44:05,2.05,500,124000
20231228,11:44:09,2.05,600,124000
20231228,11:44:14,2.05,500,124000
20231228,11:44:18,2.05,450,124000
20231228,11:44:22,2.05,400,124000
20231228,11:44:26,2.05,100,124000
20231228,11:44:54,2.05,250,124000
20231228,11:45:13,2.0,400,135900
20231228,11:45:16,2.0,350,135900
20231228,11:45:20,2.0,500,135900
20231228,11:45:24,2.0,700,135900
20231228,11:45:28,2.0,500,135900
20231228,11:45:31,2.0,450,135900
20231228,11:45:35,2.0,500,135900
20231228,11:45:39,2.0,450,135900
20231228,11:45:43,2.0,350,135900
20231228,11:46:11,2.0,350,135900
20231228,11:46:44,2.0,600,135900
20231228,11:46:59,2.0,200,135900
20231228,11:47:20,2.0,250,135900
20231228,11:47:56,2.0,1850,135900
20231228,11:48:20,2.0,1800,140500
20231228,11:48:49,2.05,1400,140500
20231228,11:51:26,2.0,250,142250
20231228,11:51:35,2.0,250,142250
20231228,11:51:40,2.05,100,142250
20231228,11:52:33,2.0,200,142250
20231228,11:53:51,2.05,100,142250
20231228,11:54:08,2.05,50,142250
20231228,11:54:35,2.05,150,142700
20231228,11:54:58,2.0,100,142700
20231228,11:55:18,2.0,50,142700
20231228,11:55:38,2.05,2000,142700
20231228,11:55:43,2.05,650,142700
20231228,11:55:49,2.05,1850,142700
20231228,11:55:55,2.05,650,142700
20231228,11:57:09,2.1,1550,142700
20231228,11:57:22,2.05,100,147650
20231228,11:57:34,2.05,600,147650
20231228,11:57:37,2.05,550,147650
20231228,11:57:42,2.05,600,147650
20231228,11:57:46,2.05,550,147650
20231228,11:57:50,2.05,550,147650
20231228,11:57:54,2.05,600,147650
20231228,11:57:59,2.05,550,147650
20231228,11:58:03,2.05,500,147650
20231228,11:58:07,2.05,500,147650
20231228,11:58:11,2.05,350,147650
20231228,11:58:15,2.1,50,147650
20231228,11:58:44,2.1,150,147650
20231228,11:59:09,2.1,50,147650
20231228,11:59:14,2.1,150,147650
20231228,11:59:22,2.1,50,147650
20231228,11:59:50,2.05,200,147650
20231228,11:59:54,2.05,150,147650
20231228,12:00:16,2.05,250,153650
20231228,12:00:21,2.05,250,153650
20231228,12:00:51,2.05,50,153650
20231228,12:00:59,2.05,50,153650
20231228,12:01:27,2.05,50,153650
20231228,12:02:02,2.05,500,153650
20231228,12:02:06,2.05,500,153650
20231228,12:02:10,2.05,500,153650
20231228,12:03:08,2.05,50,153650
20231228,12:03:55,2.0,200,154600
20231228,12:04:03,2.05,1700,154600
20231228,12:04:06,2.05,100,154600
20231228,12:04:35,2.05,1250,154600
20231228,12:04:40,2.05,50,154600
20231228,12:05:13,2.1,250,154600
20231228,12:05:18,2.05,400,154600
20231228,12:05:41,2.1,800,154600
20231228,12:05:59,2.05,100,154600
20231228,12:06:03,2.05,100,154600
20231228,12:06:12,2.05,250,155950
20231228,12:06:16,2.05,550,155950
20231228,12:06:20,2.05,550,155950
20231228,12:06:25,2.05,500,155950
20231228,12:06:29,2.05,550,155950
20231228,12:06:33,2.05,550,155950
20231228,12:06:38,2.05,550,155950
20231228,12:06:42,2.05,600,155950
20231228,12:06:46,2.0,2950,155950
20231228,12:06:54,2.0,1500,155950
20231228,12:06:59,2.0,100,155950
20231228,12:07:12,1.95,550,155950
20231228,12:07:16,1.95,450,155950
20231228,12:07:20,1.95,550,155950
20231228,12:07:24,2.0,5100,155950
20231228,12:07:28,2.0,450,155950
20231228,12:07:32,2.0,550,155950
20231228,12:07:36,2.0,400,155950
20231228,12:07:45,2.0,350,155950
20231228,12:07:50,2.0,550,155950
20231228,12:07:56,2.0,700,155950
20231228,12:08:01,2.0,700,155950
20231228,12:08:06,2.0,600,155950
20231228,12:08:11,2.0,550,155950
20231228,12:08:15,2.0,650,155950
20231228,12:08:19,2.0,100,155950
20231228,12:08:28,2.0,50,155950
20231228,12:08:39,2.0,50,155950
20231228,12:08:43,2.0,950,155950
20231228,12:08:48,2.0,600,155950
20231228,12:08:52,2.0,550,155950
20231228,12:08:56,2.0,450,155950
20231228,12:09:00,2.0,550,155950
20231228,12:09:04,2.0,550,155950
20231228,12:09:09,2.0,650,155950
20231228,12:09:14,2.0,550,174550
20231228,12:09:19,2.0,550,174550
20231228,12:09:24,2.0,550,174550
20231228,12:09:28,2.0,600,174550
20231228,12:09:33,2.0,350,174550
20231228,12:09:37,2.05,50,174550
20231228,12:10:40,2.05,50,174550
20231228,12:11:42,2.05,200,174550
20231228,12:11:54,2.0,250,174550
20231228,12:12:12,2.0,150,177400
20231228,12:12:16,2.0,50,177400
20231228,12:12:32,2.0,300,177400
20231228,12:14:30,2.05,50,177400
20231228,12:16:10,2.05,550,177850
20231228,12:17:04,2.05,50,177850
20231228,12:17:28,2.0,450,177850
20231228,12:17:33,2.0,550,177850
20231228,12:17:37,2.0,500,177850
20231228,12:17:41,2.0,600,177850
20231228,12:17:45,2.0,550,177850
20231228,12:17:50,2.0,550,177850
20231228,12:17:55,2.0,300,177850
20231228,12:18:00,2.0,600,177850
20231228,12:18:04,2.0,500,177850
20231228,12:18:08,2.0,550,177850
20231228,12:18:12,2.0,550,183500
20231228,12:18:17,2.0,500,183500
20231228,12:18:21,2.0,100,183500
20231228,12:19:06,2.05,100,183500
20231228,12:19:34,2.05,100,183500
20231228,12:19:57,2.0,550,183500
20231228,12:20:02,2.0,50,183500
20231228,12:20:40,2.0,200,183500
20231228,12:21:06,2.05,100,183500
20231228,12:21:15,2.0,3550,184850
20231228,12:21:20,2.05,50,184850
20231228,12:21:46,2.0,150,184850
20231228,12:21:53,2.0,750,184850
20231228,12:21:59,2.0,750,184850
20231228,12:22:06,2.0,850,184850
20231228,12:22:12,2.0,650,184850
20231228,12:22:19,2.0,750,184850
20231228,12:22:26,2.0,850,184850
20231228,12:22:32,2.0,700,184850
20231228,12:22:48,2.05,150,184850
20231228,12:22:53,2.0,250,184850
20231228,12:23:24,2.05,50,184850
20231228,12:24:02,2.0,250,184850
20231228,12:24:09,2.0,800,184850
20231228,12:24:16,2.0,650,192050
20231228,12:24:23,2.05,750,192050
20231228,12:24:28,2.05,650,192050
20231228,12:24:34,2.05,650,192050
20231228,12:24:40,2.05,700,192050
20231228,12:24:45,2.05,650,192050
20231228,12:24:51,2.05,1800,192050
20231228,12:24:56,2.05,300,192050
20231228,12:25:02,2.05,1600,192050
20231228,12:25:07,2.05,150,192050
20231228,12:25:22,2.1,100,192050
20231228,12:26:10,2.1,150,192050
20231228,12:26:30,2.1,200,192050
20231228,12:26:41,2.1,50,192050
20231228,12:26:46,2.05,100,192050
20231228,12:27:37,2.1,1750,197250
20231228,12:27:42,2.1,750,197250
20231228,12:27:48,2.1,1500,197250
20231228,12:27:54,2.1,200,197250
20231228,12:28:00,2.05,500,197250
20231228,12:28:07,2.05,1000,197250
20231228,12:28:14,2.05,200,197250
20231228,12:28:27,2.05,50,197250
20231228,12:28:50,2.05,150,197250
20231228,12:28:55,2.05,1050,197250
20231228,12:29:07,2.1,300,197250
20231228,12:29:19,2.1,600,197250
20231228,12:29:25,2.1,50,197250
20231228,12:29:43,2.1,50,197250
20231228,12:30:00,2.15,50,197250
20231228,12:30:12,2.05,400,197250
20231228,12:30:35,2.1,300,193800
20231228,12:30:57,2.15,50,193800
20231228,12:31:40,2.05,4200,193800
20231228,12:31:52,2.05,2250,193800
20231228,12:32:02,2.05,100,193800
20231228,12:32:08,2.05,50,193800
20231228,12:33:53,2.05,350,197000
20231228,12:33:57,2.05,1500,197000
20231228,12:34:08,2.05,200,197000
20231228,12:35:09,2.0,500,197000
20231228,12:35:14,1.95,17200,197000
20231228,12:35:19,1.95,700,197000
20231228,12:35:27,1.95,6500,197000
20231228,12:35:34,1.9,150,197000
20231228,12:35:50,1.95,250,197000
20231228,12:35:55,1.9,250,197000
20231228,12:36:06,1.9,3250,197000
20231228,12:36:11,1.9,13500,197000
20231228,12:36:16,1.85,1600,197000
20231228,12:36:21,1.9,350,237150
20231228,12:36:26,1.9,300,237150
20231228,12:36:30,1.9,1600,237150
20231228,12:36:55,1.95,1000,237150
20231228,12:37:05,1.95,200,237150
20231228,12:37:15,1.9,500,237150
20231228,12:37:31,1.95,50,237150
20231228,12:37:52,1.9,400,237150
20231228,12:38:02,1.9,600,237150
20231228,12:38:33,1.9,100,237150
20231228,12:39:30,1.9,300,237150
20231228,12:39:47,1.9,1800,237150
20231228,12:40:58,1.85,5000,237150
20231228,12:41:17,1.95,400,237150
20231228,12:41:59,1.95,250,237150
20231228,12:42:11,1.95,700,237150
20231228,12:42:28,1.9,100,237150
20231228,12:42:44,1.95,50,237150
20231228,12:43:21,1.95,50,237150
20231228,12:43:35,1.9,1050,237150
20231228,12:43:39,1.95,50,237150
20231228,12:44:16,1.95,250,237150
20231228,12:44:21,1.95,250,237150
20231228,12:44:34,1.95,150,237150
20231228,12:45:13,1.95,50,237150
20231228,12:45:28,1.95,1300,238200
20231228,12:46:54,1.95,50,238200
20231228,12:47:01,1.95,50,238200
20231228,12:47:43,1.95,100,238200
20231228,12:48:03,1.9,100,238200
20231228,12:48:29,1.9,700,238300
20231228,12:48:34,1.9,250,238300
20231228,12:48:39,1.95,1500,238300
20231228,12:49:13,1.95,350,238300
20231228,12:49:17,1.95,150,238300
20231228,12:49:32,1.95,200,238300
20231228,12:49:46,1.95,350,238300
20231228,12:49:50,1.95,50,238300
20231228,12:49:55,1.95,550,238300
20231228,12:49:59,1.95,900,238300
20231228,12:50:39,1.95,500,238300
20231228,12:50:46,1.95,50,238300
20231228,12:51:25,1.95,100,238300
20231228,12:51:31,2.0,500,238300
20231228,12:51:41,2.0,200,238300
20231228,12:52:04,2.0,50,238300
20231228,12:52:26,1.95,350,238300
20231228,12:52:54,1.95,50,238300
20231228,12:53:24,1.95,100,238300
20231228,12:53:33,1.9,50,238300
20231228,12:54:49,1.95,150,238300
20231228,12:54:53,1.95,250,238300
20231228,12:55:06,1.95,250,238300
20231228,12:56:09,1.95,100,238300
20231228,12:56:18,1.95,50,238300
20231228,12:57:48,1.95,100,238300
20231228,12:58:15,1.95,450,238300
20231228,12:58:20,1.95,50,238300
20231228,12:58:32,1.95,50,238300
20231228,12:58:54,1.95,50,238300
20231228,12:59:52,1.95,50,238300
20231228,13:00:16,1.95,150,238300
20231228,13:00:38,1.95,50,238300
20231228,13:01:19,1.95,500,238300
20231228,13:01:31,1.95,150,238300
20231228,13:02:07,1.95,300,238300
20231228,13:02:25,1.95,50,238300
20231228,13:02:33,1.95,450,238300
20231228,13:03:51,1.95,50,239400
20231228,13:04:23,1.9,2100,239400
20231228,13:05:51,1.95,50,239400
20231228,13:06:19,1.95,500,239400
20231228,13:06:40,1.95,200,239550
20231228,13:07:23,1.95,1800,239550
20231228,13:07:59,1.9,600,239550
20231228,13:08:12,1.95,200,239550
20231228,13:08:16,1.95,50,239550
20231228,13:08:29,1.9,50,239550
20231228,13:08:38,1.9,300,239550
20231228,13:09:44,1.95,150,240350
20231228,13:10:06,1.95,50,240350
20231228,13:10:14,1.9,50,240350
20231228,13:10:27,1.9,600,240350
20231228,13:10:48,1.95,50,240350
20231228,13:11:56,1.95,250,240350
20231228,13:12:54,2.0,700,240350
20231228,13:13:36,2.0,150,241050
20231228,13:13:47,1.95,3000,241050
20231228,13:14:23,1.95,600,241050
20231228,13:15:01,2.0,50,241050
20231228,13:15:19,1.95,200,241050
20231228,13:15:25,2.0,100,244800
20231228,13:15:40,1.95,600,244800
20231228,13:15:49,2.0,100,244800
20231228,13:16:28,1.95,650,244800
20231228,13:16:43,2.0,700,244800
20231228,13:17:06,2.0,50,244800
20231228,13:17:15,2.0,100,244800
20231228,13:17:46,1.95,600,244800
20231228,13:18:06,2.0,50,244800
20231228,13:18:11,1.95,50,244800
20231228,13:18:26,1.95,500,246550
20231228,13:18:50,2.0,250,246550
20231228,13:18:55,1.95,400,246550
20231228,13:19:04,2.0,50,246550
20231228,13:19:18,2.0,500,246550
20231228,13:19:22,2.0,250,246550
20231228,13:19:27,2.0,250,246550
20231228,13:19:32,2.0,200,246550
20231228,13:19:37,2.0,450,246550
20231228,13:19:41,2.0,100,246550
20231228,13:19:46,2.0,50,246550
20231228,13:19:55,2.0,50,246550
20231228,13:19:59,2.0,100,246550
20231228,13:20:17,2.0,100,246550
20231228,13:20:37,1.95,1800,246550
20231228,13:21:21,1.95,700,249450
20231228,13:21:36,2.0,450,249450
20231228,13:21:54,2.0,500,249450
20231228,13:22:20,2.0,50,249450
20231228,13:22:53,2.0,50,249450
20231228,13:22:57,1.95,500,249450
20231228,13:23:05,2.0,650,249450
20231228,13:23:16,1.95,50,249450
20231228,13:23:42,1.95,100,249450
20231228,13:23:55,1.95,150,249450
20231228,13:24:13,1.95,150,249450
20231228,13:24:36,1.95,200,251300
20231228,13:24:40,1.95,1450,251300
20231228,13:24:57,2.0,1200,251300
20231228,13:25:03,2.0,100,251300
20231228,13:25:47,2.0,350,251300
20231228,13:26:19,2.0,50,251300
20231228,13:26:30,2.0,50,251300
20231228,13:26:39,2.0,100,251300
20231228,13:26:58,2.0,100,251300
20231228,13:27:03,1.95,50,251300
20231228,13:27:11,1.95,750,251300
20231228,13:27:30,1.95,400,253850
20231228,13:27:42,2.0,50,253850
20231228,13:27:51,1.95,1450,253850
20231228,13:27:56,2.0,100,253850
20231228,13:28:02,1.95,1650,253850
20231228,13:28:28,1.95,50,253850
20231228,13:28:33,2.0,50,253850
20231228,13:28:37,1.95,700,253850
20231228,13:28:49,2.0,50,253850
20231228,13:29:54,1.95,50,253850
20231228,13:30:43,1.95,500,254700
20231228,13:30:53,2.0,50,254700
20231228,13:31:14,1.95,200,254700
20231228,13:31:22,1.95,150,254700
20231228,13:31:36,1.95,300,254700
20231228,13:31:40,2.0,50,254700
20231228,13:31:48,1.95,300,254700
20231228,13:31:56,1.95,500,254700
20231228,13:32:03,1.95,300,254700
20231228,13:32:17,2.0,600,254700
20231228,13:32:31,1.95,200,254700
20231228,13:32:47,1.95,300,254700
20231228,13:32:51,2.0,50,254700
20231228,13:32:59,1.95,500,254700
20231228,13:33:04,1.95,1500,254700
20231228,13:33:08,1.95,1000,254700
20231228,13:33:12,1.95,1000,254700
20231228,13:33:39,2.0,50,261450
20231228,13:35:10,2.0,50,261450
20231228,13:35:27,1.95,250,261450
20231228,13:35:36,1.95,250,261450
20231228,13:35:45,1.95,250,261450
20231228,13:35:54,2.0,300,261450
20231228,13:36:11,2.0,400,261450
20231228,13:36:29,2.0,50,261450
20231228,13:36:45,2.0,200,261450
20231228,13:37:31,1.95,150,261450
20231228,13:37:45,2.0,50,261450
20231228,13:37:58,1.95,50,261450
20231228,13:38:02,1.95,400,261450
20231228,13:38:07,1.95,700,261450
20231228,13:38:12,1.95,200,261450
20231228,13:38:26,1.95,50,261450
20231228,13:38:44,1.95,50,261450
20231228,13:38:53,1.9,250,261450
20231228,13:39:02,1.9,350,261450
20231228,13:39:06,1.9,50,261450
20231228,13:39:16,1.9,100,261450
20231228,13:39:32,1.9,400,263100
20231228,13:39:37,1.9,500,263100
20231228,13:39:41,1.9,500,263100
20231228,13:39:45,1.9,450,263100
20231228,13:39:49,1.9,550,263100
20231228,13:39:53,1.9,450,263100
20231228,13:40:00,1.9,200,263100
20231228,13:40:04,1.9,300,263100
20231228,13:40:23,1.95,750,263100
20231228,13:42:16,1.9,250,263100
20231228,13:42:20,1.9,450,263100
20231228,13:42:33,1.95,150,266450
20231228,13:43:20,1.9,1000,266450
20231228,13:43:24,1.9,1000,266450
20231228,13:43:28,1.9,8000,266450
20231228,13:43:32,1.9,1000,266450
20231228,13:44:13,1.9,1000,266450
20231228,13:44:32,1.9,50,266450
20231228,13:44:47,1.9,200,266450
20231228,13:44:51,1.9,500,266450
20231228,13:44:55,1.9,500,266450
20231228,13:44:59,1.9,600,266450
20231228,13:45:04,1.9,1450,266450
20231228,13:45:08,1.9,1950,266450
20231228,13:45:20,1.85,2050,266450
20231228,13:45:25,1.85,300,266450
20231228,13:45:29,1.8,2700,285950
20231228,13:45:33,1.8,3550,285950
20231228,13:45:38,1.8,1950,285950
20231228,13:45:50,1.75,300,285950
20231228,13:45:56,1.75,250,285950
20231228,13:46:17,1.75,1500,285950
20231228,13:46:22,1.75,3150,285950
20231228,13:46:28,1.75,500,285950
20231228,13:46:33,1.75,2250,285950
20231228,13:46:38,1.75,2600,285950
20231228,13:46:44,1.75,3000,285950
20231228,13:47:02,1.8,50,285950
20231228,13:47:06,1.75,1500,285950
20231228,13:47:39,1.75,1500,285950
20231228,13:47:44,1.75,400,285950
20231228,13:47:48,1.8,250,285950
20231228,13:48:27,1.8,50,285950
20231228,13:48:31,1.75,250,307650
20231228,13:48:46,1.75,250,307650
20231228,13:48:54,1.75,50,307650
20231228,13:48:58,1.75,1800,307650
20231228,13:49:01,1.75,500,307650
20231228,13:49:13,1.75,50,307650
20231228,13:49:20,1.75,50,307650
20231228,13:49:39,1.75,50,307650
20231228,13:49:59,1.75,200,307650
20231228,13:50:08,1.75,50,307650
20231228,13:50:40,1.75,50,307650
20231228,13:51:12,1.75,50,307650
20231228,13:52:05,1.7,1000,307650
20231228,13:52:13,1.7,1000,307650
20231228,13:53:18,1.75,50,307650
20231228,13:53:27,1.75,200,307650
20231228,13:53:31,1.75,100,307650
20231228,13:53:49,1.75,100,307650
20231228,13:53:56,1.75,50,307650
20231228,13:54:02,1.75,50,307650
20231228,13:54:05,1.75,50,307650
20231228,13:54:12,1.75,200,307650
20231228,13:54:38,1.75,1200,306650
20231228,13:55:18,1.75,200,306650
20231228,13:55:27,1.75,350,306650
20231228,13:55:41,1.75,150,306650
20231228,13:55:52,1.75,550,306650
20231228,13:56:56,1.75,50,306650
20231228,13:57:22,1.75,50,306650
20231228,13:58:12,1.75,150,307150
20231228,13:58:17,1.75,100,307150
20231228,13:58:28,1.75,50,307150
20231228,13:58:42,1.75,50,307150
20231228,13:59:01,1.75,50,307150
20231228,13:59:10,1.75,100,307150
20231228,13:59:25,1.75,450,307150
20231228,13:59:39,1.75,250,307150
20231228,14:01:10,1.75,50,307550
20231228,14:01:32,1.75,50,307550
20231228,14:01:45,1.75,1000,307550
20231228,14:02:07,1.7,250,307550
20231228,14:02:11,1.75,250,307550
20231228,14:02:23,1.75,200,307550
20231228,14:02:49,1.75,50,307550
20231228,14:03:36,1.7,50,308850
20231228,14:03:57,1.75,600,308850
20231228,14:04:02,1.7,3500,308850
20231228,14:04:19,1.7,2000,308850
20231228,14:04:30,1.7,500,308850
20231228,14:04:35,1.7,1050,308850
20231228,14:04:53,1.65,950,308850
20231228,14:05:10,1.65,1800,308850
20231228,14:05:39,1.65,50,308850
20231228,14:05:44,1.65,3600,308850
20231228,14:05:49,1.65,7400,308850
20231228,14:05:53,1.7,7250,308850
20231228,14:06:03,1.7,3850,308850
20231228,14:06:07,1.7,3600,308850
20231228,14:06:13,1.7,14100,308850
20231228,14:06:17,1.7,7500,308850
20231228,14:06:22,1.7,800,308850
20231228,14:06:35,1.7,2000,341150
20231228,14:06:40,1.75,100,341150
20231228,14:06:45,1.75,100,341150
20231228,14:06:49,1.75,100,341150
20231228,14:06:54,1.75,100,341150
20231228,14:06:59,1.75,100,341150
20231228,14:07:03,1.75,300,341150
20231228,14:07:08,1.8,650,341150
20231228,14:07:13,1.8,3850,341150
20231228,14:07:18,1.8,200,341150
20231228,14:07:23,1.8,200,341150
20231228,14:07:27,1.8,250,341150
20231228,14:07:32,1.8,1250,341150
20231228,14:07:37,1.8,550,341150
20231228,14:07:43,1.8,2900,341150
20231228,14:07:47,1.8,400,341150
20231228,14:07:52,1.8,350,341150
20231228,14:07:56,1.8,2850,341150
20231228,14:08:02,1.8,600,341150
20231228,14:08:07,1.8,2250,341150
20231228,14:08:12,1.8,2900,341150
20231228,14:08:16,1.8,400,341150
20231228,14:08:22,1.8,5250,341150
20231228,14:08:27,1.8,350,341150
20231228,14:08:32,1.85,3750,341150
20231228,14:08:37,1.8,2450,341150
20231228,14:08:42,1.85,8900,341150
20231228,14:08:47,1.75,9500,341150
20231228,14:08:51,1.8,100,341150
20231228,14:08:56,1.8,100,341150
20231228,14:09:05,1.75,50,341150
20231228,14:09:09,1.8,2900,341150
20231228,14:09:14,1.8,100,341150
20231228,14:09:25,1.8,2850,341150
20231228,14:09:36,1.8,850,373000
20231228,14:09:40,1.8,250,373000
20231228,14:10:00,1.8,2350,373000
20231228,14:10:05,1.8,50,373000
20231228,14:10:09,1.75,2600,373000
20231228,14:10:14,1.85,800,373000
20231228,14:10:29,1.85,100,373000
20231228,14:10:34,1.85,350,373000
20231228,14:10:43,1.85,50,373000
20231228,14:10:48,1.85,50,373000
20231228,14:10:54,1.8,250,373000
20231228,14:11:04,1.8,5450,373000
20231228,14:11:18,1.75,3950,373000
20231228,14:11:24,1.8,950,373000
20231228,14:12:21,1.8,100,373000
20231228,14:12:29,1.75,2650,373000
20231228,14:12:43,1.8,50,386300
20231228,14:13:01,1.75,50,386300
20231228,14:13:44,1.75,3200,386300
20231228,14:13:48,1.8,50,386300
20231228,14:14:23,1.75,3700,386300
20231228,14:14:38,1.8,100,386300
20231228,14:14:44,1.8,500,386300
20231228,14:14:49,1.8,100,386300
20231228,14:14:53,1.75,3600,386300
20231228,14:15:35,1.75,50,394350
20231228,14:16:06,1.8,1350,394350
20231228,14:16:19,1.8,350,394350
20231228,14:16:24,1.75,1200,394350
20231228,14:16:28,1.75,11300,394350
20231228,14:16:42,1.75,4650,394350
20231228,14:16:46,1.7,3600,394350
20231228,14:17:02,1.7,100,394350
20231228,14:17:15,1.7,800,394350
20231228,14:17:22,1.75,550,394350
20231228,14:17:30,1.7,2150,394350
20231228,14:17:33,1.75,100,394350
20231228,14:17:36,1.75,100,394350
20231228,14:17:45,1.75,100,394350
20231228,14:17:50,1.75,100,394350
20231228,14:17:54,1.75,100,394350
20231228,14:17:57,1.75,200,394350
20231228,14:18:01,1.75,300,394350
20231228,14:18:09,1.75,750,394350
20231228,14:18:14,1.7,1650,394350
20231228,14:18:19,1.75,400,394350
20231228,14:18:24,1.75,50,394350
20231228,14:18:29,1.75,250,394350
20231228,14:18:34,1.75,700,407250
20231228,14:18:45,1.7,2550,407250
20231228,14:18:50,1.75,100,407250
20231228,14:19:03,1.75,50,407250
20231228,14:19:15,1.75,100,407250
20231228,14:19:20,1.75,100,407250
20231228,14:19:25,1.75,100,407250
20231228,14:19:30,1.7,1150,407250
20231228,14:19:36,1.75,100,407250
20231228,14:19:40,1.7,1400,407250
20231228,14:19:45,1.7,100,407250
20231228,14:19:50,1.7,650,407250
20231228,14:19:55,1.7,100,407250
20231228,14:20:00,1.7,2050,407250
20231228,14:20:05,1.7,100,407250
20231228,14:20:14,1.65,300,407250
20231228,14:20:48,1.65,3450,407250
20231228,14:20:53,1.7,800,407250
20231228,14:20:58,1.7,100,407250
20231228,14:21:02,1.7,50,407250
20231228,14:21:20,1.7,100,407250
20231228,14:21:29,1.7,50,407250
20231228,14:21:42,1.65,100,413650
20231228,14:21:46,1.65,200,413650
20231228,14:22:16,1.6,2450,413650
20231228,14:22:38,1.6,1700,413650
20231228,14:22:42,1.65,950,413650
20231228,14:23:07,1.6,1900,413650
20231228,14:23:11,1.65,450,413650
20231228,14:23:16,1.6,600,413650
20231228,14:23:33,1.65,100,413650
20231228,14:23:51,1.65,50,413650
20231228,14:24:39,1.6,3250,417350
20231228,14:25:04,1.65,1000,417350
20231228,14:25:15,1.65,100,417350
20231228,14:25:44,1.6,2050,417350
20231228,14:26:36,1.65,150,417350
20231228,14:26:55,1.6,200,417350
20231228,14:27:25,1.65,400,417350
20231228,14:28:14,1.65,350,420950
20231228,14:28:18,1.65,500,420950
20231228,14:28:26,1.65,3250,420950
20231228,14:28:35,1.65,50,420950
20231228,14:28:54,1.7,3700,420950
20231228,14:29:03,1.7,50,420950
20231228,14:29:15,1.65,50,420950
20231228,14:29:29,1.65,50,420950
20231228,14:29:55,1.65,50,420950
20231228,14:30:01,1.65,50,420950
20231228,14:30:25,1.65,100,420950
20231228,14:31:23,1.65,8400,424550
20231228,14:31:39,1.7,50,424550
20231228,14:31:43,1.7,150,424550
20231228,14:31:59,1.65,2800,424550
20231228,14:32:03,1.7,50,424550
20231228,14:32:33,1.7,100,424550
20231228,14:32:41,1.65,11200,424550
20231228,14:32:49,1.65,250,424550
20231228,14:33:03,1.7,550,424550
20231228,14:33:19,1.65,250,424550
20231228,14:33:22,1.65,250,424550
20231228,14:33:26,1.65,350,424550
20231228,14:33:33,1.65,2350,436350
20231228,14:33:47,1.7,200,436350
20231228,14:33:51,1.65,550,436350
20231228,14:33:56,1.65,250,436350
20231228,14:34:00,1.7,3550,436350
20231228,14:34:04,1.6,3450,436350
20231228,14:34:44,1.65,8400,436350
20231228,14:34:48,1.65,3150,436350
20231228,14:34:52,1.65,1000,436350
20231228,14:34:56,1.65,100,436350
20231228,14:35:03,1.65,2800,436350
20231228,14:35:20,1.65,1700,436350
20231228,14:35:33,1.6,2800,436350
20231228,14:35:36,1.65,2250,436350
20231228,14:35:48,1.65,300,436350
20231228,14:36:00,1.65,50,436350
20231228,14:36:04,1.65,50,436350
20231228,14:36:42,1.65,300,457600
20231228,14:37:20,1.65,3600,457600
20231228,14:37:28,1.7,300,457600
20231228,14:37:33,1.65,3250,457600
20231228,14:37:41,1.6,50,457600
20231228,14:37:53,1.65,50,457600
20231228,14:38:06,1.6,1000,457600
20231228,14:38:10,1.65,50,457600
20231228,14:38:24,1.65,50,457600
20231228,14:38:33,1.6,50,457600
20231228,14:39:30,1.6,3600,457600
20231228,14:39:34,1.65,450,464000
20231228,14:39:53,1.65,3650,464000
20231228,14:40:02,1.7,100,464000
20231228,14:40:12,1.7,100,464000
20231228,14:40:23,1.7,150,464000
20231228,14:40:35,1.7,550,464000
20231228,14:40:41,1.7,150,464000
20231228,14:41:17,1.7,100,464000
20231228,14:41:29,1.65,3300,464000
20231228,14:41:44,1.65,3700,464000
20231228,14:41:53,1.7,10950,464000
20231228,14:41:59,1.75,8600,464000
20231228,14:42:04,1.75,350,464000
20231228,14:42:08,1.7,8650,464000
20231228,14:42:39,1.75,2800,484200
20231228,14:42:44,1.8,100,484200
20231228,14:42:54,1.8,100,484200
20231228,14:42:59,1.8,3050,484200
20231228,14:43:04,1.8,100,484200
20231228,14:43:09,1.8,400,484200
20231228,14:43:14,1.8,200,484200
20231228,14:43:18,1.8,300,484200
20231228,14:43:23,1.8,11150,484200
20231228,14:43:28,1.8,3900,484200
20231228,14:43:33,1.8,550,484200
20231228,14:43:38,1.8,3950,484200
20231228,14:43:43,1.8,3850,484200
20231228,14:43:48,1.85,100,484200
20231228,14:43:52,1.85,200,484200
20231228,14:43:57,1.85,2650,484200
20231228,14:44:06,1.85,650,484200
20231228,14:44:11,1.85,200,484200
20231228,14:44:16,1.85,150,484200
20231228,14:44:21,1.85,250,484200
20231228,14:44:26,1.85,150,484200
20231228,14:44:35,1.8,2200,484200
20231228,14:45:33,1.8,50,484200
20231228,14:45:42,1.85,50,507500
20231228,14:45:59,1.8,500,507500
20231228,14:46:14,1.8,750,507500
20231228,14:46:27,1.8,250,507500
20231228,14:46:31,1.8,16450,507500
20231228,14:46:45,1.75,2800,507500
20231228,14:46:50,1.75,800,507500
20231228,14:47:04,1.75,300,507500
20231228,14:48:12,1.75,250,507500
20231228,14:48:23,1.8,4050,507500
20231228,14:48:51,1.75,500,529550
20231228,14:49:06,1.8,50,529550
20231228,14:49:22,1.75,250,529550
20231228,14:49:35,1.75,450,529550
20231228,14:49:41,1.7,20250,529550
20231228,14:49:47,1.75,500,529550
20231228,14:50:10,1.65,15400,529550
20231228,14:50:20,1.65,500,529550
20231228,14:50:31,1.7,50,529550
20231228,14:50:42,1.6,4050,529550
20231228,14:50:54,1.6,650,529550
20231228,14:50:59,1.6,1000,529550
20231228,14:51:05,1.65,50,529550
20231228,14:51:10,1.65,3300,529550
20231228,14:51:21,1.65,100,529550
20231228,14:51:27,1.65,150,529550
20231228,14:52:12,1.65,50,569250
20231228,14:52:17,1.6,3600,569250
20231228,14:52:22,1.6,50,569250
20231228,14:52:37,1.55,100,569250
20231228,14:52:42,1.5,3000,569250
20231228,14:52:52,1.5,650,569250
20231228,14:53:01,1.5,150,569250
20231228,14:53:34,1.5,3650,569250
20231228,14:54:01,1.55,50,569250
20231228,14:54:34,1.5,100,569250
20231228,14:55:00,1.55,300,578150
20231228,14:55:22,1.5,3400,578150
20231228,14:55:34,1.45,2950,578150
20231228,14:55:44,1.5,200,578150
20231228,14:55:50,1.5,13950,578150
20231228,14:55:59,1.55,100,578150
20231228,14:56:10,1.5,1250,578150
20231228,14:56:16,1.5,50,578150
20231228,14:56:27,1.5,50,578150
20231228,14:56:56,1.45,2800,578150
20231228,14:57:40,1.45,650,582050
20231228,14:57:51,1.4,4850,582050
20231228,14:57:56,1.35,5750,582050
20231228,14:58:07,1.35,1000,582050
20231228,14:58:12,1.35,500,582050
20231228,14:58:22,1.4,3100,582050
20231228,14:58:43,1.3,16900,582050
20231228,14:58:48,1.4,3600,582050
20231228,14:58:53,1.4,1200,582050
20231228,14:58:58,1.35,2500,582050
20231228,14:59:03,1.3,5650,582050
20231228,14:59:08,1.3,1700,582050
20231228,14:59:17,1.25,7000,582050
20231228,14:59:22,1.25,50,582050
20231228,14:59:26,1.25,1000,582050
20231228,14:59:31,1.2,5000,582050
20231228,14:59:37,1.2,1050,582050
20231228,14:59:41,1.2,550,582050
20231228,14:59:46,1.2,50,582050
20231228,14:59:51,1.25,1050,582050
20231228,14:59:55,1.2,45250,582050
20231228,15:00:00,1.2,5900,582050
20231228,15:00:05,1.2,2150,582050
20231228,15:00:10,1.15,50,582050
20231228,15:00:23,1.15,350,582050
20231228,15:00:29,1.2,200,582050
20231228,15:00:41,1.15,8750,631700
20231228,15:00:47,1.2,300,631700
20231228,15:01:16,1.2,11000,631700
20231228,15:01:21,1.25,1050,631700
20231228,15:01:26,1.25,1800,631700
20231228,15:01:38,1.2,1800,631700
20231228,15:01:43,1.2,3650,631700
20231228,15:01:49,1.2,6350,631700
20231228,15:01:56,1.15,6950,631700
20231228,15:02:03,1.2,2300,631700
20231228,15:02:10,1.25,21800,631700
20231228,15:02:16,1.25,7450,631700
20231228,15:02:22,1.25,16900,631700
20231228,15:02:28,1.25,5550,631700
20231228,15:02:34,1.3,1450,631700
20231228,15:02:40,1.3,50,631700
20231228,15:02:45,1.25,5400,631700
20231228,15:02:51,1.25,7050,631700
20231228,15:02:57,1.2,4550,631700
20231228,15:03:03,1.2,4450,631700
20231228,15:03:08,1.25,3750,631700
20231228,15:03:13,1.2,5150,631700
20231228,15:03:18,1.25,2100,631700
20231228,15:03:23,1.2,12850,631700
20231228,15:03:28,1.2,4700,631700
20231228,15:03:33,1.25,25450,631700
20231228,15:03:38,1.3,14100,697150
20231228,15:03:44,1.3,15600,697150
20231228,15:03:50,1.3,1100,697150
20231228,15:04:00,1.3,300,697150
20231228,15:04:06,1.25,2300,697150
20231228,15:04:12,1.3,2850,697150
20231228,15:04:17,1.35,950,697150
20231228,15:04:22,1.35,15150,697150
20231228,15:04:27,1.35,3650,697150
20231228,15:04:33,1.35,300,697150
20231228,15:04:38,1.35,2300,697150
20231228,15:04:43,1.35,4100,697150
20231228,15:04:48,1.35,1450,697150
20231228,15:04:53,1.35,400,697150
20231228,15:04:59,1.35,400,697150
20231228,15:05:04,1.4,6900,697150
20231228,15:05:09,1.4,7550,697150
20231228,15:05:14,1.4,5700,697150
20231228,15:05:19,1.4,6650,697150
20231228,15:05:27,1.4,4400,697150
20231228,15:05:34,1.35,4050,697150
20231228,15:05:40,1.4,4500,697150
20231228,15:05:46,1.4,4500,697150
20231228,15:05:50,1.5,650,697150
20231228,15:05:55,1.45,5050,697150
20231228,15:06:01,1.45,1900,697150
20231228,15:06:06,1.4,6950,697150
20231228,15:06:16,1.45,2150,697150
20231228,15:06:21,1.45,50,697150
20231228,15:06:26,1.4,3600,697150
20231228,15:06:31,1.4,1900,697150
20231228,15:06:36,1.35,1800,697150
20231228,15:06:45,1.4,250,755950
20231228,15:06:54,1.35,3900,755950
20231228,15:06:59,1.35,3650,755950
20231228,15:07:09,1.35,3600,755950
20231228,15:07:23,1.4,300,755950
20231228,15:07:38,1.4,1950,755950
20231228,15:07:42,1.35,1800,755950
20231228,15:07:48,1.35,4900,755950
20231228,15:07:53,1.4,100,755950
20231228,15:08:37,1.35,4850,755950
20231228,15:08:47,1.3,2500,755950
20231228,15:08:52,1.35,700,755950
20231228,15:08:57,1.3,3600,755950
20231228,15:09:03,1.35,2850,755950
20231228,15:09:08,1.3,3600,755950
20231228,15:09:14,1.35,500,755950
20231228,15:09:31,1.35,50,755950
20231228,15:09:36,1.35,4300,755950
20231228,15:09:41,1.3,5850,790000
20231228,15:09:46,1.3,150,790000
20231228,15:09:52,1.25,50,790000
20231228,15:09:59,1.3,750,790000
20231228,15:10:06,1.3,100,790000
20231228,15:10:13,1.3,50,790000
20231228,15:10:18,1.3,500,790000
20231228,15:10:28,1.3,50,790000
20231228,15:10:38,1.25,50,790000
20231228,15:10:44,1.3,250,790000
20231228,15:10:48,1.3,2000,790000
20231228,15:10:53,1.3,250,790000
20231228,15:10:59,1.3,450,790000
20231228,15:11:04,1.25,3150,790000
20231228,15:11:09,1.3,2400,790000
20231228,15:11:13,1.3,7250,790000
20231228,15:11:18,1.3,1000,790000
20231228,15:11:26,1.35,50,790000
20231228,15:11:31,1.35,1200,790000
20231228,15:11:35,1.3,2500,790000
20231228,15:11:40,1.3,3300,790000
20231228,15:11:45,1.3,500,790000
20231228,15:11:50,1.3,1100,790000
20231228,15:11:59,1.3,150,790000
20231228,15:12:03,1.3,50,790000
20231228,15:12:08,1.25,700,790000
20231228,15:12:17,1.3,1600,790000
20231228,15:12:26,1.3,50,790000
20231228,15:12:36,1.3,50,790000
20231228,15:12:41,1.3,100,795350
20231228,15:12:45,1.3,250,795350
20231228,15:13:09,1.3,100,795350
20231228,15:13:13,1.3,250,795350
20231228,15:13:18,1.25,700,795350
20231228,15:13:24,1.3,100,795350
20231228,15:13:28,1.3,200,795350
20231228,15:13:34,1.3,950,795350
20231228,15:13:39,1.25,500,795350
20231228,15:13:45,1.35,23750,795350
20231228,15:13:51,1.35,750,795350
20231228,15:13:56,1.35,5400,795350
20231228,15:14:01,1.35,1000,795350
20231228,15:14:07,1.35,100,795350
20231228,15:14:12,1.35,50,795350
20231228,15:14:19,1.35,750,795350
20231228,15:14:32,1.3,3450,795350
20231228,15:14:38,1.35,200,795350
20231228,15:14:48,1.3,1000,795350
20231228,15:14:58,1.35,150,795350
20231228,15:15:11,1.3,1150,795350
20231228,15:15:17,1.3,2700,795350
20231228,15:15:23,1.35,2650,795350
20231228,15:15:29,1.35,2150,795350
20231228,15:15:35,1.35,50,795350
20231228,15:15:41,1.3,8700,817600
20231228,15:15:52,1.3,950,817600
20231228,15:15:57,1.25,50,817600
20231228,15:16:03,1.3,50,817600
20231228,15:16:09,1.3,150,817600
20231228,15:16:31,1.25,400,817600
20231228,15:16:37,1.3,100,817600
20231228,15:16:42,1.25,600,817600
20231228,15:16:48,1.25,19350,817600
20231228,15:16:55,1.25,5500,817600
20231228,15:17:02,1.2,6050,817600
20231228,15:17:08,1.2,3750,817600
20231228,15:17:19,1.25,1500,817600
20231228,15:17:25,1.2,20550,817600
20231228,15:17:31,1.25,1150,817600
20231228,15:17:36,1.2,14250,817600
20231228,15:17:42,1.2,12350,817600
20231228,15:17:48,1.25,17150,817600
20231228,15:17:53,1.2,5800,817600
20231228,15:17:58,1.2,2200,817600
20231228,15:18:04,1.25,3900,817600
20231228,15:18:15,1.2,350,817600
20231228,15:18:20,1.25,400,817600
20231228,15:18:26,1.25,3150,817600
20231228,15:18:33,1.2,250,817600
20231228,15:18:40,1.2,6150,880800
20231228,15:18:47,1.2,4600,880800
20231228,15:18:54,1.2,1150,880800
20231228,15:19:00,1.2,2500,880800
20231228,15:19:07,1.2,2200,880800
20231228,15:19:15,1.2,1850,880800
20231228,15:19:22,1.15,2550,880800
20231228,15:19:28,1.15,4200,880800
20231228,15:19:39,1.2,550,880800
20231228,15:19:45,1.15,3850,880800
20231228,15:19:50,1.2,300,880800
20231228,15:20:03,1.2,900,880800
20231228,15:20:10,1.15,100,880800
20231228,15:20:18,1.15,1850,880800
20231228,15:20:25,1.15,350,880800
20231228,15:20:43,1.15,2000,880800
20231228,15:20:48,1.15,1050,880800
20231228,15:20:53,1.15,3450,880800
20231228,15:20:58,1.2,1050,880800
20231228,15:21:14,1.15,4000,880800
20231228,15:21:21,1.15,1550,880800
20231228,15:21:28,1.15,3850,880800
20231228,15:21:35,1.15,2400,880800
20231228,15:21:41,1.2,150,921550
20231228,15:21:51,1.15,50,921550
20231228,15:22:14,1.2,100,921550
20231228,15:22:29,1.15,750,921550
20231228,15:22:35,1.15,50,921550
20231228,15:22:48,1.15,50,921550
20231228,15:22:55,1.15,50,921550
20231228,15:23:07,1.15,100,921550
20231228,15:23:14,1.15,50,921550
20231228,15:23:21,1.15,2500,921550
20231228,15:23:28,1.15,2550,921550
20231228,15:23:35,1.2,750,921550
20231228,15:23:50,1.15,3050,921550
20231228,15:23:57,1.2,2350,921550
20231228,15:24:05,1.15,100,921550
20231228,15:24:11,1.15,100,921550
20231228,15:24:17,1.15,150,921550
20231228,15:24:24,1.15,150,921550
20231228,15:24:32,1.15,1900,921550
20231228,15:24:46,1.15,4500,923250
20231228,15:24:54,1.15,3300,923250
20231228,15:25:01,1.15,1200,923250
20231228,15:25:09,1.2,1950,923250
20231228,15:25:16,1.2,50,923250
20231228,15:25:32,1.15,550,923250
20231228,15:25:45,1.2,4800,923250
20231228,15:25:51,1.15,2950,923250
20231228,15:25:57,1.15,4500,923250
20231228,15:26:24,1.15,1000,923250
20231228,15:26:30,1.2,2350,923250
20231228,15:26:46,1.2,1700,923250
20231228,15:26:51,1.35,85950,923250
20231228,15:26:57,1.35,2600,923250
20231228,15:27:03,1.4,4850,923250
20231228,15:27:09,1.6,44900,923250
20231228,15:27:17,1.6,29400,923250
20231228,15:27:24,1.65,5550,923250
20231228,15:27:30,1.65,11050,923250
20231228,15:27:37,1.65,14400,923250
20231228,15:27:45,1.6,5300,840000
20231228,15:27:52,1.6,1900,840000
20231228,15:27:59,1.55,2850,840000
20231228,15:28:04,1.55,550,840000
20231228,15:28:11,1.55,50,840000
20231228,15:28:19,1.55,650,840000
20231228,15:28:26,1.55,3450,840000
20231228,15:28:33,1.45,19000,840000
20231228,15:28:40,1.5,1350,840000
20231228,15:28:47,1.35,1350,840000
20231228,15:28:54,1.35,2700,840000
20231228,15:29:00,1.35,5050,840000
20231228,15:29:05,1.45,5000,840000
20231228,15:29:11,1.45,2550,840000
20231228,15:29:24,1.45,6250,840000
20231228,15:29:30,1.4,10050,840000
20231228,15:29:35,1.45,2850,840000
20231228,15:29:40,1.45,1400,840000
20231228,15:29:46,1.45,350,840000
20231228,15:29:51,1.5,3700,840000
20231228,15:29:58,1.35,3300,840000
20231228,15:30:02,1.45,250,840000
20231229,09:15:00,1.45,1,870450
20231229,09:15:00,1.35,600,870450
20231229,09:15:01,1.5,550,870450
20231229,09:15:02,1.95,2950,870450
20231229,09:15:04,1.9,100,870450
20231229,09:15:06,1.5,750,870450
20231229,09:15:07,1.6,2300,870450
20231229,09:15:09,1.55,2000,870450
20231229,09:15:10,1.55,300,870450
20231229,09:15:11,1.55,4550,870450
20231229,09:15:12,1.6,1500,870450
20231229,09:15:13,1.6,2200,870450
20231229,09:15:14,1.6,1850,870450
20231229,09:15:16,1.65,5050,870450
20231229,09:15:19,1.65,100,870450
20231229,09:15:20,1.65,7300,870450
20231229,09:15:22,1.65,100,870450
20231229,09:15:24,1.65,4950,870450
20231229,09:15:25,1.7,3450,870450
20231229,09:15:26,1.7,2550,870450
20231229,09:15:27,1.7,5000,870450
20231229,09:15:29,1.7,50,870450
20231229,09:15:31,1.7,100,870450
20231229,09:15:33,1.7,3500,870450
20231229,09:15:35,1.7,1800,870450
20231229,09:15:36,1.7,6850,870450
20231229,09:15:37,1.7,4450,870450
20231229,09:15:38,1.7,2600,870450
20231229,09:15:39,1.7,5400,870450
20231229,09:15:42,1.7,3850,870450
20231229,09:15:44,1.65,1250,870450
20231229,09:15:45,1.7,2750,870450
20231229,09:15:46,1.7,1100,870450
20231229,09:15:48,1.7,2700,870450
20231229,09:15:49,1.7,2450,870450
20231229,09:15:50,1.7,3700,870450
20231229,09:15:51,1.7,4200,870450
20231229,09:15:52,1.7,4600,870450
20231229,09:15:54,1.65,12550,870450
20231229,09:15:55,1.6,10000,870450
20231229,09:15:56,1.6,6300,870450
20231229,09:15:57,1.6,5750,870450
20231229,09:15:58,1.6,2900,870450
20231229,09:15:59,1.65,5050,870450
20231229,09:16:00,1.55,8050,870450
20231229,09:16:01,1.6,4600,870450
20231229,09:16:03,1.6,1800,870450
20231229,09:16:04,1.6,8550,870450
20231229,09:16:05,1.55,3750,870450
20231229,09:16:06,1.6,2900,870450
20231229,09:16:08,1.6,5450,870450
20231229,09:16:09,1.6,3850,870450
20231229,09:16:10,1.6,3600,870450
20231229,09:16:11,1.55,8200,870450
20231229,09:16:12,1.6,3650,870450
20231229,09:16:13,1.55,6700,870450
20231229,09:16:15,1.6,3600,870450
20231229,09:16:16,1.6,3600,870450
20231229,09:16:17,1.6,5550,870450
20231229,09:16:18,1.6,5500,870450
20231229,09:16:19,1.6,11300,870450
20231229,09:16:20,1.6,5900,870450
20231229,09:16:22,1.6,2500,870450
20231229,09:16:23,1.65,3600,870450
20231229,09:16:24,1.65,1800,870450
20231229,09:16:25,1.6,6550,870450
20231229,09:16:26,1.65,7350,870450
20231229,09:16:27,1.65,3000,870450
20231229,09:16:28,1.65,3600,870450
20231229,09:16:29,1.65,1800,870450
20231229,09:16:31,1.6,18350,870450
20231229,09:16:32,1.65,3750,870450
20231229,09:16:33,1.65,3600,870450
20231229,09:16:34,1.65,12500,870450
20231229,09:16:35,1.65,3650,870450
20231229,09:16:36,1.65,6550,870450
20231229,09:16:38,1.65,10400,870450
20231229,09:16:39,1.65,5850,870450
20231229,09:16:40,1.7,3900,870450
20231229,09:16:41,1.65,6350,870450
20231229,09:16:42,1.7,5050,870450
20231229,09:16:43,1.7,5450,870450
20231229,09:16:45,1.7,9650,870450
20231229,09:16:46,1.7,5600,870450
20231229,09:16:47,1.75,7700,870450
20231229,09:16:48,1.75,9400,870450
20231229,09:16:49,1.75,3600,870450
20231229,09:16:51,1.7,4000,870450
20231229,09:16:52,1.65,7500,870450
20231229,09:16:53,1.7,5300,870450
20231229,09:16:54,1.7,2450,870450
20231229,09:16:55,1.7,4600,870450
20231229,09:16:56,1.7,10850,870450
20231229,09:16:58,1.65,7700,870450
20231229,09:16:59,1.7,3700,870450
20231229,09:17:00,1.7,6150,870450
20231229,09:17:01,1.65,16350,870450
20231229,09:17:02,1.65,16750,870450
20231229,09:17:03,1.7,8650,870450
20231229,09:17:04,1.7,3600,870450
20231229,09:17:05,1.7,3600,870450
20231229,09:17:06,1.65,3600,870450
20231229,09:17:08,1.7,3750,883350
20231229,09:17:09,1.7,1800,883350
20231229,09:17:10,1.65,5900,883350
20231229,09:17:11,1.7,5800,883350
20231229,09:17:12,1.7,5650,883350
20231229,09:17:13,1.7,7900,883350
20231229,09:17:14,1.75,7700,883350
20231229,09:17:15,1.7,8750,883350
20231229,09:17:16,1.7,3350,883350
20231229,09:17:18,1.7,9950,883350
20231229,09:17:19,1.7,4850,883350
20231229,09:17:20,1.7,2350,883350
20231229,09:17:21,1.7,10100,883350
20231229,09:17:22,1.7,3600,883350
20231229,09:17:24,1.7,50,883350
20231229,09:17:25,1.7,1850,883350
20231229,09:17:27,1.7,800,883350
20231229,09:17:29,1.65,3900,883350
20231229,09:17:30,1.65,400,883350
20231229,09:17:31,1.65,2000,883350
20231229,09:17:32,1.65,550,883350
20231229,09:17:33,1.65,3550,883350
20231229,09:17:35,1.65,1800,883350
20231229,09:17:37,1.65,1800,883350
20231229,09:17:38,1.65,100,883350
20231229,09:17:39,1.6,12150,883350
20231229,09:17:42,1.6,1850,883350
20231229,09:17:43,1.6,1800,883350
20231229,09:17:45,1.65,17800,883350
20231229,09:17:46,1.7,550,883350
20231229,09:17:48,1.7,1850,883350
20231229,09:17:49,1.65,2300,883350
20231229,09:17:51,1.65,1800,883350
20231229,09:17:52,1.65,2500,883350
20231229,09:17:55,1.7,2450,883350
20231229,09:17:57,1.7,2150,883350
20231229,09:17:58,1.65,700,883350
20231229,09:17:59,1.65,15900,883350
20231229,09:18:00,1.65,8150,883350
20231229,09:18:02,1.65,2050,883350
20231229,09:18:03,1.7,800,883350
20231229,09:18:05,1.65,2100,883350
20231229,09:18:06,1.65,6300,883350
20231229,09:18:07,1.65,2150,883350
20231229,09:18:10,1.65,250,883350
20231229,09:18:13,1.65,400,883350
20231229,09:18:14,1.65,1850,883350
20231229,09:18:15,1.7,12500,883350
20231229,09:18:16,1.65,3500,883350
20231229,09:18:18,1.65,200,883350
20231229,09:18:19,1.65,6650,883350
20231229,09:18:21,1.65,2550,883350
20231229,09:18:22,1.65,100,883350
20231229,09:18:23,1.65,550,883350
20231229,09:18:27,1.6,1600,883350
20231229,09:18:28,1.65,1500,883350
20231229,09:18:30,1.6,3050,883350
20231229,09:18:31,1.6,1850,883350
20231229,09:18:35,1.6,2600,883350
20231229,09:18:36,1.6,1250,883350
20231229,09:18:38,1.6,1800,883350
20231229,09:18:39,1.6,400,883350
20231229,09:18:40,1.6,100,883350
20231229,09:18:41,1.6,1150,883350
20231229,09:18:43,1.65,50,883350
20231229,09:18:44,1.6,1000,883350
20231229,09:18:45,1.6,550,883350
20231229,09:18:47,1.6,50,883350
20231229,09:18:48,1.6,1550,883350
20231229,09:18:49,1.6,50,883350
20231229,09:18:50,1.6,600,883350
20231229,09:18:52,1.6,10850,883350
20231229,09:18:53,1.6,100,883350
20231229,09:18:54,1.6,1100,883350
20231229,09:18:56,1.6,550,883350
20231229,09:18:57,1.6,6100,883350
20231229,09:19:00,1.6,1250,883350
20231229,09:19:02,1.55,1200,883350
20231229,09:19:03,1.55,3850,883350
20231229,09:19:04,1.55,1000,883350
20231229,09:19:05,1.6,50,883350
20231229,09:19:08,1.6,50,883350
20231229,09:19:10,1.55,14000,883350
20231229,09:19:11,1.55,7400,883350
20231229,09:19:14,1.55,450,883350
20231229,09:19:15,1.55,100,883350
20231229,09:19:17,1.5,250,883350
20231229,09:19:19,1.5,1550,883350
20231229,09:19:20,1.5,750,883350
20231229,09:19:21,1.5,50,883350
20231229,09:19:22,1.5,18350,883350
20231229,09:19:23,1.5,5800,883350
20231229,09:19:24,1.5,3450,883350
20231229,09:19:25,1.5,3150,883350
20231229,09:19:26,1.5,3250,883350
20231229,09:19:27,1.5,2900,883350
20231229,09:19:28,1.5,1500,883350
20231229,09:19:29,1.5,250,883350
20231229,09:19:31,1.45,300,883350
20231229,09:19:32,1.5,50,883350
20231229,09:19:34,1.5,200,883350
20231229,09:19:35,1.45,50,883350
20231229,09:19:36,1.45,50,883350
20231229,09:19:37,1.45,2400,883350
20231229,09:19:39,1.45,1800,883350
20231229,09:19:41,1.45,13750,883350
20231229,09:19:41,1.45,1000,883350
20231229,09:19:43,1.45,3550,883350
20231229,09:19:44,1.45,4550,883350
20231229,09:19:44,1.45,1000,883350
20231229,09:19:46,1.45,3000,883350
20231229,09:19:47,1.45,500,883350
20231229,09:19:48,1.45,650,883350
20231229,09:19:58,1.45,750,883350
20231229,09:20:00,1.45,100,883350
20231229,09:20:02,1.4,1100,883350
20231229,09:20:07,1.4,100,883350
20231229,09:20:13,1.45,50,911150
20231229,09:20:15,1.45,1050,911150
20231229,09:20:15,1.45,1850,911150
20231229,09:20:17,1.4,3000,911150
20231229,09:20:20,1.45,50,911150
20231229,09:20:26,1.45,100,911150
20231229,09:20:29,1.45,250,911150
20231229,09:20:29,1.45,50,911150
20231229,09:20:31,1.45,150,911150
20231229,09:20:33,1.45,50,911150
20231229,09:20:34,1.45,1050,911150
20231229,09:20:36,1.45,150,911150
20231229,09:20:37,1.45,14200,911150
20231229,09:20:38,1.45,4200,911150
20231229,09:20:39,1.45,7100,911150
20231229,09:20:40,1.45,1500,911150
20231229,09:20:42,1.45,9950,911150
20231229,09:20:43,1.45,2750,911150
20231229,09:20:44,1.4,4150,911150
20231229,09:20:45,1.4,6700,911150
20231229,09:20:46,1.4,3000,911150
20231229,09:20:47,1.4,2000,911150
20231229,09:20:51,1.45,50,911150
20231229,09:20:54,1.45,150,911150
20231229,09:20:57,1.45,2500,911150
20231229,09:20:59,1.45,50,911150
20231229,09:21:01,1.4,500,911150
20231229,09:21:01,1.45,300,911150
20231229,09:21:05,1.45,150,911150
20231229,09:21:07,1.4,7900,911150
20231229,09:21:07,1.35,500,911150
20231229,09:21:08,1.35,2000,911150
20231229,09:21:10,1.4,450,911150
20231229,09:21:14,1.4,1250,911150
20231229,09:21:22,1.4,100,911150
20231229,09:21:28,1.4,50,911150
20231229,09:21:29,1.4,500,911150
20231229,09:21:31,1.4,950,911150
20231229,09:21:32,1.4,200,911150
20231229,09:21:33,1.4,200,911150
20231229,09:21:35,1.4,200,911150
20231229,09:21:41,1.4,50,911150
20231229,09:21:42,1.4,250,911150
20231229,09:21:43,1.4,700,911150
20231229,09:21:44,1.4,250,911150
20231229,09:21:47,1.4,1050,911150
20231229,09:21:49,1.35,50,911150
20231229,09:21:51,1.35,1200,911150
20231229,09:21:52,1.35,100,911150
20231229,09:21:54,1.35,150,911150
20231229,09:21:56,1.4,250,911150
20231229,09:22:00,1.35,50,911150
20231229,09:22:01,1.4,50,911150
20231229,09:22:03,1.4,250,911150
20231229,09:22:06,1.4,50,911150
20231229,09:22:09,1.35,3050,911150
20231229,09:22:10,1.35,3250,911150
20231229,09:22:11,1.35,3000,911150
20231229,09:22:12,1.35,1000,911150
20231229,09:22:15,1.35,1500,911150
20231229,09:22:23,1.35,1250,911150
20231229,09:22:26,1.4,1850,911150
20231229,09:22:30,1.4,50,911150
20231229,09:22:32,1.35,50,911150
20231229,09:22:34,1.4,50,911150
20231229,09:22:35,1.4,150,911150
20231229,09:22:36,1.4,2000,911150
20231229,09:22:37,1.4,100,911150
20231229,09:22:38,1.4,1950,911150
20231229,09:22:39,1.4,8050,911150
20231229,09:22:47,1.45,1000,911150
20231229,09:22:51,1.4,500,911150
20231229,09:22:52,1.4,1400,911150
20231229,09:22:53,1.4,150,911150
20231229,09:22:54,1.4,50,911150
20231229,09:22:57,1.45,50,911150
20231229,09:22:58,1.45,1550,911150
20231229,09:23:00,1.45,50,911150
20231229,09:23:05,1.45,350,911150
20231229,09:23:11,1.4,150,934050
20231229,09:23:13,1.4,2000,934050
20231229,09:23:15,1.4,6500,934050
20231229,09:23:15,1.4,3000,934050
20231229,09:23:16,1.4,3000,934050
20231229,09:23:21,1.4,550,934050
20231229,09:23:26,1.45,15700,934050
20231229,09:23:28,1.4,1800,934050
20231229,09:23:33,1.45,1000,934050
20231229,09:23:34,1.4,1700,934050
20231229,09:23:35,1.4,100,934050
20231229,09:23:40,1.45,50,934050
20231229,09:23:45,1.4,6300,934050
20231229,09:23:48,1.4,500,934050
20231229,09:23:54,1.4,50,934050
20231229,09:23:56,1.4,100,934050
20231229,09:23:57,1.4,50,934050
20231229,09:24:03,1.4,150,934050
20231229,09:24:04,1.4,50,934050
20231229,09:24:06,1.4,1500,934050
20231229,09:24:10,1.4,100,934050
20231229,09:24:13,1.4,50,934050
20231229,09:24:23,1.35,50,934050
20231229,09:24:35,1.4,1000,934050
20231229,09:24:38,1.35,3200,934050
20231229,09:24:47,1.4,200,934050
20231229,09:24:51,1.4,50,934050
20231229,09:24:57,1.4,100,934050
20231229,09:25:00,1.35,50,934050
20231229,09:25:01,1.4,50,934050
20231229,09:25:02,1.4,50,934050
20231229,09:25:03,1.35,1800,934050
20231229,09:25:04,1.4,50,934050
20231229,09:25:05,1.35,50,934050
20231229,09:25:06,1.4,50,934050
20231229,09:25:14,1.4,750,934050
20231229,09:25:18,1.4,500,934050
20231229,09:25:19,1.4,50,934050
20231229,09:25:21,1.4,1000,934050
20231229,09:25:24,1.35,1850,934050
20231229,09:25:25,1.4,1800,934050
20231229,09:25:26,1.35,150,934050
20231229,09:25:27,1.4,1800,934050
20231229,09:25:28,1.4,50,934050
20231229,09:25:33,1.4,750,934050
20231229,09:25:41,1.4,50,934050
20231229,09:25:42,1.4,100,934050
20231229,09:25:50,1.4,2250,934050
20231229,09:25:58,1.35,500,934050
20231229,09:26:05,1.4,50,934050
20231229,09:26:07,1.4,50,934050
20231229,09:26:08,1.35,250,970300
20231229,09:26:12,1.4,50,970300
20231229,09:26:14,1.35,100,970300
20231229,09:26:19,1.4,50,970300
20231229,09:26:24,1.4,50,970300
20231229,09:26:27,1.4,50,970300
20231229,09:26:31,1.4,50,970300
20231229,09:26:32,1.35,1800,970300
20231229,09:26:34,1.35,1800,970300
20231229,09:26:36,1.35,3600,970300
20231229,09:26:38,1.35,350,970300
20231229,09:26:41,1.4,50,970300
20231229,09:26:49,1.35,50,970300
20231229,09:26:55,1.35,1800,970300
20231229,09:26:57,1.35,2850,970300
20231229,09:26:59,1.4,50,970300
20231229,09:27:00,1.4,50,970300
20231229,09:27:02,1.4,300,970300
20231229,09:27:03,1.35,1800,970300
20231229,09:27:09,1.4,100,970300
20231229,09:27:12,1.35,500,970300
20231229,09:27:15,1.4,1000,970300
20231229,09:27:17,1.4,550,970300
20231229,09:27:18,1.4,250,970300
20231229,09:27:27,1.35,800,970300
20231229,09:27:29,1.35,3500,970300
20231229,09:27:33,1.35,300,970300
20231229,09:27:34,1.35,2400,970300
20231229,09:27:35,1.4,50,970300
20231229,09:27:37,1.4,50,970300
20231229,09:27:39,1.4,50,970300
20231229,09:27:40,1.35,300,970300
20231229,09:27:41,1.35,1350,970300
20231229,09:27:42,1.35,11900,970300
20231229,09:27:43,1.35,50,970300
20231229,09:27:47,1.35,50,970300
20231229,09:27:54,1.35,100,970300
20231229,09:27:56,1.35,50,970300
20231229,09:28:02,1.35,200,970300
20231229,09:28:06,1.3,1850,970300
20231229,09:28:08,1.35,400,970300
20231229,09:28:12,1.3,200,970300
20231229,09:28:19,1.35,150,970300
20231229,09:28:23,1.35,1000,970300
20231229,09:28:29,1.3,1000,970300
20231229,09:28:31,1.3,50,970300
20231229,09:28:33,1.3,1000,970300
20231229,09:28:39,1.3,500,970300
20231229,09:28:40,1.3,100,970300
20231229,09:28:48,1.3,1800,970300
20231229,09:28:50,1.3,1800,970300
20231229,09:28:52,1.3,1800,970300
20231229,09:28:53,1.3,700,970300
20231229,09:28:54,1.3,1800,970300
20231229,09:28:55,1.35,100,970300
20231229,09:28:57,1.3,50,970300
20231229,09:29:01,1.3,150,970300
20231229,09:29:02,1.35,50,970300
20231229,09:29:04,1.3,50,970300
20231229,09:29:09,1.35,50,974200
20231229,09:29:10,1.3,500,974200
20231229,09:29:13,1.3,2500,974200
20231229,09:29:14,1.35,50,974200
20231229,09:29:15,1.35,50,974200
20231229,09:29:19,1.3,1000,974200
20231229,09:29:23,1.3,500,974200
20231229,09:29:24,1.3,22000,974200
20231229,09:29:25,1.3,6600,974200
20231229,09:29:26,1.3,100,974200
20231229,09:29:28,1.3,1000,974200
20231229,09:29:29,1.3,2550,974200
20231229,09:29:31,1.25,600,974200
20231229,09:29:32,1.25,1000,974200
20231229,09:29:33,1.3,2800,974200
20231229,09:29:35,1.3,1000,974200
20231229,09:29:36,1.25,50,974200
20231229,09:29:38,1.3,1500,974200
20231229,09:29:39,1.3,1200,974200
20231229,09:29:41,1.25,1000,974200
20231229,09:29:42,1.3,50,974200
20231229,09:29:43,1.3,550,974200
20231229,09:29:44,1.3,50,974200
20231229,09:29:46,1.25,500,974200
20231229,09:29:58,1.3,4400,974200
20231229,09:30:02,1.25,50,974200
20231229,09:30:17,1.25,1150,974200
20231229,09:30:18,1.25,100,974200
20231229,09:30:19,1.3,50,974200
20231229,09:30:20,1.3,350,974200
20231229,09:30:28,1.3,150,974200
20231229,09:30:29,1.3,150,974200
20231229,09:30:49,1.3,50,974200
20231229,09:30:49,1.3,7100,974200
20231229,09:30:52,1.3,8500,974200
20231229,09:30:54,1.3,2550,974200
20231229,09:30:55,1.3,500,974200
20231229,09:30:56,1.3,2050,974200
20231229,09:31:01,1.25,50,974200
20231229,09:31:02,1.25,50,974200
20231229,09:31:04,1.3,2300,974200
20231229,09:31:06,1.3,3600,974200
20231229,09:31:07,1.3,8200,974200
20231229,09:31:08,1.3,13300,974200
20231229,09:31:13,1.3,350,974200
20231229,09:31:15,1.35,50,974200
20231229,09:31:19,1.3,1000,974200
20231229,09:31:19,1.3,2000,974200
20231229,09:31:20,1.3,7000,974200
20231229,09:31:21,1.35,5250,974200
20231229,09:31:22,1.3,6650,974200
20231229,09:31:23,1.3,15800,974200
20231229,09:31:25,1.3,10650,974200
20231229,09:31:26,1.3,1900,974200
20231229,09:31:26,1.3,1800,974200
20231229,09:31:27,1.3,3600,974200
20231229,09:31:28,1.3,1800,974200
20231229,09:31:31,1.3,3600,974200
20231229,09:31:32,1.35,50,974200
20231229,09:31:34,1.35,1800,974200
20231229,09:31:35,1.3,50,974200
20231229,09:31:36,1.35,1800,974200
20231229,09:31:40,1.35,200,974200
20231229,09:31:41,1.35,50,974200
20231229,09:31:44,1.35,2300,974200
20231229,09:31:54,1.35,1800,974200
20231229,09:31:56,1.35,750,974200
20231229,09:31:57,1.35,50,974200
20231229,09:31:59,1.35,800,974200
20231229,09:32:10,1.35,300,977050
20231229,09:32:13,1.35,50,977050
20231229,09:32:18,1.35,10550,977050
20231229,09:32:28,1.3,100,977050
20231229,09:32:33,1.35,1800,977050
20231229,09:32:34,1.35,1800,977050
20231229,09:32:35,1.35,1800,977050
20231229,09:32:40,1.35,1800,977050
20231229,09:32:41,1.35,1000,977050
20231229,09:32:43,1.3,31800,977050
20231229,09:32:44,1.35,2150,977050
20231229,09:32:45,1.35,1800,977050
20231229,09:32:46,1.35,50,977050
20231229,09:32:52,1.3,50,977050
20231229,09:32:53,1.35,50,977050
20231229,09:32:58,1.35,50,977050
20231229,09:33:03,1.3,600,977050
20231229,09:33:04,1.35,50,977050
20231229,09:33:06,1.3,15400,977050
20231229,09:33:09,1.3,3700,977050
20231229,09:33:24,1.35,50,977050
20231229,09:33:45,1.3,5100,977050
20231229,09:33:46,1.3,8650,977050
20231229,09:33:47,1.3,4150,977050
20231229,09:33:49,1.3,6900,977050
20231229,09:33:50,1.3,2050,977050
20231229,09:33:51,1.35,250,977050
20231229,09:34:00,1.3,19100,977050
20231229,09:34:03,1.35,50,977050
20231229,09:34:21,1.35,1000,977050
20231229,09:34:23,1.35,150,977050
20231229,09:34:23,1.35,500,977050
20231229,09:34:31,1.35,500,977050
20231229,09:34:43,1.3,50,977050
20231229,09:34:51,1.3,26500,977050
20231229,09:34:52,1.3,5150,977050
20231229,09:34:53,1.3,100,977050
20231229,09:35:02,1.35,300,977050
20231229,09:35:03,1.35,300,977050
20231229,09:35:05,1.35,100,977050
20231229,09:35:06,1.3,600,977050
20231229,09:35:08,1.35,150,977050
20231229,09:35:11,1.35,600,1008250
20231229,09:35:13,1.35,50,1008250
20231229,09:35:16,1.3,200,1008250
20231229,09:35:18,1.35,100,1008250
20231229,09:35:21,1.3,500,1008250
20231229,09:35:23,1.35,500,1008250
20231229,09:35:24,1.3,250,1008250
20231229,09:35:27,1.35,450,1008250
20231229,09:35:31,1.35,1500,1008250
20231229,09:35:32,1.35,950,1008250
20231229,09:35:37,1.35,600,1008250
20231229,09:35:41,1.35,100,1008250
20231229,09:35:42,1.35,50,1008250
20231229,09:35:44,1.35,50,1008250
20231229,09:35:48,1.35,250,1008250
20231229,09:35:54,1.3,50,1008250
20231229,09:36:03,1.3,24450,1008250
20231229,09:36:06,1.3,1800,1008250
20231229,09:36:07,1.3,2800,1008250
20231229,09:36:08,1.3,1700,1008250
20231229,09:36:09,1.3,4250,1008250
20231229,09:36:10,1.3,2050,1008250
20231229,09:36:44,1.3,1250,1008250
20231229,09:36:47,1.3,300,1008250
20231229,09:37:01,1.3,100,1008250
20231229,09:37:23,1.25,300,1008250
20231229,09:37:25,1.3,50,1008250
20231229,09:37:29,1.3,200,1008250
20231229,09:37:37,1.3,1000,1008250
20231229,09:37:54,1.25,50,1008250
20231229,09:37:58,1.25,50,1008250
20231229,09:38:03,1.3,50,1008250
20231229,09:38:09,1.25,100,1011700
20231229,09:38:22,1.3,350,1011700
20231229,09:38:29,1.3,900,1011700
20231229,09:38:42,1.25,100,1011700
20231229,09:38:43,1.3,1000,1011700
20231229,09:38:51,1.3,50,1011700
20231229,09:39:01,1.25,50,1011700
20231229,09:39:17,1.3,50,1011700
20231229,09:39:25,1.3,900,1011700
20231229,09:39:28,1.25,200,1011700
20231229,09:39:32,1.3,250,1011700
20231229,09:39:40,1.3,50,1011700
20231229,09:39:44,1.25,600,1011700
20231229,09:39:47,1.25,500,1011700
20231229,09:39:50,1.3,100,1011700
20231229,09:40:03,1.25,50,1011700
20231229,09:40:08,1.3,50,1011700
20231229,09:40:13,1.3,1050,1011700
20231229,09:40:19,1.3,50,1011700
20231229,09:40:29,1.25,50,1011700
20231229,09:40:31,1.25,850,1011700
20231229,09:40:40,1.3,50,1011700
20231229,09:40:43,1.25,150,1011700
20231229,09:40:44,1.25,50,1011700
20231229,09:41:02,1.3,1800,1011700
20231229,09:41:09,1.25,500,1011700
20231229,09:41:12,1.3,50,1014700
20231229,09:41:21,1.25,50,1014700
20231229,09:41:36,1.25,1800,1014700
20231229,09:41:43,1.25,200,1014700
20231229,09:41:46,1.25,200,1014700
20231229,09:41:52,1.25,1800,1014700
20231229,09:42:00,1.25,300,1014700
20231229,09:42:01,1.25,1500,1014700
20231229,09:42:03,1.25,50,1014700
20231229,09:42:09,1.25,500,1014700
20231229,09:42:17,1.3,400,1014700
20231229,09:43:05,1.3,50,1014700
20231229,09:43:22,1.3,1500,1014700
20231229,09:43:26,1.25,50,1014700
20231229,09:43:31,1.3,800,1014700
20231229,09:43:34,1.3,50,1014700
20231229,09:43:35,1.3,300,1014700
20231229,09:43:36,1.3,650,1014700
20231229,09:43:38,1.3,250,1014700
20231229,09:43:39,1.3,300,1014700
20231229,09:43:41,1.3,100,1014700
20231229,09:43:46,1.3,800,1014700
20231229,09:43:47,1.3,5250,1014700
20231229,09:43:49,1.3,1800,1014700
20231229,09:43:49,1.3,9000,1014700
20231229,09:43:50,1.3,22500,1014700
20231229,09:43:52,1.3,4100,1014700
20231229,09:43:53,1.3,1800,1014700
20231229,09:43:56,1.3,1850,1014700
20231229,09:44:07,1.3,1800,1014700
20231229,09:44:10,1.3,1800,1014700
20231229,09:44:11,1.3,1800,998000
20231229,09:44:12,1.35,100,998000
20231229,09:44:13,1.3,2200,998000
20231229,09:44:16,1.3,2600,998000
20231229,09:44:17,1.3,750,998000
20231229,09:44:18,1.3,250,998000
20231229,09:44:22,1.3,2550,998000
20231229,09:44:23,1.3,250,998000
20231229,09:44:26,1.3,2550,998000
20231229,09:44:28,1.25,1800,998000
20231229,09:44:30,1.25,1800,998000
20231229,09:44:33,1.25,1800,998000
20231229,09:44:35,1.25,2750,998000
20231229,09:44:40,1.25,1800,998000
20231229,09:44:48,1.25,1800,998000
20231229,09:44:51,1.25,50,998000
20231229,09:44:56,1.25,200,998000
20231229,09:45:10,1.3,100,998000
20231229,09:45:14,1.3,250,998000
20231229,09:45:16,1.3,400,998000
20231229,09:45:16,1.3,50,998000
20231229,09:45:25,1.25,1800,998000
20231229,09:45:26,1.3,1000,998000
20231229,09:45:31,1.25,1800,998000
20231229,09:45:34,1.3,100,998000
20231229,09:45:35,1.3,500,998000
20231229,09:45:58,1.3,200,998000
20231229,09:46:04,1.3,300,998000
20231229,09:46:05,1.3,550,998000
20231229,09:46:07,1.3,250,998000
20231229,09:46:08,1.3,600,998000
20231229,09:46:09,1.3,250,998000
20231229,09:46:10,1.3,50,998000
20231229,09:46:11,1.3,50,998000
20231229,09:46:12,1.3,300,998000
20231229,09:46:13,1.3,50,998000
20231229,09:46:16,1.3,1100,998000
20231229,09:46:17,1.25,1800,998000
20231229,09:46:19,1.3,200,998000
20231229,09:46:28,1.3,50,998000
20231229,09:46:34,1.3,1800,998000
20231229,09:46:35,1.25,100,998000
20231229,09:46:36,1.3,1850,998000
20231229,09:46:38,1.3,1800,998000
20231229,09:46:40,1.3,1900,998000
20231229,09:46:41,1.3,1800,998000
20231229,09:46:42,1.25,1000,998000
20231229,09:46:55,1.3,50,998000
20231229,09:46:56,1.25,1000,998000
20231229,09:46:58,1.25,100,998000
20231229,09:47:02,1.3,800,998000
20231229,09:47:06,1.25,700,998000
20231229,09:47:15,1.25,700,1014450
20231229,09:47:16,1.3,750,1014450
20231229,09:47:17,1.3,650,1014450
20231229,09:47:20,1.25,700,1014450
20231229,09:47:22,1.3,50,1014450
20231229,09:47:30,1.3,100,1014450
20231229,09:47:31,1.3,700,1014450
20231229,09:47:32,1.3,50,1014450
20231229,09:47:33,1.3,50,1014450
20231229,09:47:34,1.3,50,1014450
20231229,09:47:35,1.3,100,1014450
20231229,09:47:36,1.3,50,1014450
20231229,09:47:37,1.3,50,1014450
20231229,09:47:38,1.3,2550,1014450
20231229,09:47:39,1.3,50,1014450
20231229,09:47:40,1.3,50,1014450
20231229,09:47:41,1.3,150,1014450
20231229,09:47:42,1.3,50,1014450
20231229,09:47:43,1.3,50,1014450
20231229,09:47:44,1.3,650,1014450
20231229,09:47:45,1.3,50,1014450
20231229,09:47:46,1.3,100,1014450
20231229,09:47:47,1.3,100,1014450
20231229,09:47:48,1.3,100,1014450
20231229,09:47:49,1.3,50,1014450
20231229,09:47:50,1.3,50,1014450
20231229,09:47:51,1.3,50,1014450
20231229,09:47:52,1.3,450,1014450
20231229,09:47:53,1.3,50,1014450
20231229,09:47:54,1.3,50,1014450
20231229,09:47:55,1.3,50,1014450
20231229,09:47:56,1.3,50,1014450
20231229,09:47:57,1.3,50,1014450
20231229,09:47:58,1.3,50,1014450
20231229,09:47:59,1.3,50,1014450
20231229,09:48:00,1.3,50,1014450
20231229,09:48:01,1.3,50,1014450
20231229,09:48:02,1.3,100,1014450
20231229,09:48:03,1.3,50,1014450
20231229,09:48:04,1.3,50,1014450
20231229,09:48:05,1.3,50,1014450
20231229,09:48:06,1.3,50,1014450
20231229,09:48:07,1.3,50,1014450
20231229,09:48:08,1.3,150,1014450
20231229,09:48:09,1.3,100,1014450
20231229,09:48:10,1.3,150,1014450
20231229,09:48:14,1.3,500,1014450
20231229,09:48:19,1.3,50,1014450
20231229,09:48:20,1.3,50,1014450
20231229,09:48:21,1.3,50,1014450
20231229,09:48:22,1.3,50,1014450
20231229,09:48:23,1.3,150,1014450
20231229,09:48:24,1.3,150,1014450
20231229,09:48:25,1.3,150,1014450
20231229,09:48:26,1.3,150,1014450
20231229,09:48:27,1.3,150,1014450
20231229,09:48:28,1.3,150,1014450
20231229,09:48:29,1.3,50,1014450
20231229,09:48:30,1.3,50,1014450
20231229,09:48:31,1.3,50,1014450
20231229,09:48:32,1.3,50,1014450
20231229,09:48:33,1.3,50,1014450
20231229,09:48:34,1.3,50,1014450
20231229,09:48:35,1.3,50,1014450
20231229,09:48:36,1.3,50,1014450
20231229,09:48:37,1.3,50,1014450
20231229,09:48:38,1.3,300,1014450
20231229,09:48:39,1.3,500,1014450
20231229,09:48:40,1.3,200,1014450
20231229,09:48:41,1.3,200,1014450
20231229,09:48:42,1.3,350,1014450
20231229,09:48:43,1.3,50,1014450
20231229,09:48:44,1.3,50,1014450
20231229,09:48:45,1.3,50,1014450
20231229,09:48:46,1.3,50,1014450
20231229,09:48:47,1.3,250,1014450
20231229,09:48:48,1.3,50,1014450
20231229,09:48:49,1.3,50,1014450
20231229,09:48:50,1.3,50,1014450
20231229,09:48:51,1.3,50,1014450
20231229,09:48:52,1.3,50,1014450
20231229,09:48:53,1.3,50,1014450
20231229,09:48:54,1.3,50,1014450
20231229,09:48:55,1.3,50,1014450
20231229,09:48:56,1.3,50,1014450
20231229,09:48:57,1.3,50,1014450
20231229,09:48:58,1.3,50,1014450
20231229,09:48:59,1.3,50,1014450
20231229,09:49:00,1.3,200,1014450
20231229,09:49:01,1.3,200,1014450
20231229,09:49:02,1.3,200,1014450
20231229,09:49:05,1.3,50,1014450
20231229,09:49:08,1.3,500,1014450
20231229,09:49:10,1.3,50,1014450
20231229,09:49:11,1.3,50,1014450
20231229,09:49:22,1.3,1000,1014450
20231229,09:49:23,1.3,50,1014450
20231229,09:49:24,1.3,50,1014450
20231229,09:49:25,1.3,1250,1014450
20231229,09:49:27,1.3,450,1014450
20231229,09:49:28,1.3,50,1014450
20231229,09:49:29,1.3,50,1014450
20231229,09:49:30,1.3,50,1014450
20231229,09:49:31,1.3,50,1014450
20231229,09:49:32,1.3,50,1014450
20231229,09:49:33,1.3,50,1014450
20231229,09:49:34,1.3,50,1014450
20231229,09:49:35,1.3,50,1014450
20231229,09:49:36,1.3,50,1014450
20231229,09:49:37,1.3,50,1014450
20231229,09:49:38,1.3,50,1014450
20231229,09:49:39,1.3,50,1014450
20231229,09:49:40,1.3,50,1014450
20231229,09:49:41,1.3,50,1014450
20231229,09:49:42,1.3,50,1014450
20231229,09:49:43,1.3,50,1014450
20231229,09:49:44,1.3,50,1014450
20231229,09:49:45,1.3,50,1014450
20231229,09:49:46,1.3,50,1014450
20231229,09:49:47,1.3,50,1014450
20231229,09:49:48,1.3,50,1014450
20231229,09:49:49,1.3,50,1014450
20231229,09:49:50,1.3,1050,1014450
20231229,09:49:51,1.3,50,1014450
20231229,09:49:52,1.3,50,1014450
20231229,09:49:53,1.3,50,1014450
20231229,09:49:54,1.3,50,1014450
20231229,09:49:55,1.3,50,1014450
20231229,09:49:56,1.25,100,1014450
20231229,09:49:57,1.3,50,1014450
20231229,09:49:58,1.3,350,1014450
20231229,09:49:59,1.3,300,1014450
20231229,09:50:00,1.3,400,1014450
20231229,09:50:01,1.3,50,1014450
20231229,09:50:02,1.3,500,1014450
20231229,09:50:03,1.3,600,1014450
20231229,09:50:04,1.3,10100,1014450
20231229,09:50:05,1.35,50,1014450
20231229,09:50:06,1.35,50,1014450
20231229,09:50:10,1.3,50,1014450
20231229,09:50:27,1.3,7500,1013550
20231229,09:50:28,1.3,7200,1013550
20231229,09:50:29,1.3,1850,1013550
20231229,09:50:48,1.3,50,1013550
20231229,09:50:59,1.35,50,1013550
20231229,09:51:02,1.35,50,1013550
20231229,09:51:02,1.3,1800,1013550
20231229,09:51:03,1.3,100,1013550
20231229,09:51:04,1.3,50,1013550
20231229,09:51:05,1.3,50,1013550
20231229,09:51:06,1.3,1250,1013550
20231229,09:51:18,1.35,50,1013550
20231229,09:51:19,1.35,50,1013550
20231229,09:51:20,1.35,50,1013550
20231229,09:51:24,1.3,300,1013550
20231229,09:51:25,1.35,50,1013550
20231229,09:51:26,1.35,100,1013550
20231229,09:51:29,1.35,100,1013550
20231229,09:51:34,1.3,50,1013550
20231229,09:51:50,1.3,11800,1013550
20231229,09:51:52,1.3,850,1013550
20231229,09:51:53,1.3,1800,1013550
20231229,09:51:54,1.35,50,1013550
20231229,09:51:55,1.3,1850,1013550
20231229,09:51:56,1.35,50,1013550
20231229,09:51:57,1.35,50,1013550
20231229,09:51:58,1.35,50,1013550
20231229,09:51:59,1.3,20350,1013550
20231229,09:52:00,1.3,2350,1013550
20231229,09:52:01,1.35,200,1013550
20231229,09:52:02,1.35,200,1013550
20231229,09:52:03,1.35,200,1013550
20231229,09:52:06,1.35,50,1013550
20231229,09:52:06,1.3,4900,1013550
20231229,09:52:07,1.3,950,1013550
20231229,09:52:08,1.35,50,1013550
20231229,09:52:09,1.35,50,1013550
20231229,09:52:10,1.35,50,1013550
20231229,09:52:11,1.35,50,1013550
20231229,09:52:12,1.35,50,1013550
20231229,09:52:13,1.35,50,1013550
20231229,09:52:14,1.35,400,1013550
20231229,09:52:15,1.35,50,1013550
20231229,09:52:16,1.35,50,1013550
20231229,09:52:17,1.35,50,1013550
20231229,09:52:18,1.35,50,1013550
20231229,09:52:19,1.35,50,1013550
20231229,09:52:20,1.35,100,1013550
20231229,09:52:21,1.35,50,1013550
20231229,09:52:22,1.35,50,1013550
20231229,09:52:23,1.35,50,1013550
20231229,09:52:24,1.35,50,1013550
20231229,09:52:26,1.35,50,1013550
20231229,09:52:27,1.3,100,1013550
20231229,09:52:28,1.35,50,1013550
20231229,09:52:29,1.35,50,1013550
20231229,09:52:30,1.35,50,1013550
20231229,09:52:35,1.35,50,1013550
20231229,09:52:35,1.3,3600,1013550
20231229,09:52:37,1.35,50,1013550
20231229,09:52:39,1.35,50,1013550
20231229,09:52:40,1.35,50,1013550
20231229,09:52:41,1.35,50,1013550
20231229,09:52:41,1.3,200,1013550
20231229,09:52:42,1.35,50,1013550
20231229,09:52:43,1.35,50,1013550
20231229,09:52:44,1.35,50,1013550
20231229,09:52:45,1.35,1050,1013550
20231229,09:52:46,1.35,50,1013550
20231229,09:52:47,1.35,50,1013550
20231229,09:52:48,1.35,1000,1013550
20231229,09:52:51,1.35,150,1013550
20231229,09:52:55,1.35,50,1013550
20231229,09:52:56,1.35,50,1013550
20231229,09:52:57,1.35,50,1013550
20231229,09:52:58,1.35,50,1013550
20231229,09:52:59,1.35,50,1013550
20231229,09:53:00,1.35,50,1013550
20231229,09:53:02,1.35,50,1013550
20231229,09:53:03,1.35,50,1013550
20231229,09:53:07,1.35,400,1013550
20231229,09:53:09,1.35,1950,1013550
20231229,09:53:10,1.35,17000,1013550
20231229,09:53:11,1.35,600,1018100
20231229,09:53:13,1.35,3000,1018100
20231229,09:53:14,1.35,1200,1018100
20231229,09:53:15,1.35,1100,1018100
20231229,09:53:17,1.35,10850,1018100
20231229,09:53:17,1.35,10950,1018100
20231229,09:53:19,1.35,2000,1018100
20231229,09:53:23,1.35,250,1018100
20231229,09:53:27,1.35,250,1018100
20231229,09:53:37,1.35,900,1018100
20231229,09:53:42,1.4,50,1018100
20231229,09:53:47,1.4,500,1018100
20231229,09:53:56,1.35,800,1018100
20231229,09:53:58,1.4,50,1018100
20231229,09:54:02,1.4,200,1018100
20231229,09:54:21,1.35,1800,1018100
20231229,09:54:24,1.4,50,1018100
20231229,09:54:39,1.35,600,1018100
20231229,09:54:40,1.35,11600,1018100
20231229,09:54:41,1.35,300,1018100
20231229,09:54:41,1.35,10850,1018100
20231229,09:54:42,1.35,50,1018100
20231229,09:54:43,1.35,50,1018100
20231229,09:54:44,1.35,50,1018100
20231229,09:54:45,1.35,200,1018100
20231229,09:54:46,1.35,200,1018100
20231229,09:54:47,1.35,200,1018100
20231229,09:54:48,1.35,200,1018100
20231229,09:54:49,1.35,50,1018100
20231229,09:54:50,1.35,50,1018100
20231229,09:54:51,1.35,50,1018100
20231229,09:54:52,1.35,50,1018100
20231229,09:54:53,1.35,50,1018100
20231229,09:54:54,1.35,50,1018100
20231229,09:54:55,1.35,50,1018100
20231229,09:54:56,1.35,1850,1018100
20231229,09:54:57,1.35,50,1018100
20231229,09:54:58,1.35,50,1018100
20231229,09:54:59,1.35,8600,1018100
20231229,09:55:00,1.35,200,1018100
20231229,09:55:01,1.35,3200,1018100
20231229,09:55:02,1.35,100,1018100
20231229,09:55:03,1.35,7000,1018100
20231229,09:55:04,1.4,50,1018100
20231229,09:55:05,1.4,100,1018100
20231229,09:55:07,1.35,8000,1018100
20231229,09:55:08,1.35,1250,1018100
20231229,09:55:09,1.4,250,1018100
20231229,09:55:10,1.4,50,1018100
20231229,09:55:11,1.4,50,1018100
20231229,09:55:12,1.4,100,1018100
20231229,09:55:13,1.4,100,1018100
20231229,09:55:14,1.4,50,1018100
20231229,09:55:16,1.4,150,1018100
20231229,09:55:17,1.4,50,1018100
20231229,09:55:18,1.4,50,1018100
20231229,09:55:19,1.4,50,1018100
20231229,09:55:20,1.35,1850,1018100
20231229,09:55:21,1.4,100,1018100
20231229,09:55:25,1.4,50,1018100
20231229,09:55:28,1.4,50,1018100
20231229,09:55:29,1.4,50,1018100
20231229,09:55:32,1.4,50,1018100
20231229,09:55:33,1.35,7600,1018100
20231229,09:55:35,1.35,150,1018100
20231229,09:55:36,1.35,150,1018100
20231229,09:55:38,1.35,400,1018100
20231229,09:55:40,1.35,100,1018100
20231229,09:55:41,1.35,650,1018100
20231229,09:55:42,1.35,50,1018100
20231229,09:55:43,1.35,950,1018100
20231229,09:55:44,1.35,50,1018100
20231229,09:55:45,1.35,100,1018100
20231229,09:55:46,1.35,500,1018100
20231229,09:55:50,1.35,400,1018100
20231229,09:55:53,1.35,500,1018100
20231229,09:55:57,1.35,250,1018100
20231229,09:55:58,1.35,900,1018100
20231229,09:55:59,1.35,50,1018100
20231229,09:56:24,1.3,100,1028200
20231229,09:56:26,1.35,50,1028200
20231229,09:56:42,1.3,5400,1028200
20231229,09:56:43,1.35,2000,1028200
20231229,09:56:44,1.3,6100,1028200
20231229,09:56:48,1.3,50,1028200
20231229,09:56:50,1.3,500,1028200
20231229,09:56:52,1.25,550,1028200
20231229,09:56:56,1.25,550,1028200
20231229,09:57:00,1.25,450,1028200
20231229,09:57:04,1.25,550,1028200
20231229,09:57:05,1.25,100,1028200
20231229,09:57:06,1.25,450,1028200
20231229,09:57:09,1.25,550,1028200
20231229,09:57:13,1.25,500,1028200
20231229,09:57:14,1.3,50,1028200
20231229,09:57:14,1.3,1850,1028200
20231229,09:57:16,1.25,450,1028200
20231229,09:57:17,1.3,100,1028200
20231229,09:57:18,1.3,2050,1028200
20231229,09:57:19,1.3,50,1028200
20231229,09:57:20,1.25,650,1028200
20231229,09:57:22,1.3,100,1028200
20231229,09:57:24,1.3,250,1028200
20231229,09:57:25,1.3,50,1028200
20231229,09:57:26,1.3,50,1028200
20231229,09:57:28,1.3,50,1028200
20231229,09:57:29,1.3,50,1028200
20231229,09:57:30,1.3,50,1028200
20231229,09:57:31,1.3,50,1028200
20231229,09:57:32,1.3,50,1028200
20231229,09:57:34,1.3,50,1028200
20231229,09:57:41,1.3,500,1028200
20231229,09:57:44,1.3,50,1028200
20231229,09:57:53,1.25,50,1028200
20231229,09:57:57,1.3,50,1028200
20231229,09:58:05,1.3,500,1028200
20231229,09:58:12,1.3,1800,1028200
20231229,09:58:13,1.3,200,1028200
20231229,09:58:14,1.3,1800,1028200
20231229,09:58:15,1.3,21800,1028200
20231229,09:58:16,1.3,1500,1028200
20231229,09:58:35,1.3,100,1028200
20231229,09:58:37,1.3,50,1028200
20231229,09:58:50,1.3,200,1028200
20231229,09:59:04,1.35,100,1028200
20231229,09:59:05,1.35,150,1028200
20231229,09:59:06,1.35,100,1028200
20231229,09:59:07,1.3,350,1028200
20231229,09:59:09,1.35,50,1028200
20231229,09:59:10,1.35,100,1028200
20231229,09:59:35,1.35,50,1033450
20231229,09:59:40,1.35,100,1033450
20231229,09:59:59,1.35,100,1033450
20231229,10:00:04,1.35,150,1033450
20231229,10:00:06,1.35,50,1033450
20231229,10:00:07,1.35,100,1033450
20231229,10:00:08,1.35,50,1033450
20231229,10:00:19,1.35,450,1033450
20231229,10:00:27,1.35,450,1033450
20231229,10:00:41,1.35,300,1033450
20231229,10:00:54,1.35,11200,1033450
20231229,10:01:01,1.35,1800,1033450
20231229,10:01:07,1.35,100,1033450
20231229,10:01:08,1.3,800,1033450
20231229,10:01:09,1.35,50,1033450
20231229,10:01:10,1.35,150,1033450
20231229,10:01:14,1.35,19100,1033450
20231229,10:01:32,1.4,200,1033450
20231229,10:01:47,1.35,50,1033450
20231229,10:01:50,1.4,550,1033450
20231229,10:01:51,1.4,50,1033450
20231229,10:01:54,1.35,1800,1033450
20231229,10:01:55,1.35,8450,1033450
20231229,10:02:10,1.35,100,1033450
20231229,10:02:20,1.35,50,1033450
20231229,10:02:22,1.35,800,1007300
20231229,10:02:24,1.35,200,1007300
20231229,10:02:39,1.35,250,1007300
20231229,10:02:44,1.35,600,1007300
20231229,10:02:51,1.35,450,1007300
20231229,10:03:07,1.35,50,1007300
20231229,10:03:10,1.35,200,1007300
20231229,10:03:35,1.35,50,1007300
20231229,10:03:36,1.35,50,1007300
20231229,10:03:37,1.35,50,1007300
20231229,10:03:38,1.35,50,1007300
20231229,10:03:39,1.35,50,1007300
20231229,10:03:40,1.35,50,1007300
20231229,10:03:41,1.35,50,1007300
20231229,10:03:42,1.35,50,1007300
20231229,10:03:43,1.35,50,1007300
20231229,10:03:46,1.35,50,1007300
20231229,10:03:47,1.35,50,1007300
20231229,10:03:48,1.35,50,1007300
20231229,10:03:49,1.35,50,1007300
20231229,10:03:50,1.35,50,1007300
20231229,10:03:51,1.35,50,1007300
20231229,10:03:52,1.35,50,1007300
20231229,10:03:53,1.35,50,1007300
20231229,10:03:54,1.35,200,1007300
20231229,10:03:55,1.35,200,1007300
20231229,10:03:56,1.35,200,1007300
20231229,10:03:57,1.35,200,1007300
20231229,10:03:58,1.35,200,1007300
20231229,10:03:59,1.35,200,1007300
20231229,10:04:00,1.35,200,1007300
20231229,10:04:01,1.35,200,1007300
20231229,10:04:02,1.35,200,1007300
20231229,10:04:03,1.35,200,1007300
20231229,10:04:05,1.35,50,1007300
20231229,10:04:06,1.35,50,1007300
20231229,10:04:07,1.35,50,1007300
20231229,10:04:08,1.35,150,1007300
20231229,10:04:09,1.35,50,1007300
20231229,10:04:10,1.35,50,1007300
20231229,10:04:11,1.35,50,1007300
20231229,10:04:12,1.35,50,1007300
20231229,10:04:13,1.35,50,1007300
20231229,10:04:14,1.35,50,1007300
20231229,10:04:15,1.35,50,1007300
20231229,10:04:26,1.35,100,1007300
20231229,10:04:36,1.35,10200,1007300
20231229,10:04:37,1.4,50,1007300
20231229,10:04:57,1.35,200,1007300
20231229,10:04:58,1.35,1800,1007300
20231229,10:05:01,1.4,150,1007300
20231229,10:05:02,1.4,3400,1007300
20231229,10:05:03,1.4,7700,1007300
20231229,10:05:04,1.4,1100,1007300
20231229,10:05:05,1.4,1550,1007300
20231229,10:05:06,1.4,2950,1007300
20231229,10:05:07,1.4,350,1007300
20231229,10:05:08,1.4,650,1007300
20231229,10:05:10,1.4,100,1007300
20231229,10:05:13,1.4,2500,1016550
20231229,10:05:16,1.35,50,1016550
20231229,10:05:17,1.45,18250,1016550
20231229,10:05:19,1.45,600,1016550
20231229,10:05:25,1.4,3600,1016550
20231229,10:05:26,1.4,50,1016550
20231229,10:05:30,1.4,500,1016550
20231229,10:05:48,1.45,50,1016550
20231229,10:05:53,1.4,400,1016550
20231229,10:06:00,1.4,50,1016550
20231229,10:06:02,1.4,5400,1016550
20231229,10:06:04,1.45,800,1016550
20231229,10:06:07,1.4,1500,1016550
20231229,10:06:12,1.4,550,1016550
20231229,10:06:17,1.4,3900,1016550
20231229,10:06:20,1.35,1850,1016550
20231229,10:06:44,1.4,13800,1016550
20231229,10:06:49,1.4,1800,1016550
20231229,10:06:51,1.4,1800,1016550
20231229,10:06:53,1.45,50,1016550
20231229,10:06:56,1.4,1500,1016550
20231229,10:07:07,1.45,50,1016550
20231229,10:07:12,1.4,5000,1016550
20231229,10:07:23,1.4,800,1016550
20231229,10:07:27,1.4,2050,1016550
20231229,10:07:38,1.45,1050,1016550
20231229,10:07:39,1.45,200,1016550
20231229,10:07:40,1.45,100,1016550
20231229,10:07:41,1.4,1000,1016550
20231229,10:07:42,1.45,3150,1016550
20231229,10:07:44,1.45,5400,1016550
20231229,10:07:56,1.4,50,1016550
20231229,10:07:57,1.4,50,1016550
20231229,10:07:59,1.4,150,1016550
20231229,10:08:00,1.4,200,1016550
20231229,10:08:01,1.45,10300,1016550
20231229,10:08:01,1.45,400,1016550
20231229,10:08:03,1.45,1900,1016550
20231229,10:08:04,1.45,200,1016550
20231229,10:08:05,1.45,200,1016550
20231229,10:08:06,1.45,200,1016550
20231229,10:08:07,1.45,200,1016550
20231229,10:08:08,1.45,200,1016550
20231229,10:08:09,1.45,200,1016550
20231229,10:08:10,1.45,50,1016550
20231229,10:08:11,1.45,50,1016550
20231229,10:08:13,1.45,650,1016550
20231229,10:08:14,1.45,200,1064350
20231229,10:08:15,1.45,250,1064350
20231229,10:08:17,1.45,5050,1064350
20231229,10:08:17,1.45,700,1064350
20231229,10:08:18,1.5,1800,1064350
20231229,10:08:19,1.45,50,1064350
20231229,10:08:21,1.45,250,1064350
20231229,10:08:21,1.45,5700,1064350
20231229,10:08:23,1.45,2200,1064350
20231229,10:08:33,1.5,250,1064350
20231229,10:08:34,1.45,200,1064350
20231229,10:08:35,1.5,650,1064350
20231229,10:08:37,1.45,250,1064350
20231229,10:08:38,1.45,50,1064350
20231229,10:08:39,1.45,50,1064350
20231229,10:08:40,1.45,800,1064350
20231229,10:08:41,1.45,50,1064350
20231229,10:08:43,1.45,100,1064350
20231229,10:08:43,1.5,150,1064350
20231229,10:08:44,1.45,1250,1064350
20231229,10:08:45,1.45,50,1064350
20231229,10:08:47,1.45,100,1064350
20231229,10:08:48,1.45,100,1064350
20231229,10:08:49,1.45,800,1064350
20231229,10:08:49,1.45,1750,1064350
20231229,10:08:50,1.5,250,1064350
20231229,10:08:52,1.45,100,1064350
20231229,10:08:53,1.45,50,1064350
20231229,10:08:54,1.45,200,1064350
20231229,10:08:55,1.45,200,1064350
20231229,10:08:56,1.45,3200,1064350
20231229,10:08:57,1.45,250,1064350
20231229,10:08:58,1.45,100,1064350
20231229,10:08:59,1.45,50,1064350
20231229,10:09:00,1.45,100,1064350
20231229,10:09:01,1.45,100,1064350
20231229,10:09:02,1.45,23750,1064350
20231229,10:09:03,1.5,5450,1064350
20231229,10:09:04,1.45,6650,1064350
20231229,10:09:05,1.45,6850,1064350
20231229,10:09:06,1.5,1900,1064350
20231229,10:09:07,1.5,750,1064350
20231229,10:09:08,1.5,1100,1064350
20231229,10:09:09,1.45,50,1064350
20231229,10:09:10,1.45,50,1064350
20231229,10:09:11,1.45,50,1064350
20231229,10:09:12,1.45,50,1064350
20231229,10:09:13,1.45,1550,1064350
20231229,10:09:14,1.45,250,1064350
20231229,10:09:15,1.5,1550,1064350
20231229,10:09:16,1.5,900,1064350
20231229,10:09:18,1.5,50,1064350
20231229,10:09:21,1.5,50,1064350
20231229,10:09:29,1.5,50,1064350
20231229,10:09:30,1.45,50,1064350
20231229,10:09:32,1.5,15800,1064350
20231229,10:09:38,1.55,1950,1064350
20231229,10:09:40,1.55,1000,1064350
20231229,10:09:41,1.55,2400,1064350
20231229,10:09:48,1.6,500,1064350
20231229,10:09:51,1.6,450,1064350
20231229,10:09:52,1.6,450,1064350
20231229,10:09:53,1.55,4200,1064350
20231229,10:09:59,1.55,300,1064350
20231229,10:10:00,1.6,6850,1064350
20231229,10:10:01,1.6,250,1064350
20231229,10:10:02,1.55,50,1064350
20231229,10:10:04,1.6,14150,1064350
20231229,10:10:05,1.6,650,1064350
20231229,10:10:07,1.6,9100,1064350
20231229,10:10:08,1.6,100,1064350
20231229,10:10:09,1.55,650,1064350
20231229,10:10:10,1.6,50,1064350
20231229,10:10:18,1.55,1800,1064350
20231229,10:10:19,1.55,3200,1064350
20231229,10:10:20,1.6,250,1064350
20231229,10:10:22,1.55,400,1064350
20231229,10:10:25,1.55,400,1064350
20231229,10:10:26,1.55,4200,1064350
20231229,10:10:29,1.5,50,1064350
20231229,10:10:30,1.5,50,1064350
20231229,10:10:31,1.5,50,1064350
20231229,10:10:32,1.5,100,1064350
20231229,10:10:33,1.5,50,1064350
20231229,10:10:34,1.5,50,1064350
20231229,10:10:35,1.5,50,1064350
20231229,10:10:36,1.5,50,1064350
20231229,10:10:37,1.5,200,1064350
20231229,10:10:38,1.5,200,1064350
20231229,10:10:39,1.5,200,1064350
20231229,10:10:44,1.55,50,1064350
20231229,10:10:52,1.55,250,1064350
20231229,10:10:58,1.5,200,1064350
20231229,10:10:59,1.5,150,1064350
20231229,10:11:13,1.5,800,1064350
20231229,10:11:16,1.55,200,1069350
20231229,10:11:17,1.5,250,1069350
20231229,10:11:18,1.55,11650,1069350
20231229,10:11:22,1.5,1800,1069350
20231229,10:11:23,1.5,2500,1069350
20231229,10:11:25,1.5,5850,1069350
20231229,10:11:31,1.5,50,1069350
20231229,10:11:32,1.45,50,1069350
20231229,10:11:38,1.5,50,1069350
20231229,10:11:39,1.5,50,1069350
20231229,10:11:47,1.5,100,1069350
20231229,10:11:51,1.5,50,1069350
20231229,10:12:01,1.45,250,1069350
20231229,10:12:03,1.5,650,1069350
20231229,10:12:12,1.5,18150,1069350
20231229,10:12:17,1.55,18800,1069350
20231229,10:12:18,1.55,12600,1069350
20231229,10:12:22,1.55,400,1069350
20231229,10:12:24,1.55,50,1069350
20231229,10:12:27,1.5,400,1069350
20231229,10:12:29,1.55,450,1069350
20231229,10:12:30,1.55,2150,1069350
20231229,10:12:34,1.55,500,1069350
20231229,10:12:36,1.6,1800,1069350
20231229,10:12:37,1.6,2150,1069350
20231229,10:12:39,1.55,250,1069350
20231229,10:12:40,1.6,450,1069350
20231229,10:12:42,1.55,50,1069350
20231229,10:12:45,1.55,250,1069350
20231229,10:12:48,1.55,50,1069350
20231229,10:12:51,1.6,24400,1069350
20231229,10:12:52,1.6,250,1069350
20231229,10:12:55,1.6,2000,1069350
20231229,10:12:57,1.65,500,1069350
20231229,10:12:58,1.6,100,1069350
20231229,10:13:02,1.6,1100,1069350
20231229,10:13:05,1.6,50,1069350
20231229,10:13:06,1.6,50,1069350
20231229,10:13:07,1.6,50,1069350
20231229,10:13:09,1.6,1000,1069350
20231229,10:13:11,1.6,50,1069350
20231229,10:13:13,1.6,1700,1069350
20231229,10:13:17,1.6,500,1069350
20231229,10:13:18,1.65,300,1069350
20231229,10:13:19,1.6,50,1069350
20231229,10:13:21,1.65,300,1069350
20231229,10:13:22,1.6,900,1069350
20231229,10:13:24,1.7,18250,1069350
20231229,10:13:25,1.7,550,1069350
20231229,10:13:28,1.7,1400,1069350
20231229,10:13:30,1.65,900,1069350
20231229,10:13:39,1.7,16050,1069350
20231229,10:13:45,1.7,2050,1069350
20231229,10:13:47,1.7,500,1069350
20231229,10:13:52,1.65,50,1069350
20231229,10:13:58,1.7,1000,1069350
20231229,10:14:00,1.7,300,1069350
20231229,10:14:10,1.7,50,1069350
20231229,10:14:11,1.65,1800,1069350
20231229,10:14:13,1.7,200,1069350
20231229,10:14:20,1.7,600,1115550
20231229,10:14:21,1.65,250,1115550
20231229,10:14:29,1.7,50,1115550
20231229,10:14:30,1.65,250,1115550
20231229,10:14:32,1.65,1800,1115550
20231229,10:14:34,1.7,50,1115550
20231229,10:14:35,1.65,4450,1115550
20231229,10:14:37,1.65,12550,1115550
20231229,10:14:43,1.65,100,1115550
20231229,10:14:45,1.7,50,1115550
20231229,10:14:46,1.65,10300,1115550
20231229,10:14:47,1.65,1800,1115550
20231229,10:14:48,1.65,50,1115550
20231229,10:14:49,1.65,50,1115550
20231229,10:14:50,1.65,50,1115550
20231229,10:14:51,1.65,100,1115550
20231229,10:14:52,1.65,450,1115550
20231229,10:14:53,1.6,250,1115550
20231229,10:14:54,1.65,50,1115550
20231229,10:14:56,1.6,250,1115550
20231229,10:14:57,1.65,1800,1115550
20231229,10:14:59,1.7,34350,1115550
20231229,10:15:00,1.7,1500,1115550
20231229,10:15:01,1.7,5600,1115550
