date,time,tick_price,volume,open_interest
20240214,09:20:08,806.2,400,400
20240219,15:06:43,407.55,1,400
20240219,15:06:43,407.55,600,400
20240219,15:10:53,409.95,50,1000
20240219,15:15:22,409.95,850,1050
20240219,15:21:11,401.6,600,1900
20240220,09:51:37,427.3,1,1900
20240220,09:51:37,427.3,50,1900
20240220,10:42:21,429.95,50,1850
20240220,12:47:36,429.95,50,1900
20240220,13:13:26,376.5,650,1900
20240220,13:14:04,396.15,300,2550
20240220,13:21:20,397.65,50,2850
20240220,15:00:21,388.55,50,2800
20240220,15:00:29,385.6,50,2800
20240220,15:00:38,382.8,50,2800
20240220,15:00:47,383.15,50,2800
20240220,15:01:04,386.15,50,2800
20240220,15:20:10,368.0,200,2850
20240220,15:20:18,368.0,400,2850
20240220,15:21:30,367.55,300,2850
20240220,15:23:57,362.1,50,2850
20240220,15:29:33,360.0,650,2850
20240221,14:23:33,400.85,1,3500
20240221,14:23:33,400.85,650,3500
20240221,14:25:49,426.15,550,3500
20240221,14:27:07,427.9,50,3450
20240221,14:30:21,427.9,550,3450
20240221,14:30:44,429.0,500,3500
20240221,14:32:23,429.0,550,4550
20240221,14:33:13,418.3,500,4550
20240221,14:34:49,418.95,50,4550
20240221,14:35:16,421.75,900,5650
20240221,14:35:37,425.85,400,5650
20240221,14:47:12,459.95,50,6950
20240221,14:50:37,459.95,100,6900
20240221,14:50:44,445.0,400,6900
20240221,14:52:13,442.55,100,6900
20240221,14:53:00,442.55,50,6900
20240221,14:53:59,455.0,500,7500
20240221,14:56:11,465.35,50,7500
20240221,15:03:14,465.35,100,7550
20240221,15:07:38,436.1,100,7550
20240221,15:08:21,429.55,50,7650
20240221,15:08:28,429.75,350,7650
20240221,15:10:24,416.15,100,7650
20240221,15:17:34,429.55,100,7950
20240221,15:18:27,434.85,100,7950
20240221,15:18:44,437.55,50,7950
20240221,15:20:10,435.95,100,8200
20240221,15:20:17,434.55,200,8200
20240222,09:34:23,450.0,1,8400
20240222,09:34:23,450.0,100,8400
20240222,09:34:42,463.25,100,8400
20240222,09:35:01,466.35,200,8400
20240222,10:05:43,504.5,50,8300
20240222,10:11:58,504.5,200,8350
20240222,10:22:44,508.9,400,8550
20240222,10:28:04,508.9,250,8550
20240222,10:36:37,491.9,100,8300
20240222,10:52:45,485.35,50,8400
20240222,10:56:43,508.0,50,8450
20240222,10:57:51,523.4,100,8450
20240222,10:58:43,523.4,50,8450
20240222,10:58:56,515.05,50,8450
20240222,11:01:43,508.3,50,8500
20240222,11:17:26,498.95,400,8550
20240222,11:20:23,504.35,200,8950
20240222,11:55:23,476.85,100,8950
20240222,12:12:38,456.7,50,8950
20240222,12:12:46,457.7,50,8950
20240222,13:38:39,440.0,300,9050
20240222,13:41:47,430.0,300,9350
20240222,13:42:28,418.6,400,9350
20240222,13:45:22,414.7,50,10050
20240222,13:45:30,414.7,200,10050
20240222,13:45:54,421.4,400,10050
20240222,13:46:02,420.35,400,10050
20240222,13:47:15,410.0,300,10950
20240222,13:48:31,410.0,100,10950
20240222,13:48:46,412.75,500,10950
20240222,13:49:02,409.0,100,10950
20240222,13:49:50,406.6,50,11800
20240222,13:50:01,401.9,300,11800
20240222,13:50:12,395.75,400,11800
20240222,13:50:54,395.0,50,11800
20240222,13:51:24,395.0,400,11800
20240222,13:51:40,398.65,100,11800
20240222,13:52:27,399.0,50,11800
20240222,13:52:56,399.0,50,12950
20240222,13:53:29,386.25,500,12950
20240222,13:56:15,386.25,100,13350
20240222,13:57:15,396.05,100,13350
20240222,13:58:00,386.0,250,13350
20240222,13:59:24,369.25,50,13400
20240222,14:02:28,359.35,600,13450
20240222,14:04:57,359.35,400,13950
20240222,14:06:26,369.45,100,13950
20240222,14:12:19,375.35,100,14450
20240222,14:27:44,376.55,100,14350
20240222,14:31:37,380.65,100,14250
20240222,14:31:52,379.3,100,14350
20240222,14:31:59,380.7,100,14350
20240222,14:32:28,382.5,100,14350
20240222,14:38:27,362.4,100,14250
20240222,14:39:05,355.0,400,14250
20240222,14:39:13,354.9,100,14250
20240222,14:40:16,354.9,100,14250
20240222,14:45:42,357.8,100,14250
20240222,14:47:32,361.9,50,14350
20240222,14:48:41,347.65,50,14350
20240222,14:49:10,343.6,150,14350
20240222,14:50:17,337.95,100,14500
20240222,14:51:03,330.5,250,14500
20240222,14:51:13,328.45,200,14500
20240222,14:51:23,327.8,100,14500
20240222,14:51:45,323.9,100,14500
20240222,14:51:56,322.25,100,14500
20240222,14:52:06,321.2,100,14500
20240222,14:52:15,321.2,200,14500
20240222,14:52:24,330.45,100,14500
20240222,14:52:32,330.3,550,14500
20240222,14:52:56,329.8,100,15400
20240222,14:53:04,329.75,100,15400
20240222,14:54:31,334.15,450,15400
20240222,14:54:39,334.45,350,15400
20240222,14:55:34,329.5,200,15400
20240222,14:55:43,326.95,100,15400
20240222,14:55:53,327.75,100,15400
20240222,14:56:04,331.3,100,16550
20240222,14:56:38,335.35,100,16550
20240222,14:58:36,342.8,100,16550
20240222,14:59:05,335.8,100,16650
20240222,14:59:14,336.4,100,16650
20240222,14:59:17,336.7,50,16650
20240222,14:59:39,338.5,50,16650
20240222,14:59:44,336.05,50,16650
20240222,14:59:59,333.4,100,16650
20240222,15:00:27,329.45,100,16650
20240222,15:00:30,331.3,50,16650
20240222,15:00:49,332.75,100,16650
20240222,15:01:15,331.85,300,16650
20240222,15:01:24,334.55,150,16650
20240222,15:02:18,326.7,50,17300
20240222,15:03:09,326.3,100,17300
20240222,15:04:11,325.15,50,17300
20240222,15:05:10,324.25,150,17300
20240222,15:07:29,324.8,100,17300
20240222,15:07:53,321.75,50,17300
20240222,15:08:03,323.05,50,17350
20240222,15:11:49,315.35,100,17400
20240222,15:13:02,309.95,250,17400
20240222,15:13:47,310.3,400,17400
20240222,15:14:19,314.35,200,17900
20240222,15:14:27,313.2,800,17900
20240222,15:14:36,312.55,450,17900
20240222,15:15:01,313.7,50,17900
20240222,15:17:26,309.6,50,19250
20240222,15:17:33,309.6,200,19250
20240222,15:18:25,309.0,50,19250
20240222,15:19:51,307.5,200,19250
20240222,15:20:15,309.05,100,19550
20240222,15:20:17,309.4,200,19550
20240222,15:20:18,309.05,200,19550
20240222,15:20:32,306.9,200,19550
20240222,15:25:55,299.75,50,19700
20240222,15:26:37,299.75,250,19700
20240222,15:27:59,300.85,50,19700
20240222,15:29:14,302.3,50,19700
20240223,09:15:12,301.3,1,19750
20240223,09:15:12,301.3,100,19750
20240223,09:15:23,306.6,200,19750
20240223,09:15:26,306.6,100,19750
20240223,09:15:33,302.9,50,19750
20240223,09:16:03,301.6,1050,19800
20240223,09:16:18,301.15,50,19800
20240223,09:16:43,301.15,50,19800
20240223,09:17:38,303.4,450,19800
20240223,09:18:01,303.5,350,19800
20240223,09:18:08,303.8,150,19800
20240223,09:18:32,299.0,50,19800
20240223,09:20:13,298.9,100,20550
20240223,09:20:18,298.9,350,20550
20240223,09:20:23,296.5,50,20550
20240223,09:20:26,296.15,50,20550
20240223,09:20:32,296.15,350,20550
20240223,09:20:37,297.75,600,20550
20240223,09:21:09,295.15,650,20550
20240223,09:21:12,294.0,350,20550
20240223,09:23:38,291.7,50,22450
20240223,09:25:14,291.7,950,22450
20240223,09:25:16,300.7,750,22450
20240223,09:26:26,295.8,50,22450
20240223,09:26:29,295.6,50,22450
20240223,09:26:46,296.5,450,22450
20240223,09:27:26,302.0,100,22450
20240223,09:27:41,305.5,350,22450
20240223,09:28:24,305.4,50,23450
20240223,09:29:33,304.6,400,23450
20240223,09:29:50,305.5,350,23450
20240223,09:30:33,306.3,300,23450
20240223,09:30:35,306.75,50,23450
20240223,09:33:02,310.75,50,23600
20240223,09:33:14,311.45,50,23600
20240223,09:33:22,312.55,50,23600
20240223,09:35:17,312.55,50,23600
20240223,09:36:29,306.15,100,23600
20240223,09:40:46,293.4,50,23550
20240223,09:40:51,289.85,100,23550
20240223,09:41:07,289.85,300,23550
20240223,09:42:34,291.0,100,23550
20240223,09:44:42,291.3,100,23900
20240223,09:44:44,291.2,50,23900
20240223,09:44:51,292.1,50,23900
20240223,09:45:39,295.4,50,23900
20240223,09:45:48,291.5,100,23900
20240223,09:48:24,293.45,50,24200
20240223,09:51:01,295.0,50,24200
20240223,09:51:13,294.45,100,24200
20240223,09:52:06,293.3,50,24250
20240223,09:52:18,295.55,100,24250
20240223,09:52:35,295.65,50,24250
20240223,09:55:11,298.15,50,24350
20240223,10:05:43,293.6,50,24400
20240223,10:06:08,290.0,100,24400
20240223,10:06:38,290.4,50,24400
20240223,10:07:09,285.7,350,24550
20240223,10:09:43,285.95,50,24550
20240223,10:10:16,287.55,50,24850
20240223,10:10:54,287.3,50,24850
20240223,10:12:24,288.15,100,24850
20240223,10:12:44,289.2,50,24850
20240223,10:15:22,279.0,50,25000
20240223,10:15:46,278.4,50,25000
20240223,10:15:51,278.4,150,25000
20240223,10:17:37,275.5,50,25000
20240223,10:17:47,274.2,50,25000
20240223,10:18:12,271.2,100,25000
20240223,10:18:17,271.2,100,25000
20240223,10:18:24,270.1,50,25000
20240223,10:18:27,269.3,50,25000
20240223,10:18:54,268.9,300,25000
20240223,10:18:59,268.2,100,25000
20240223,10:19:01,268.2,50,25250
20240223,10:19:11,267.1,300,25250
20240223,10:19:34,264.8,350,25250
20240223,10:19:41,264.25,800,25250
20240223,10:19:42,263.8,700,25250
20240223,10:20:06,263.0,300,25250
20240223,10:20:16,261.5,200,25250
20240223,10:21:10,263.1,350,25250
20240223,10:21:20,264.1,50,25250
20240223,10:21:22,264.9,1500,25250
20240223,10:21:29,264.2,50,25250
20240223,10:21:39,264.9,500,25250
20240223,10:21:50,265.75,300,25250
20240223,10:22:30,267.4,100,27450
20240223,10:22:37,266.8,50,27450
20240223,10:22:38,267.4,50,27450
20240223,10:23:05,270.35,50,27450
20240223,10:23:08,270.7,50,27450
20240223,10:23:13,272.5,50,27450
20240223,10:23:42,274.2,300,27450
20240223,10:24:35,282.75,50,27450
20240223,10:24:43,285.0,250,27450
20240223,10:24:45,285.0,50,27450
20240223,10:24:47,285.55,50,27450
20240223,10:24:48,285.55,200,27450
20240223,10:24:53,288.05,50,27450
20240223,10:25:10,288.1,50,27400
20240223,10:25:18,287.2,150,27400
20240223,10:25:27,290.0,50,27400
20240223,10:25:32,289.3,50,27400
20240223,10:25:45,291.4,50,27400
20240223,10:26:23,292.8,250,27400
20240223,10:26:37,291.1,700,27400
20240223,10:26:47,290.3,50,27400
20240223,10:27:02,298.15,200,27400
20240223,10:27:12,299.8,350,27400
20240223,10:27:15,298.8,250,27400
20240223,10:27:18,300.95,150,27400
20240223,10:27:28,302.4,350,27400
20240223,10:27:30,301.25,150,27400
20240223,10:28:00,301.1,100,27500
20240223,10:28:03,302.5,350,27500
20240223,10:29:40,304.7,100,27500
20240223,10:29:42,302.9,50,27500
20240223,10:30:02,300.2,50,27500
20240223,10:30:30,301.65,200,27500
20240223,10:30:45,297.0,50,27500
20240223,10:32:07,310.6,1200,27550
20240223,10:32:17,312.4,150,27550
20240223,10:32:18,311.65,100,27550
20240223,10:32:23,311.6,100,27550
20240223,10:32:30,312.95,50,27550
20240223,10:32:37,312.95,50,27550
20240223,10:32:38,309.85,50,27550
20240223,10:34:52,302.55,100,27550
20240223,10:34:56,300.95,100,27550
20240223,10:36:02,301.2,50,27550
20240223,10:36:22,305.6,50,27550
20240223,10:37:02,310.95,600,27450
20240223,10:37:34,308.05,50,27450
20240223,10:38:17,307.05,50,27450
20240223,10:42:42,290.45,100,27200
20240223,10:42:54,289.3,100,27200
20240223,10:47:10,295.4,100,27200
20240223,10:47:47,295.0,50,27200
20240223,10:48:33,291.15,100,27200
20240223,10:48:48,293.25,50,27200
20240223,10:48:49,294.6,100,27200
20240223,10:48:53,294.7,100,27200
20240223,10:48:56,297.05,100,27200
20240223,10:49:39,289.75,50,27300
20240223,10:50:32,289.65,50,27300
20240223,10:50:34,290.25,100,27300
20240223,10:51:02,289.75,600,27300
20240223,10:53:49,288.75,100,27700
20240223,10:54:14,284.95,250,27700
20240223,10:54:58,282.2,50,27700
20240223,10:55:08,284.95,50,27850
20240223,11:00:04,286.55,50,27850
20240223,11:00:12,284.9,50,27850
20240223,11:02:31,282.9,50,27850
20240223,11:03:16,278.7,50,27850
20240223,11:03:27,276.1,350,27850
20240223,11:03:41,274.8,50,27850
20240223,11:03:44,273.5,450,27850
20240223,11:03:54,272.1,100,27850
20240223,11:04:04,270.9,700,27850
20240223,11:04:09,269.3,50,27850
20240223,11:04:28,267.9,600,27850
20240223,11:04:41,266.05,800,27850
20240223,11:05:04,263.45,150,27850
20240223,11:05:09,263.1,150,27850
20240223,11:05:13,262.9,150,27850
20240223,11:05:14,263.1,350,27850
20240223,11:05:16,263.05,50,27850
20240223,11:05:19,263.05,100,27850
20240223,11:05:23,261.7,400,27850
20240223,11:06:02,256.2,500,27850
20240223,11:06:31,254.45,200,27850
20240223,11:07:31,254.45,50,29600
20240223,11:09:30,264.9,650,29600
20240223,11:09:40,264.9,1350,29600
20240223,11:10:02,264.0,450,29600
20240223,11:12:57,267.15,50,31900
20240223,11:13:35,270.3,50,31850
20240223,11:15:01,279.8,500,31850
20240223,11:15:18,278.6,200,31850
20240223,11:15:41,279.75,100,31850
20240223,11:16:28,285.25,50,32100
20240223,11:16:30,284.4,400,32100
20240223,11:16:35,284.2,300,32100
20240223,11:16:48,284.6,350,32100
20240223,11:16:58,285.3,350,32100
20240223,11:17:08,284.2,700,32100
20240223,11:17:35,287.85,850,32100
20240223,11:17:48,287.35,50,32100
20240223,11:17:55,287.45,50,32100
20240223,11:18:06,286.6,250,32100
20240223,11:18:13,286.4,250,32100
20240223,11:18:16,286.3,250,32100
20240223,11:18:21,286.1,250,32100
20240223,11:19:04,290.95,200,32100
20240223,11:20:09,287.25,50,31050
20240223,11:24:42,274.05,50,31000
20240223,11:26:53,280.35,100,31050
20240223,11:27:41,283.55,50,31050
20240223,11:27:43,283.7,50,31050
20240223,11:30:12,279.9,100,31050
20240223,11:30:23,280.9,100,31050
20240223,11:31:02,286.0,100,31050
20240223,11:31:07,285.95,100,31050
20240223,11:31:55,283.75,50,31050
20240223,11:33:03,286.8,100,31050
20240223,11:38:01,283.45,50,30950
20240223,11:39:28,279.05,100,30950
20240223,11:39:35,279.9,50,30950
20240223,11:41:02,277.95,50,30950
20240223,11:41:03,280.0,400,30950
20240223,11:41:05,280.65,50,30950
20240223,11:41:10,280.85,50,30950
20240223,11:41:18,282.2,200,30950
20240223,11:41:21,280.8,900,30950
20240223,11:42:14,280.8,50,30950
20240223,11:43:20,281.1,100,30350
20240223,11:43:48,278.45,200,30350
20240223,11:44:35,281.35,50,30350
20240223,11:46:37,279.05,50,30300
20240223,11:48:36,277.1,100,30300
20240223,11:48:55,275.9,50,30300
20240223,11:50:28,278.5,50,30300
20240223,11:50:30,279.5,100,30250
20240223,11:50:53,285.05,150,30250
20240223,11:50:54,285.0,50,30250
20240223,11:50:58,284.35,50,30250
20240223,11:50:59,284.35,400,30250
20240223,11:51:03,284.55,50,30250
20240223,11:51:05,284.55,50,30250
20240223,11:52:48,289.4,50,30100
20240223,11:52:51,291.55,1350,30100
20240223,11:53:03,291.75,300,30100
20240223,11:54:08,287.8,50,30100
20240223,11:55:14,292.85,100,29100
20240223,11:56:20,289.25,100,29100
20240223,11:56:34,287.85,100,29100
20240223,12:01:52,290.2,50,28950
20240223,12:03:18,291.85,100,28950
20240223,12:03:27,291.9,100,28950
20240223,12:03:37,290.45,50,28950
20240223,12:03:40,289.35,50,28950
20240223,12:08:20,291.1,50,28700
20240223,12:08:27,290.0,700,28700
20240223,12:08:44,290.0,3250,28700
20240223,12:08:46,290.0,150,28700
20240223,12:11:22,291.15,50,29500
20240223,12:11:24,291.55,850,29500
20240223,12:11:50,297.0,650,29500
20240223,12:12:02,293.6,50,29500
20240223,12:13:59,291.55,150,29900
20240223,12:14:01,291.7,50,29900
20240223,12:14:57,289.7,100,29900
20240223,12:15:16,292.6,200,29900
20240223,12:15:59,292.45,100,29900
20240223,12:16:21,293.1,50,29650
20240223,12:20:25,293.25,50,29650
20240223,12:23:05,289.8,200,29700
20240223,12:23:07,290.8,450,29700
20240223,12:23:28,289.8,450,29700
20240223,12:24:36,282.0,350,29700
20240223,12:24:44,279.95,300,29700
20240223,12:25:42,276.6,100,30450
20240223,12:25:54,276.8,50,30450
20240223,12:26:53,275.4,100,30450
20240223,12:27:03,274.9,100,30450
20240223,12:29:31,278.05,100,30450
20240223,12:30:14,279.4,50,30450
20240223,12:30:49,277.25,50,30450
20240223,12:31:24,281.55,50,30450
20240223,12:35:10,283.15,100,30450
20240223,12:36:10,283.65,100,30450
20240223,12:39:33,278.85,100,30550
20240223,12:40:10,280.45,100,30550
20240223,12:40:28,279.7,150,30550
20240223,12:40:34,278.85,400,30550
20240223,12:43:47,279.25,100,30150
20240223,12:44:29,278.8,250,30150
20240223,12:45:19,276.0,100,30150
20240223,12:45:23,275.45,100,30150
20240223,12:55:18,274.5,100,30150
20240223,12:55:28,274.0,100,30150
20240223,12:56:15,277.15,100,30150
20240223,12:56:36,276.25,50,30150
20240223,12:59:43,277.95,100,30050
20240223,13:00:37,276.5,50,30050
20240223,13:01:22,276.65,50,29950
20240223,13:04:03,276.3,50,29950
20240223,13:06:07,281.25,150,29950
20240223,13:06:46,282.2,100,29950
20240223,13:08:25,283.9,350,29900
20240223,13:09:05,283.05,50,29900
20240223,13:10:07,282.8,150,29900
20240223,13:11:41,285.95,50,29900
20240223,13:11:48,285.25,50,29900
20240223,13:11:54,284.8,100,29900
20240223,13:12:22,284.6,50,29900
20240223,13:13:40,280.0,350,29850
20240223,13:14:07,282.55,50,29850
20240223,13:15:16,281.65,150,29850
20240223,13:15:23,281.6,150,29850
20240223,13:18:46,287.15,50,29700
20240223,13:19:24,284.75,50,29700
20240223,13:20:02,283.65,150,29700
20240223,13:20:04,283.75,150,29700
20240223,13:20:07,283.85,50,29700
20240223,13:21:57,285.05,150,29700
20240223,13:22:01,285.6,50,29700
20240223,13:22:34,288.6,450,29750
20240223,13:24:18,289.5,100,29750
20240223,13:24:45,293.0,50,29750
20240223,13:24:50,294.1,100,29750
20240223,13:24:53,296.3,100,29750
20240223,13:25:06,297.0,500,29750
20240223,13:25:08,297.0,500,29750
20240223,13:25:21,301.3,150,29750
20240223,13:25:29,304.4,50,29150
20240223,13:25:44,306.8,750,29150
20240223,13:25:53,308.6,450,29150
20240223,13:25:58,309.55,50,29150
20240223,13:25:59,311.2,300,29150
20240223,13:26:01,312.25,350,29150
20240223,13:26:04,310.95,50,29150
20240223,13:26:41,309.8,50,29150
20240223,13:26:43,309.75,200,29150
20240223,13:27:14,306.75,50,29150
20240223,13:27:19,307.9,50,29150
20240223,13:28:51,308.7,100,29000
20240223,13:29:24,304.1,50,29000
20240223,13:29:51,296.4,100,29000
20240223,13:30:01,295.75,100,29000
20240223,13:30:03,295.0,50,29000
20240223,13:30:11,298.35,100,29000
20240223,13:30:18,298.35,600,29000
20240223,13:30:24,299.7,50,29000
20240223,13:31:16,293.65,700,29000
20240223,13:32:21,279.6,50,28950
20240223,13:32:24,282.05,200,28950
20240223,13:32:26,282.3,100,28950
20240223,13:32:34,279.9,50,28950
20240223,13:32:58,276.75,50,28950
20240223,13:33:31,281.35,200,28950
20240223,13:33:53,281.05,50,28950
20240223,13:34:01,281.85,50,28950
20240223,13:35:01,283.8,100,29300
20240223,13:35:28,284.05,50,29300
20240223,13:36:29,286.35,200,29300
20240223,13:36:44,287.4,50,29300
20240223,13:37:47,288.9,350,29200
20240223,13:39:23,286.15,100,29200
20240223,13:39:25,286.5,100,29200
20240223,13:40:08,286.25,50,29200
20240223,13:40:13,285.95,100,29200
20240223,13:43:27,288.05,50,29700
20240223,13:45:03,293.3,50,29700
20240223,13:46:00,289.8,50,29700
20240223,13:46:53,291.8,200,29750
20240223,13:48:15,291.45,100,29750
20240223,13:50:06,294.8,100,29500
20240223,13:50:41,294.8,100,29500
20240223,13:51:39,291.65,100,29500
20240223,13:51:44,293.2,50,29500
20240223,13:52:13,295.45,500,29500
20240223,13:53:19,292.55,700,29050
20240223,13:53:41,293.4,50,29050
20240223,13:53:51,293.95,150,29050
20240223,13:54:50,296.9,200,29050
20240223,13:55:01,296.5,150,29050
20240223,13:55:08,298.05,250,29050
20240223,14:00:08,296.7,200,28550
20240223,14:00:31,300.25,200,28550
20240223,14:01:03,294.2,100,28550
20240223,14:01:04,293.35,100,28550
20240223,14:01:58,291.0,150,28650
20240223,14:02:23,289.6,100,28650
20240223,14:03:09,289.5,50,28650
20240223,14:05:57,282.95,100,28600
20240223,14:06:49,288.4,100,28600
20240223,14:07:26,293.9,250,28600
20240223,14:09:01,292.9,300,28350
20240223,14:09:34,294.9,100,28350
20240223,14:09:47,298.4,450,28350
20240223,14:09:49,299.0,50,28350
20240223,14:10:06,295.05,100,28350
20240223,14:11:09,296.2,50,28750
20240223,14:11:28,298.55,100,28750
20240223,14:12:03,300.0,50,28750
20240223,14:13:00,294.5,50,28750
20240223,14:13:33,299.3,50,28850
20240223,14:15:00,304.85,200,28850
20240223,14:15:53,306.1,100,28850
20240223,14:15:58,304.8,50,28850
20240223,14:16:00,303.85,50,28850
20240223,14:16:53,297.2,100,28850
20240223,14:16:56,295.5,50,28850
20240223,14:17:15,298.05,300,28850
20240223,14:18:54,293.0,250,28850
20240223,14:19:09,294.4,50,28850
20240223,14:19:13,296.05,50,28850
20240223,14:20:01,292.95,50,28600
20240223,14:20:36,295.3,50,28600
20240223,14:21:21,295.75,50,28600
20240223,14:24:03,287.0,200,28600
20240223,14:24:26,289.9,100,28600
20240223,14:25:06,293.85,50,28600
20240223,14:25:39,296.85,100,28650
20240223,14:26:06,294.65,100,28650
20240223,14:28:24,296.95,100,28650
20240223,14:30:00,293.35,150,28700
20240223,14:30:10,294.95,50,28700
20240223,14:32:39,299.1,200,28850
20240223,14:33:22,300.3,300,28850
20240223,14:33:27,300.7,100,28850
20240223,14:33:37,303.5,50,28850
20240223,14:34:06,298.8,50,28850
20240223,14:35:04,301.25,50,29350
20240223,14:35:09,301.55,50,29350
20240223,14:37:08,301.45,900,29350
20240223,14:38:01,298.25,100,28550
20240223,14:39:48,283.5,50,28550
20240223,14:40:49,282.15,50,28600
20240223,14:44:36,283.25,100,28650
20240223,14:49:27,289.75,100,28550
20240223,14:50:33,289.75,50,28450
20240223,14:51:08,288.55,50,28450
20240223,14:51:13,290.05,100,28450
20240223,14:52:33,291.6,50,28450
20240223,14:55:18,293.95,300,28500
20240223,14:56:43,295.2,50,28800
20240223,15:00:28,290.25,100,28750
20240223,15:00:51,295.55,50,28750
20240223,15:01:03,297.05,400,28750
20240223,15:01:23,295.2,300,28750
20240223,15:02:06,296.25,350,28800
20240223,15:03:04,299.1,700,28800
20240223,15:03:09,298.0,350,28800
20240223,15:03:13,299.1,700,28800
20240223,15:03:39,296.25,50,28800
20240223,15:03:44,294.25,50,28800
20240223,15:04:24,301.8,100,28800
20240223,15:04:59,301.9,100,28800
20240223,15:05:04,301.6,250,30700
20240223,15:05:47,295.1,100,30700
20240223,15:05:49,295.05,50,30700
20240223,15:06:01,297.05,50,30700
20240223,15:06:02,296.4,50,30700
20240223,15:07:07,297.75,100,30700
20240223,15:07:34,299.5,50,30700
20240223,15:08:49,299.35,150,31150
20240223,15:10:01,296.0,1400,31150
20240223,15:10:07,296.45,50,31150
20240223,15:10:14,298.0,4100,31150
20240223,15:10:16,298.75,550,31150
20240223,15:10:37,301.1,350,31150
20240223,15:11:02,299.25,50,29850
20240223,15:11:07,297.95,50,29850
20240223,15:11:16,297.4,100,29850
20240223,15:11:19,298.35,100,29850
20240223,15:12:12,297.6,50,29850
20240223,15:13:22,297.5,50,29850
20240223,15:15:05,296.15,50,29800
20240223,15:16:02,300.95,1600,29800
20240223,15:16:07,300.0,50,29800
20240223,15:16:08,300.0,400,29800
20240223,15:16:10,300.0,450,29800
20240223,15:16:45,308.0,50,31400
20240223,15:17:05,308.35,50,31400
20240223,15:17:43,309.7,100,31400
20240223,15:18:05,308.0,700,31400
20240223,15:18:20,307.2,200,31400
20240223,15:18:38,305.5,50,31400
20240223,15:19:01,306.75,200,31400
20240223,15:19:16,304.9,550,31400
20240223,15:19:51,297.0,200,31900
20240223,15:19:58,297.8,400,31900
20240223,15:20:05,296.9,200,31900
20240223,15:20:06,296.9,50,31900
20240223,15:20:08,297.7,200,31900
20240223,15:20:10,297.1,200,31900
20240223,15:20:15,296.9,200,31900
20240223,15:20:20,295.8,150,31900
20240223,15:21:43,295.95,250,31900
20240223,15:21:55,294.15,50,31900
20240223,15:21:56,293.75,100,31900
20240223,15:22:06,293.45,100,31900
20240223,15:22:23,291.15,100,31900
20240223,15:22:31,290.6,700,31900
20240223,15:22:33,291.3,2250,31900
20240223,15:22:34,289.6,400,31900
20240223,15:22:36,290.9,450,31900
20240223,15:22:53,286.35,50,31650
20240223,15:23:08,287.05,100,31650
20240223,15:23:09,287.05,50,31650
20240223,15:23:11,286.9,100,31650
20240223,15:23:27,289.95,50,31650
20240223,15:23:32,290.15,50,31650
20240223,15:24:02,292.85,100,31650
20240223,15:24:19,297.3,200,31650
20240223,15:25:17,300.15,50,31650
20240223,15:25:49,306.35,100,31950
20240223,15:25:57,307.8,50,31950
20240223,15:26:14,308.75,50,31950
20240223,15:26:33,311.05,50,31950
20240223,15:26:41,309.6,50,31950
20240223,15:26:43,309.2,350,31950
20240223,15:27:01,308.5,50,31950
20240223,15:27:03,309.4,800,31950
20240223,15:27:23,310.4,500,31950
20240223,15:27:50,306.5,50,31950
20240223,15:28:12,308.8,250,31950
20240223,15:29:15,307.6,250,31300
20240223,15:29:41,305.0,50,31300
20240226,09:15:00,311.6,1,31100
20240226,09:15:00,311.6,50,31100
20240226,09:15:11,325.95,250,31100
20240226,09:15:16,325.95,50,31100
20240226,09:15:21,329.5,450,31100
20240226,09:15:23,330.4,350,31100
20240226,09:15:26,331.5,50,31100
20240226,09:15:28,331.5,100,31100
20240226,09:15:31,323.5,1150,31100
20240226,09:15:33,321.4,350,31100
20240226,09:15:53,328.7,500,32400
20240226,09:15:54,329.5,400,32400
20240226,09:16:02,330.6,2200,32400
20240226,09:16:20,327.8,100,32400
20240226,09:16:24,325.7,50,32400
20240226,09:16:30,325.2,50,32400
20240226,09:16:36,322.1,50,32400
20240226,09:16:38,323.0,50,32400
20240226,09:16:40,322.4,50,32400
20240226,09:16:43,321.0,700,32400
20240226,09:16:46,321.5,50,32400
20240226,09:17:05,323.2,50,32400
20240226,09:18:06,322.6,50,32400
20240226,09:18:08,322.05,50,32400
20240226,09:18:13,321.9,50,32400
20240226,09:18:16,321.15,150,32400
20240226,09:18:18,321.75,50,32400
20240226,09:18:26,320.85,50,32400
20240226,09:18:28,320.2,50,32400
20240226,09:18:45,318.6,350,33950
20240226,09:18:50,320.0,50,33950
20240226,09:18:55,319.8,50,33950
20240226,09:19:25,321.7,50,33950
20240226,09:20:23,322.55,150,33950
20240226,09:20:33,324.35,150,33950
20240226,09:20:35,324.15,50,33950
20240226,09:20:37,324.0,400,33950
20240226,09:20:40,320.1,50,33950
20240226,09:20:43,318.5,600,33950
20240226,09:20:50,316.3,550,33950
20240226,09:20:52,317.6,1250,33950
20240226,09:20:53,316.9,750,33950
20240226,09:21:05,317.85,100,33950
20240226,09:21:23,313.5,200,33950
20240226,09:21:25,313.9,150,33950
20240226,09:23:17,316.0,750,34400
20240226,09:23:18,316.0,1050,34400
20240226,09:23:22,315.0,300,34400
20240226,09:24:18,318.7,350,34400
20240226,09:24:47,315.1,50,34750
20240226,09:25:27,314.45,50,34750
20240226,09:25:34,314.9,50,34750
20240226,09:25:54,314.45,100,34750
20240226,09:28:12,322.1,50,34800
20240226,09:28:22,320.7,250,34800
20240226,09:28:25,319.2,150,34800
20240226,09:28:27,319.3,100,34800
20240226,09:28:29,319.3,50,34800
20240226,09:28:42,315.25,50,34800
20240226,09:30:01,318.65,50,34800
20240226,09:33:26,319.15,50,34950
20240226,09:35:55,313.4,750,34950
20240226,09:35:57,312.5,50,34950
20240226,09:37:57,320.6,150,35050
20240226,09:41:02,315.45,500,34900
20240226,09:41:32,316.0,50,34900
20240226,09:44:34,304.45,250,35050
20240226,09:45:03,299.45,350,35050
20240226,09:46:23,299.45,100,35400
20240226,09:48:14,311.3,50,35400
20240226,09:48:16,311.4,100,35400
20240226,09:48:17,311.6,50,35400
20240226,09:48:29,310.25,450,35400
20240226,09:48:32,311.45,50,35400
20240226,09:49:39,310.85,50,35750
20240226,09:49:53,314.05,50,35750
20240226,09:49:57,314.7,100,35750
20240226,09:49:58,315.7,150,35750
20240226,09:50:02,316.5,50,35750
20240226,09:50:05,317.45,100,35750
20240226,09:50:10,317.6,50,35750
20240226,09:50:31,322.2,50,35750
20240226,09:50:33,322.3,50,35750
20240226,09:50:35,323.85,50,35750
20240226,09:50:43,322.4,50,35750
20240226,09:50:46,324.0,250,35750
20240226,09:50:48,324.65,50,35750
20240226,09:50:58,325.55,100,35750
20240226,09:51:05,325.8,50,35750
20240226,09:51:23,324.5,150,35750
20240226,09:52:45,340.3,300,35750
20240226,09:53:03,342.9,50,35450
20240226,09:53:32,342.9,50,35450
20240226,09:53:34,337.3,150,35450
20240226,09:54:31,331.55,100,35450
20240226,09:54:41,331.85,100,35450
20240226,09:55:01,334.75,250,35350
20240226,09:56:01,336.6,50,35350
20240226,09:58:34,344.05,250,35500
20240226,09:59:06,350.8,250,35500
20240226,09:59:07,350.8,250,35500
20240226,09:59:14,348.2,500,35500
20240226,09:59:59,352.45,550,35500
20240226,10:00:31,353.5,50,35500
20240226,10:03:05,353.5,50,33700
20240226,10:03:21,346.5,250,33700
20240226,10:03:59,346.05,50,33700
20240226,10:05:34,346.0,50,33600
20240226,10:07:03,341.95,50,33550
20240226,10:07:54,336.6,250,33550
20240226,10:08:21,337.45,150,33550
20240226,10:08:39,334.8,50,33550
20240226,10:08:54,333.85,150,33550
20240226,10:09:09,335.7,50,33550
20240226,10:09:36,342.05,50,33550
20240226,10:09:41,343.4,50,33550
20240226,10:09:48,346.0,100,33550
20240226,10:09:56,347.7,50,33450
20240226,10:09:58,347.6,50,33450
20240226,10:10:01,347.7,100,33450
20240226,10:10:03,347.6,150,33450
20240226,10:10:29,344.45,150,33450
20240226,10:11:04,345.55,50,33450
20240226,10:11:29,347.3,50,33450
20240226,10:11:51,346.25,50,33450
20240226,10:13:20,339.35,50,33400
20240226,10:14:17,337.05,50,33400
20240226,10:15:47,338.7,50,33400
20240226,10:16:40,338.05,50,33400
20240226,10:25:38,344.65,50,33400
20240226,10:25:40,344.65,50,33400
20240226,10:25:59,340.95,50,33400
20240226,10:26:11,340.1,50,33400
20240226,10:29:20,349.35,50,33500
20240226,10:29:32,354.0,50,33500
20240226,10:29:34,354.0,50,33500
20240226,10:38:12,354.0,350,33500
20240226,10:42:53,347.55,50,33350
20240226,10:44:49,352.05,100,33350
20240226,10:46:52,345.65,100,33450
20240226,10:49:20,343.25,50,33350
20240226,10:49:47,343.25,50,33350
20240226,10:51:15,345.85,50,33350
20240226,10:59:39,356.8,50,33500
20240226,11:00:02,365.0,50,33500
20240226,11:00:12,365.75,50,33500
20240226,11:00:20,365.75,50,33500
20240226,11:00:24,369.55,150,33500
20240226,11:00:47,369.55,50,33500
20240226,11:05:08,344.7,100,33500
20240226,11:05:37,343.4,50,33500
20240226,11:07:22,344.1,50,33550
20240226,11:07:26,343.65,100,33550
20240226,11:11:15,348.55,50,33650
20240226,11:20:51,351.4,50,33650
20240226,11:20:53,352.1,250,33650
20240226,11:37:19,354.9,150,33650
20240226,11:37:21,354.05,50,33650
20240226,11:37:22,354.1,50,33650
20240226,11:37:32,355.2,50,33650
20240226,11:40:22,357.2,50,33850
20240226,11:41:17,361.0,50,33850
20240226,11:43:24,359.0,50,33850
20240226,11:44:48,355.45,50,33850
20240226,11:47:31,351.05,500,33900
20240226,11:50:47,356.75,50,34150
20240226,11:53:32,361.4,100,34200
20240226,11:54:46,369.1,50,34200
20240226,11:55:03,376.45,150,34200
20240226,11:55:08,381.0,50,34200
20240226,11:55:47,381.0,50,34150
20240226,11:59:31,364.9,50,34200
20240226,12:02:24,360.95,50,34200
20240226,12:05:03,368.2,150,34200
20240226,12:05:07,368.1,100,34250
20240226,12:08:10,365.0,50,34350
20240226,12:10:58,371.5,50,34400
20240226,12:11:35,371.0,50,34400
20240226,12:14:01,371.0,450,34400
20240226,12:15:51,372.9,50,34400
20240226,12:18:49,383.15,550,34450
20240226,12:19:39,385.55,1100,34100
20240226,12:19:41,385.55,2350,34100
20240226,12:19:44,379.95,100,34100
20240226,12:20:01,381.05,100,34100
20240226,12:25:08,374.3,50,36950
20240226,12:35:00,357.55,50,37000
20240226,12:35:37,361.7,50,37000
20240226,12:37:08,365.2,50,37000
20240226,12:37:12,365.0,50,37000
20240226,12:38:21,365.1,50,37000
20240226,12:38:29,364.65,50,37000
20240226,12:40:02,363.3,50,37000
20240226,12:41:04,358.2,50,36900
20240226,12:41:22,360.8,100,36900
20240226,12:43:51,361.4,50,36750
20240226,12:50:01,370.75,150,36750
20240226,12:50:53,368.35,50,36750
20240226,12:57:37,356.3,50,36750
20240226,12:57:39,356.35,50,36800
20240226,12:59:13,350.85,100,36900
20240226,12:59:47,345.3,1800,36900
20240226,13:00:27,345.75,1700,36900
20240226,13:02:16,350.3,50,35250
20240226,13:05:01,349.2,50,35300
20240226,13:09:16,335.75,50,35300
20240226,13:09:18,335.95,50,35300
20240226,13:09:19,335.95,200,35300
20240226,13:11:06,329.75,50,35300
20240226,13:12:02,326.1,350,35300
20240226,13:12:23,322.4,150,35300
20240226,13:12:30,321.15,50,35300
20240226,13:12:32,322.15,100,35300
20240226,13:12:33,323.05,100,35300
20240226,13:15:16,328.85,100,35700
20240226,13:15:26,326.6,50,35700
20240226,13:15:29,324.0,150,35700
20240226,13:15:47,324.0,50,35700
20240226,13:16:40,320.0,50,35900
20240226,13:17:16,309.85,50,35900
20240226,13:17:21,310.85,100,35900
20240226,13:18:01,316.3,100,35900
20240226,13:20:23,322.6,50,35900
20240226,13:20:40,321.6,50,35900
20240226,13:21:48,323.9,50,35900
20240226,13:24:11,328.0,50,36000
20240226,13:26:02,324.85,50,36000
20240226,13:29:16,328.0,50,35950
20240226,13:31:06,330.25,50,35950
20240226,13:31:08,330.15,50,35950
20240226,13:31:26,332.3,50,35850
20240226,13:31:44,335.7,50,35850
20240226,13:33:36,339.6,50,35850
20240226,13:37:59,333.5,50,35800
20240226,13:38:40,331.0,200,35800
20240226,13:44:41,341.35,50,36000
20240226,13:50:33,322.05,50,36000
20240226,13:51:21,325.2,50,36000
20240226,14:02:12,320.4,250,36050
20240226,14:04:51,321.4,350,36050
20240226,14:04:59,321.0,100,36050
20240226,14:05:48,317.7,50,36050
20240226,14:06:00,317.4,350,36050
20240226,14:09:11,317.15,50,36500
20240226,14:09:14,317.05,50,36500
20240226,14:09:32,319.6,150,36500
20240226,14:15:08,326.4,50,36300
20240226,14:19:52,320.1,50,36250
20240226,14:20:18,319.5,50,36250
20240226,14:20:28,319.2,50,36250
20240226,14:23:29,310.0,50,36250
20240226,14:24:03,305.35,250,36250
20240226,14:35:46,325.8,50,36250
20240226,14:35:47,326.3,50,36250
20240226,14:36:01,324.45,50,36250
20240226,14:36:48,320.4,350,36250
20240226,14:37:01,320.0,100,36250
20240226,14:37:11,319.15,50,36250
20240226,14:37:29,320.85,50,36250
20240226,14:39:47,334.85,50,35750
20240226,14:40:00,333.2,50,35750
20240226,14:40:37,329.05,50,35750
20240226,14:44:36,332.0,50,35700
20240226,14:49:00,340.65,50,35700
20240226,14:49:21,343.55,50,35700
20240226,14:49:33,346.75,50,35700
20240226,14:49:54,344.45,50,35650
20240226,14:49:58,345.35,50,35650
20240226,14:50:47,346.05,50,35650
20240226,14:50:54,349.5,50,35650
20240226,14:50:57,350.8,100,35650
20240226,14:51:23,347.5,50,35650
20240226,14:51:41,346.35,50,35650
20240226,14:53:22,356.75,50,35450
20240226,14:53:35,350.05,50,35450
20240226,14:54:36,350.65,50,35450
20240226,14:54:58,352.7,50,35450
20240226,14:55:10,352.55,50,35450
20240226,14:55:29,351.55,50,35450
20240226,14:57:46,345.0,50,35450
20240226,14:59:41,348.5,50,35450
20240226,15:00:45,347.75,100,35450
20240226,15:00:50,346.25,50,35450
20240226,15:02:10,332.85,50,35500
20240226,15:07:55,345.3,100,35500
20240226,15:10:03,343.95,50,35500
20240226,15:11:06,348.45,50,35550
20240226,15:16:54,345.0,100,35550
20240226,15:17:00,345.25,150,35600
20240226,15:17:35,346.5,50,35600
20240226,15:19:39,345.3,550,35600
20240226,15:20:01,343.25,250,35350
20240226,15:20:07,342.85,200,35350
20240226,15:20:15,343.6,200,35350
20240226,15:20:20,344.4,200,35350
20240226,15:20:21,344.4,200,35350
20240226,15:20:23,344.4,100,35350
20240226,15:21:10,345.7,50,35350
20240226,15:21:33,347.45,50,35350
20240226,15:22:11,346.05,50,35350
20240226,15:25:26,345.45,300,35350
20240226,15:25:39,344.7,250,35050
20240226,15:25:40,345.75,50,35050
20240226,15:27:18,339.05,50,35050
20240226,15:27:20,339.05,300,35050
20240226,15:27:21,339.05,200,35050
20240226,15:29:58,342.1,300,35000
20240227,09:15:52,359.45,1,34950
20240227,09:15:52,359.5,500,34950
20240227,09:17:17,361.5,100,34950
20240227,09:19:45,366.45,50,35550
20240227,09:19:53,366.45,500,35550
20240227,09:20:24,363.0,250,35550
20240227,09:21:00,366.0,500,35550
20240227,09:21:12,362.35,50,35550
20240227,09:22:22,357.8,50,35550
20240227,09:22:39,355.2,50,35550
20240227,09:22:40,355.2,200,35550
20240227,09:23:09,350.05,50,35550
20240227,09:23:15,348.1,50,35550
20240227,09:23:38,348.1,50,35550
20240227,09:23:58,348.05,50,35550
20240227,09:26:31,348.0,50,35450
20240227,09:27:58,343.5,100,35400
20240227,09:28:20,346.8,150,35400
20240227,09:29:14,348.0,100,35400
20240227,09:30:05,350.6,50,35400
20240227,09:30:07,350.1,50,35400
20240227,09:30:25,354.45,50,35400
20240227,09:32:11,351.2,50,35750
20240227,09:34:10,345.15,50,35750
20240227,09:35:49,347.0,300,35750
20240227,09:35:51,347.0,50,35750
20240227,09:41:18,343.1,250,35850
20240227,09:53:14,343.8,50,35950
20240227,10:00:16,341.75,50,35950
20240227,10:01:32,339.1,100,36000
20240227,10:01:53,332.9,50,36000
20240227,10:02:10,332.9,100,36000
20240227,10:03:00,333.15,50,36000
20240227,10:03:06,335.05,50,36000
20240227,10:03:13,335.05,50,36000
20240227,10:03:43,336.55,400,36000
20240227,10:06:34,343.95,50,36550
20240227,10:07:10,352.5,350,36550
20240227,10:07:27,350.6,50,36550
20240227,10:09:16,352.8,50,36550
20240227,10:12:02,348.45,50,36750
20240227,10:13:20,360.0,350,36750
20240227,10:13:48,364.75,50,36750
20240227,10:15:05,366.2,100,36750
20240227,10:15:35,358.65,50,36750
20240227,10:23:21,364.0,50,36450
20240227,10:23:23,364.45,50,36450
20240227,10:24:04,371.05,100,36450
20240227,10:24:07,371.05,50,36450
20240227,10:24:09,368.5,750,36450
20240227,10:24:14,370.75,50,36450
20240227,10:25:06,363.45,150,35400
20240227,10:25:18,361.5,50,35400
20240227,10:29:16,367.35,50,35500
20240227,10:30:36,366.3,100,35500
20240227,10:36:03,357.3,150,35500
20240227,10:40:56,363.25,50,35550
20240227,10:43:09,356.55,50,35550
20240227,10:44:41,356.1,500,35550
20240227,10:49:54,348.0,200,35750
20240227,10:53:28,347.6,50,35700
20240227,10:58:35,344.15,50,35750
20240227,11:00:01,342.05,50,35750
20240227,11:00:04,337.0,100,35750
20240227,11:00:06,335.0,50,35750
20240227,11:00:16,336.15,50,35750
20240227,11:01:23,335.55,150,35850
20240227,11:14:36,338.7,200,35850
20240227,11:15:09,337.1,50,35850
20240227,11:19:31,345.65,50,35900
20240227,11:25:01,330.0,50,35850
20240227,11:25:04,328.5,50,35850
20240227,11:30:11,326.0,50,35950
20240227,11:35:38,324.8,50,35950
20240227,11:35:54,324.8,50,35950
20240227,11:38:45,325.0,50,36000
20240227,11:40:46,329.0,50,36050
20240227,11:45:06,325.0,50,36050
20240227,11:47:04,327.5,50,36100
20240227,11:47:25,327.4,50,36100
20240227,12:03:04,336.2,50,36150
20240227,12:06:09,348.2,50,36100
20240227,12:09:25,350.0,50,36050
20240227,12:09:46,350.3,100,36050
20240227,12:15:05,343.1,50,36050
20240227,12:22:52,342.9,50,36050
20240227,12:31:22,338.25,50,36050
20240227,12:36:46,336.0,50,36100
20240227,12:39:18,329.3,50,36150
20240227,12:45:22,321.45,100,36200
20240227,12:48:23,315.8,100,36250
20240227,12:48:26,315.55,50,36250
20240227,12:49:03,309.95,50,36250
20240227,12:49:22,308.8,100,36250
20240227,12:51:12,303.85,100,36500
20240227,12:51:14,301.0,300,36500
20240227,12:51:52,301.0,200,36500
20240227,12:52:04,296.65,50,36500
20240227,12:53:09,296.65,350,37100
20240227,12:53:29,304.3,100,37100
20240227,12:54:12,301.5,50,37100
20240227,12:55:00,298.25,400,37100
20240227,12:57:50,297.4,50,37500
20240227,12:58:45,294.8,50,37500
20240227,12:59:15,294.8,50,37500
20240227,13:00:43,294.8,50,37500
20240227,13:03:02,299.7,50,37500
20240227,13:04:06,298.9,50,37500
20240227,13:08:05,302.0,50,37600
20240227,13:08:37,305.9,250,37600
20240227,13:08:45,305.4,50,37600
20240227,13:09:14,303.0,50,37600
20240227,13:09:15,303.0,50,37600
20240227,13:10:28,306.95,50,37700
20240227,13:10:33,304.4,50,37700
20240227,13:10:36,303.0,50,37700
20240227,13:11:05,300.0,50,37700
20240227,13:11:28,298.4,50,37700
20240227,13:15:06,293.6,100,37750
20240227,13:15:08,293.4,50,37750
20240227,13:18:34,293.4,50,37700
20240227,13:19:27,295.0,600,38300
20240227,13:19:31,295.0,550,38300
20240227,13:19:32,295.0,1350,38300
20240227,13:19:51,291.85,600,38300
20240227,13:20:12,291.8,200,38300
20240227,13:21:32,291.8,50,38300
20240227,13:21:47,296.8,50,38300
20240227,13:22:00,299.1,50,38300
20240227,13:23:31,299.8,50,38950
20240227,13:24:05,300.3,50,38950
20240227,13:25:22,300.3,2500,38950
20240227,13:29:38,308.0,150,37900
20240227,13:30:15,302.95,100,37900
20240227,13:33:12,299.85,100,37950
20240227,13:34:41,300.75,50,37900
20240227,13:37:34,306.75,150,37950
20240227,13:38:45,306.1,100,37950
20240227,13:40:19,312.2,650,37950
20240227,13:40:22,314.8,250,37950
20240227,13:42:24,310.15,50,37950
20240227,13:42:38,311.9,100,37950
20240227,13:44:48,318.05,50,37850
20240227,13:45:13,318.65,100,37850
20240227,13:45:28,320.15,50,37850
20240227,13:45:49,319.1,50,37850
20240227,13:46:10,322.0,50,37850
20240227,13:47:54,318.7,200,37550
20240227,13:48:31,329.6,50,37550
20240227,13:48:33,330.05,50,37550
20240227,13:48:38,330.5,200,37550
20240227,13:49:03,329.4,100,37550
20240227,13:50:55,329.4,50,37350
20240227,13:52:18,318.0,150,37350
20240227,13:52:44,315.45,50,37250
20240227,13:53:44,319.4,50,37250
20240227,13:55:16,325.7,50,37250
20240227,13:55:59,334.05,50,37200
20240227,13:56:09,328.5,50,37200
20240227,13:56:59,333.6,50,37200
20240227,13:57:17,335.0,50,37200
20240227,13:57:44,335.65,50,37200
20240227,13:59:07,325.45,50,37100
20240227,14:13:32,314.0,50,37100
20240227,14:15:24,304.0,100,37100
20240227,14:16:28,300.2,650,37100
20240227,14:17:10,305.2,50,37150
20240227,14:21:37,302.5,50,37150
20240227,14:22:40,301.5,50,37150
20240227,14:22:45,302.6,50,37150
20240227,14:22:48,301.6,50,37150
20240227,14:22:50,302.6,50,37150
20240227,14:29:08,320.0,50,37250
20240227,14:29:17,322.9,50,37250
20240227,14:29:20,322.75,50,37250
20240227,14:32:27,325.0,100,37100
20240227,14:38:06,306.9,50,37000
20240227,14:47:02,306.0,50,36950
20240227,14:51:28,307.0,100,36950
20240227,14:53:54,304.0,50,36950
20240227,14:54:16,303.6,50,36950
20240227,14:57:09,307.15,50,36950
20240227,15:00:27,300.0,50,36950
20240227,15:01:21,292.25,600,36950
20240227,15:01:25,294.15,50,36950
20240227,15:01:28,292.9,50,36950
20240227,15:01:43,297.1,350,36950
20240227,15:02:50,295.7,50,37950
20240227,15:03:00,296.5,350,37950
20240227,15:03:42,295.7,1100,37950
20240227,15:04:02,294.8,350,37950
20240227,15:04:17,290.0,50,37950
20240227,15:04:58,286.7,50,39050
20240227,15:05:00,285.65,500,39050
20240227,15:05:25,285.65,50,39050
20240227,15:06:02,285.9,50,39050
20240227,15:06:03,285.0,50,39050
20240227,15:06:22,285.0,700,39050
20240227,15:07:02,288.7,250,39050
20240227,15:07:17,291.0,50,39050
20240227,15:07:18,292.25,50,39050
20240227,15:07:42,296.0,50,39050
20240227,15:07:50,294.65,50,39050
20240227,15:09:35,291.8,150,40500
20240227,15:10:57,294.5,50,40700
20240227,15:11:20,295.0,50,40700
20240227,15:11:24,294.0,50,40700
20240227,15:12:00,291.8,100,40700
20240227,15:12:40,294.1,50,40700
20240227,15:12:47,293.1,100,40700
20240227,15:13:01,293.1,50,40700
20240227,15:13:02,293.8,350,40700
20240227,15:15:24,297.9,350,41100
20240227,15:17:27,300.9,50,40750
20240227,15:19:47,305.0,150,40750
20240227,15:20:01,304.8,200,40550
20240227,15:20:03,305.15,50,40550
20240227,15:20:05,306.0,400,40550
20240227,15:20:07,307.1,250,40550
20240227,15:20:08,307.55,200,40550
20240227,15:20:10,308.4,400,40550
20240227,15:20:12,309.1,200,40550
20240227,15:20:27,309.3,50,40550
20240227,15:21:01,310.3,50,40550
20240227,15:21:06,309.5,50,40550
20240227,15:22:04,308.25,50,40550
20240227,15:22:18,306.0,50,40550
20240227,15:22:31,302.55,50,40550
20240227,15:22:41,301.1,100,40550
20240227,15:24:14,299.6,50,38800
20240227,15:25:02,300.2,50,38800
20240227,15:25:04,300.2,150,38800
20240227,15:25:05,300.9,50,38800
20240227,15:25:40,302.4,50,38800
20240227,15:26:25,301.8,50,38850
20240227,15:27:07,301.3,300,38850
20240227,15:28:46,301.75,100,38850
20240227,15:29:10,301.05,100,38600
20240228,09:15:12,295.65,1,38500
20240228,09:15:12,296.2,950,38500
20240228,09:15:23,297.2,50,38500
20240228,09:15:32,297.2,800,38500
20240228,09:15:40,287.7,700,38500
20240228,09:15:47,288.9,50,38500
20240228,09:16:01,291.2,100,40350
20240228,09:16:07,289.6,400,40350
20240228,09:16:21,292.45,300,40350
20240228,09:16:34,292.2,100,40350
20240228,09:16:46,291.85,50,40350
20240228,09:17:04,292.85,50,40350
20240228,09:17:37,296.85,50,40350
20240228,09:17:44,298.7,50,40350
20240228,09:17:56,298.7,50,40350
20240228,09:18:01,294.9,50,40350
20240228,09:18:06,295.25,50,40350
20240228,09:18:30,293.1,350,40350
20240228,09:18:31,292.6,200,40350
20240228,09:19:05,292.45,50,40800
20240228,09:19:12,293.45,50,40800
20240228,09:20:16,294.35,150,40800
20240228,09:20:24,293.55,50,40800
20240228,09:20:28,293.65,250,40800
20240228,09:20:33,293.55,50,40800
20240228,09:20:59,293.3,50,40800
20240228,09:21:01,294.0,150,40800
20240228,09:21:34,291.7,100,40800
20240228,09:22:02,292.2,50,40900
20240228,09:22:21,292.1,100,40900
20240228,09:22:37,289.6,100,40900
20240228,09:23:04,288.0,100,40900
20240228,09:23:07,287.8,50,40900
20240228,09:23:09,287.9,50,40900
20240228,09:23:14,287.9,50,40900
20240228,09:23:35,288.6,50,40900
20240228,09:23:37,287.8,350,40900
20240228,09:24:01,287.8,50,40900
20240228,09:24:07,288.1,100,40900
20240228,09:24:31,290.0,50,40900
20240228,09:26:02,293.8,250,41600
20240228,09:26:19,293.05,100,41600
20240228,09:26:51,291.0,300,41600
20240228,09:26:52,291.6,50,41600
20240228,09:27:16,296.0,100,41600
20240228,09:27:36,297.5,50,41600
20240228,09:30:39,300.9,50,41900
20240228,09:30:48,300.9,50,41900
20240228,09:30:53,299.4,100,41900
20240228,09:31:17,298.15,50,41950
20240228,09:32:12,297.9,50,41950
20240228,09:32:34,296.0,50,41950
20240228,09:32:38,296.0,50,41950
20240228,09:32:49,294.15,50,41950
20240228,09:32:59,292.3,50,41950
20240228,09:33:29,290.85,50,41950
20240228,09:33:36,292.4,300,41950
20240228,09:33:58,292.8,50,42150
20240228,09:34:47,292.55,50,42150
20240228,09:35:35,294.2,50,42150
20240228,09:35:53,297.95,300,42150
20240228,09:38:14,294.4,50,41950
20240228,09:39:36,294.4,100,41950
20240228,09:40:59,296.2,50,41950
20240228,09:41:01,296.75,100,41950
20240228,09:42:11,294.1,50,41950
20240228,09:42:13,293.8,50,41950
20240228,09:42:42,289.8,50,41950
20240228,09:42:59,288.85,50,41900
20240228,09:43:04,289.4,50,41900
20240228,09:45:41,289.2,200,41900
20240228,09:45:45,289.3,250,41900
20240228,09:46:42,292.8,100,42000
20240228,09:46:53,289.3,50,42000
20240228,09:48:53,293.65,50,42000
20240228,09:49:49,290.9,100,41950
20240228,09:51:58,288.5,50,41950
20240228,09:53:44,297.0,50,42050
20240228,09:53:48,297.7,50,42050
20240228,09:54:19,296.1,100,42050
20240228,09:54:21,296.7,400,42050
20240228,09:54:36,297.0,150,42050
20240228,09:55:19,297.15,100,41950
20240228,09:55:47,299.65,50,41950
20240228,09:57:04,298.95,150,41950
20240228,09:58:42,298.0,50,41850
20240228,09:59:09,298.05,200,41850
20240228,09:59:12,299.8,50,41850
20240228,10:00:00,306.8,100,41850
20240228,10:00:17,306.8,50,41850
20240228,10:00:20,307.65,100,41850
20240228,10:00:27,307.65,100,41850
20240228,10:00:38,304.4,100,41850
20240228,10:01:15,304.1,50,41900
20240228,10:04:04,300.05,50,41900
20240228,10:04:19,298.7,50,41900
20240228,10:04:22,298.1,350,41900
20240228,10:05:24,296.85,200,41900
20240228,10:05:41,293.45,100,41900
20240228,10:06:01,291.55,100,41900
20240228,10:06:03,291.1,300,41900
20240228,10:06:21,290.6,50,41900
20240228,10:06:43,290.0,50,41900
20240228,10:06:49,289.55,50,41900
20240228,10:07:11,285.0,200,42250
20240228,10:07:13,284.35,150,42250
20240228,10:07:53,280.0,50,42250
20240228,10:07:59,279.15,50,42250
20240228,10:08:04,276.65,50,42250
20240228,10:08:06,276.65,100,42250
20240228,10:08:09,277.65,150,42250
20240228,10:08:36,279.2,100,42250
20240228,10:10:16,277.0,100,42600
20240228,10:10:33,277.4,100,42600
20240228,10:12:02,282.25,50,42600
20240228,10:12:19,283.0,100,42600
20240228,10:12:31,283.0,100,42600
20240228,10:13:13,279.8,50,42550
20240228,10:13:32,279.65,50,42550
20240228,10:17:41,282.15,50,42550
20240228,10:18:39,282.65,100,42550
20240228,10:24:24,285.55,400,42450
20240228,10:24:57,285.5,200,42450
20240228,10:25:57,283.7,150,42850
20240228,10:26:30,280.95,50,42850
20240228,10:26:38,281.3,50,42850
20240228,10:26:43,282.6,200,42850
20240228,10:26:45,281.1,50,42850
20240228,10:28:10,282.05,400,42650
20240228,10:28:48,285.0,50,42650
20240228,10:31:54,289.9,50,42200
20240228,10:32:12,289.0,250,42200
20240228,10:32:51,290.05,50,42200
20240228,10:32:57,289.2,50,42200
20240228,10:33:24,287.0,50,42200
20240228,10:33:46,285.3,50,42200
20240228,10:34:06,287.0,50,42200
20240228,10:34:44,289.65,50,42500
20240228,10:37:49,290.4,50,42450
20240228,10:39:10,293.65,100,42450
20240228,10:39:22,293.65,50,42450
20240228,10:39:23,293.0,1000,42450
20240228,10:39:47,293.2,350,42450
20240228,10:39:59,294.35,50,42450
20240228,10:40:29,294.05,100,40950
20240228,10:42:47,291.45,50,40950
20240228,10:43:00,292.35,50,40950
20240228,10:44:16,289.2,50,40950
20240228,10:44:18,288.75,50,40950
20240228,10:46:19,294.4,350,40950
20240228,10:46:44,295.25,50,40950
20240228,10:47:00,296.0,50,40950
20240228,10:47:03,300.0,150,40950
20240228,10:47:25,302.1,400,40950
20240228,10:47:32,301.2,350,40950
20240228,10:47:55,298.4,250,40950
20240228,10:48:00,298.4,350,40950
20240228,10:48:24,298.1,350,40950
20240228,10:48:29,299.4,350,40950
20240228,10:48:34,300.1,350,40950
20240228,10:48:49,301.3,350,40950
20240228,10:48:50,301.0,400,40950
20240228,10:49:28,306.0,50,37450
20240228,10:50:24,316.0,250,37450
20240228,10:50:25,318.55,400,37450
20240228,10:50:44,318.55,50,37450
20240228,10:50:46,314.0,50,37450
20240228,10:51:03,320.9,50,37450
20240228,10:51:04,330.1,400,37450
20240228,10:51:06,331.4,100,37450
20240228,10:51:08,334.15,50,37450
20240228,10:51:13,336.8,100,37450
20240228,10:51:14,340.75,650,37450
20240228,10:51:18,344.35,100,37450
20240228,10:51:19,344.35,50,37450
20240228,10:51:21,340.6,50,37450
20240228,10:51:23,341.15,50,37450
20240228,10:51:24,339.85,100,37450
20240228,10:51:28,340.0,50,37450
20240228,10:51:31,339.7,100,37450
20240228,10:52:01,345.0,50,37450
20240228,10:52:02,350.0,100,37450
20240228,10:52:06,352.3,300,37450
20240228,10:52:07,353.3,50,37450
20240228,10:52:09,353.3,50,36150
20240228,10:52:12,349.55,50,36150
20240228,10:52:14,344.7,50,36150
20240228,10:52:16,350.85,150,36150
20240228,10:52:19,351.35,50,36150
20240228,10:52:21,354.15,200,36150
20240228,10:52:27,349.3,1950,36150
20240228,10:52:36,343.25,50,36150
20240228,10:52:53,341.25,150,36150
20240228,10:52:54,342.05,100,36150
20240228,10:52:59,343.65,1000,36150
20240228,10:53:03,346.55,50,36150
20240228,10:53:06,346.4,50,36150
20240228,10:53:08,347.75,150,36150
20240228,10:53:16,350.0,100,36150
20240228,10:53:24,349.55,50,36150
20240228,10:53:26,347.35,100,36150
20240228,10:53:28,346.35,100,36150
20240228,10:53:34,346.0,50,36150
20240228,10:53:43,348.25,50,36150
20240228,10:53:54,351.0,100,36150
20240228,10:53:58,351.65,100,36150
20240228,10:54:08,355.15,100,36150
20240228,10:54:14,357.45,100,36150
20240228,10:54:16,357.45,50,36150
20240228,10:54:18,357.45,1000,36150
20240228,10:54:23,353.4,100,36150
20240228,10:54:33,353.85,50,36150
20240228,10:54:44,350.0,100,36150
20240228,10:54:46,346.95,300,36150
20240228,10:55:09,352.25,150,35650
20240228,10:55:53,345.4,100,35650
20240228,10:56:06,344.5,100,35650
20240228,10:56:09,349.5,100,35650
20240228,10:56:19,350.8,50,35650
20240228,10:56:21,349.25,50,35650
20240228,10:56:44,350.75,50,35650
20240228,10:57:09,357.45,100,35650
20240228,10:57:11,357.5,1800,35650
20240228,10:57:23,358.45,50,35650
20240228,10:57:28,365.0,50,35650
20240228,10:57:30,365.0,100,35650
20240228,10:57:43,369.75,100,35650
20240228,10:57:45,369.75,50,35650
20240228,10:57:46,371.05,400,35650
20240228,10:57:50,371.05,100,35650
20240228,10:57:55,371.1,100,35650
20240228,10:57:56,371.1,150,35650
20240228,10:57:59,372.65,100,35650
20240228,10:58:04,377.95,450,35650
20240228,10:58:11,380.1,50,34600
20240228,10:58:18,384.9,1150,34600
20240228,10:58:19,384.9,3650,34600
20240228,10:58:21,384.9,5300,34600
20240228,10:58:23,384.9,3050,34600
20240228,10:58:24,384.9,3550,34600
20240228,10:58:26,383.55,2650,34600
20240228,10:58:28,380.4,5200,34600
20240228,10:58:29,381.45,3900,34600
20240228,10:58:31,380.7,50,34600
20240228,10:58:33,379.85,600,34600
20240228,10:58:38,379.6,50,34600
20240228,10:58:43,378.3,100,34600
20240228,10:58:44,376.55,100,34600
20240228,10:58:53,377.75,200,34600
20240228,10:58:54,372.5,50,34600
20240228,10:58:56,376.4,300,34600
20240228,10:59:03,376.25,100,34600
20240228,10:59:04,376.35,50,34600
20240228,10:59:23,378.5,700,34600
20240228,10:59:24,379.5,150,34600
20240228,10:59:26,379.85,400,34600
20240228,10:59:35,380.85,50,34600
20240228,10:59:40,381.0,200,34600
20240228,10:59:41,381.95,750,34600
20240228,10:59:43,381.95,3900,34600
20240228,10:59:45,381.95,1200,34600
20240228,11:00:05,392.25,150,34600
20240228,11:00:08,396.1,100,34600
20240228,11:00:15,399.3,400,34600
20240228,11:00:18,400.65,50,34600
20240228,11:00:25,410.6,550,34600
20240228,11:00:40,410.6,50,34600
20240228,11:00:43,405.55,50,34600
20240228,11:00:56,407.3,50,34600
20240228,11:01:16,406.2,350,60300
20240228,11:01:18,404.4,50,60300
20240228,11:01:43,394.1,50,60300
20240228,11:01:45,392.4,50,60300
20240228,11:01:55,389.95,150,60300
20240228,11:02:00,389.2,50,60300
20240228,11:02:03,390.45,450,60300
20240228,11:02:25,386.65,400,60300
20240228,11:02:30,388.25,50,60300
20240228,11:02:43,385.5,400,60300
20240228,11:02:46,386.05,50,60300
20240228,11:02:55,387.45,100,60300
20240228,11:03:01,386.5,100,60300
20240228,11:03:03,393.05,100,60300
20240228,11:03:10,396.8,150,60300
20240228,11:03:20,398.05,100,60300
20240228,11:03:26,397.5,200,60300
20240228,11:03:38,391.95,1600,60300
20240228,11:03:40,391.95,1600,60300
20240228,11:03:41,392.05,1600,60300
20240228,11:03:45,398.1,50,60300
20240228,11:03:50,400.0,550,60300
20240228,11:03:55,401.0,100,60300
20240228,11:04:01,403.25,100,60300
20240228,11:05:13,420.05,250,60300
20240228,11:06:30,420.05,100,55300
20240228,11:07:01,395.0,50,55300
20240228,11:08:41,408.6,50,55150
20240228,11:08:44,407.3,50,55150
20240228,11:08:54,406.3,50,55150
20240228,11:10:13,394.3,50,55050
20240228,11:14:14,385.5,50,55100
20240228,11:14:34,397.45,100,55100
20240228,11:14:37,395.55,50,55100
20240228,11:15:32,393.6,100,55100
20240228,11:18:14,379.25,50,55150
20240228,11:18:16,379.25,50,55150
20240228,11:19:04,376.55,100,55150
20240228,11:19:31,375.6,1950,55300
20240228,11:19:37,379.3,300,55300
20240228,11:19:41,380.4,150,55300
20240228,11:20:16,380.65,50,55300
20240228,11:20:19,382.55,100,55300
20240228,11:20:47,383.95,50,55300
20240228,11:21:39,394.0,2400,55300
20240228,11:21:51,395.75,150,55300
20240228,11:21:54,395.8,100,55300
20240228,11:26:07,400.0,100,55200
20240228,11:27:24,397.05,50,55200
20240228,11:28:10,397.6,100,55200
20240228,11:28:17,397.7,100,55300
20240228,11:28:30,400.0,150,55300
20240228,11:28:57,392.75,550,55300
20240228,11:29:09,392.4,50,55300
20240228,11:29:57,393.65,50,55300
20240228,11:30:25,403.05,50,55300
20240228,11:31:10,400.05,50,55300
20240228,11:31:15,400.0,100,54500
20240228,11:32:00,393.25,50,54500
20240228,11:32:19,391.4,50,54500
20240228,11:33:04,389.0,100,54500
20240228,11:40:33,391.7,100,54550
20240228,11:42:23,398.65,50,54550
20240228,11:42:50,402.1,50,54550
20240228,11:43:08,402.15,100,54550
20240228,11:43:10,402.1,150,54550
20240228,11:44:48,418.9,50,54800
20240228,11:44:50,419.95,50,54800
20240228,11:44:57,419.35,300,54800
20240228,11:45:13,435.05,100,54800
20240228,11:46:27,443.65,50,54500
20240228,11:47:04,443.65,50,54500
20240228,11:47:05,426.7,50,54500
20240228,11:47:07,428.45,50,54500
20240228,11:47:40,416.4,50,54500
20240228,11:47:44,414.75,150,54500
20240228,11:50:09,409.65,50,54400
20240228,11:51:09,414.75,100,54400
20240228,11:52:52,414.75,150,54350
20240228,12:01:01,413.35,50,54350
20240228,12:01:08,415.75,50,54350
20240228,12:05:37,429.8,100,54300
20240228,12:05:46,431.1,100,54300
20240228,12:06:53,426.8,100,54300
20240228,12:07:22,424.45,50,54300
20240228,12:09:16,415.95,100,54300
20240228,12:14:37,407.0,100,54250
20240228,12:30:45,417.2,1000,54250
20240228,12:31:22,415.75,50,54250
20240228,12:32:15,420.95,100,55200
20240228,12:32:47,415.85,150,55200
20240228,12:32:56,416.5,100,55200
20240228,12:43:30,414.45,50,55200
20240228,12:47:12,417.4,50,55150
20240228,12:54:40,425.45,50,55150
20240228,12:55:12,433.75,50,55150
20240228,12:55:30,431.15,100,55100
20240228,12:56:00,437.8,100,55100
20240228,12:56:22,434.75,50,55100
20240228,12:57:55,440.0,50,55100
20240228,12:58:38,452.2,200,55050
20240228,12:58:40,455.0,750,55050
20240228,12:58:50,460.0,50,55050
20240228,12:59:09,469.2,50,55050
20240228,12:59:14,470.05,50,55050
20240228,12:59:20,470.05,1000,55050
20240228,12:59:45,470.25,50,55050
20240228,13:00:18,472.0,50,55050
20240228,13:00:50,472.55,250,55050
20240228,13:07:09,489.0,350,53250
20240228,13:07:11,490.0,750,53250
20240228,13:07:41,493.25,50,53250
20240228,13:07:49,500.4,50,52700
20240228,13:08:09,504.8,150,52700
20240228,13:08:16,501.15,150,52700
20240228,13:08:34,504.2,3100,52700
20240228,13:08:49,504.05,50,52700
20240228,13:08:59,502.75,50,52700
20240228,13:09:23,497.15,50,52700
20240228,13:10:24,491.4,250,52700
20240228,13:10:38,492.5,100,50650
20240228,13:11:09,488.8,150,50650
20240228,13:11:38,493.8,50,50650
20240228,13:12:04,502.0,50,50650
20240228,13:17:03,476.25,50,50450
20240228,13:19:05,466.4,50,50450
20240228,13:23:18,458.1,500,50450
20240228,13:31:46,431.2,250,50500
20240228,13:32:52,423.45,650,50500
20240228,13:32:54,423.45,1300,50500
20240228,13:33:22,424.85,1500,50500
20240228,13:33:24,424.85,750,50500
20240228,13:34:54,431.1,150,50500
20240228,13:36:57,423.5,150,47600
20240228,13:37:17,423.25,50,47600
20240228,13:38:40,430.05,50,47400
20240228,13:40:24,432.1,50,47400
20240228,13:41:37,435.6,50,47400
20240228,13:43:51,427.0,50,47400
20240228,13:47:48,451.0,50,47400
20240228,13:58:26,426.65,650,47350
20240228,13:58:38,424.85,50,47350
20240228,13:58:39,423.0,100,47350
20240228,13:58:46,423.1,100,46750
20240228,13:58:48,422.5,100,46750
20240228,14:03:59,423.85,150,46750
20240228,14:05:05,421.0,100,46550
20240228,14:06:22,413.45,650,46550
20240228,14:06:27,413.45,2550,46550
20240228,14:08:21,409.55,2400,45500
20240228,14:09:04,408.05,50,45500
20240228,14:11:27,413.8,50,45550
20240228,14:12:26,406.35,50,45550
20240228,14:12:51,405.25,50,45550
20240228,14:16:05,423.0,100,45550
20240228,14:19:10,423.95,100,45450
20240228,14:26:38,431.95,50,45400
20240228,14:32:50,446.2,100,45450
20240228,14:33:54,461.8,50,45450
20240228,14:34:03,458.4,50,45450
20240228,14:35:32,446.55,50,45300
20240228,14:40:25,453.15,50,45300
20240228,14:41:24,455.35,50,45250
20240228,14:43:24,471.35,150,45250
20240228,14:49:11,433.75,50,45250
20240228,14:49:55,438.2,50,45300
20240228,14:50:06,436.95,50,45300
20240228,15:02:08,445.7,50,45250
20240228,15:02:14,447.55,50,45250
20240228,15:05:48,444.95,50,45300
20240228,15:08:18,461.2,2400,45300
20240228,15:10:29,493.05,50,45300
20240228,15:10:31,491.05,50,45300
20240228,15:10:51,492.95,50,45300
20240228,15:11:16,497.95,100,44250
20240228,15:11:44,497.95,100,44250
20240228,15:12:56,503.6,50,44250
20240228,15:12:59,502.05,150,44250
20240228,15:13:02,500.95,100,44250
20240228,15:13:58,495.0,100,44250
20240228,15:14:04,495.0,50,43950
20240228,15:16:23,506.25,2350,43950
20240228,15:16:24,506.25,1350,43950
20240228,15:17:29,510.9,550,44000
20240228,15:17:32,510.9,550,44000
20240228,15:17:34,509.6,100,44000
20240228,15:17:36,509.05,550,44000
20240228,15:17:39,507.4,1000,44000
20240228,15:17:41,506.8,1050,44000
20240228,15:18:02,504.05,1700,44000
20240228,15:18:04,504.0,1600,44000
20240228,15:20:04,512.65,50,41100
20240228,15:20:06,512.65,50,41100
20240228,15:20:11,509.6,200,41100
20240228,15:20:13,509.35,200,41100
20240228,15:20:14,508.45,150,41100
20240228,15:20:18,509.75,100,41100
20240228,15:21:08,509.0,50,41100
20240228,15:22:17,500.1,1100,41100
20240228,15:22:22,500.1,50,41100
20240228,15:22:23,500.1,550,41100
20240228,15:22:25,497.8,2750,41100
20240228,15:23:44,510.6,50,38100
20240228,15:23:54,508.1,50,38100
20240228,15:25:27,511.5,50,38100
20240228,15:25:39,513.9,500,38100
20240228,15:26:55,519.85,100,37950
20240228,15:27:02,519.85,100,37950
20240228,15:27:10,517.55,900,37950
20240228,15:27:38,517.7,50,37950
20240228,15:27:40,517.65,50,37950
20240228,15:28:32,517.95,50,37950
20240228,15:29:30,520.95,50,37150
20240228,15:29:32,520.95,50,37150
20240229,09:15:35,519.3,1,37050
20240229,09:15:35,519.35,150,37050
20240229,09:18:50,498.65,50,37000
20240229,09:20:14,498.65,50,37000
20240229,09:21:00,503.3,250,37000
20240229,09:22:32,516.15,50,37100
20240229,09:24:01,497.6,250,37100
20240229,09:24:07,488.8,50,37100
20240229,09:24:56,483.55,50,37100
20240229,09:31:09,469.7,50,37000
20240229,09:33:43,445.05,50,37000
20240229,09:33:49,445.05,50,37000
20240229,09:35:25,460.0,50,37000
20240229,09:35:40,460.3,50,36950
20240229,09:37:00,455.0,50,36950
20240229,09:37:23,464.0,50,36950
20240229,09:39:18,467.7,50,36950
20240229,09:41:28,485.0,50,36950
20240229,09:43:06,477.4,50,36950
20240229,09:43:36,471.6,50,36950
20240229,09:43:39,468.5,150,36950
20240229,09:45:26,470.7,50,36950
20240229,09:46:40,468.1,50,36950
20240229,09:48:08,476.1,100,36950
20240229,09:49:02,464.95,100,36950
20240229,09:49:09,466.95,100,36950
20240229,09:49:41,477.95,200,36950
20240229,09:49:44,478.95,100,36950
20240229,09:49:59,480.9,250,36950
20240229,09:50:26,479.8,100,36950
20240229,09:51:34,469.1,100,36950
20240229,09:53:38,457.55,250,36800
20240229,09:53:59,461.9,250,36800
20240229,09:54:51,442.75,50,36800
20240229,09:54:53,441.6,100,36800
20240229,09:55:11,441.6,100,36800
20240229,09:55:46,430.85,100,37000
20240229,09:56:09,420.85,50,37000
20240229,09:56:11,419.3,50,37000
20240229,09:56:34,419.3,50,37000
20240229,09:56:59,427.55,50,37000
20240229,09:58:00,432.8,50,37000
20240229,09:58:03,431.5,50,37000
20240229,09:59:16,413.45,100,37050
20240229,09:59:43,413.45,50,37050
20240229,10:00:16,414.9,100,37050
20240229,10:00:35,419.95,50,37050
20240229,10:03:51,421.3,50,37050
20240229,10:06:38,436.55,50,37050
20240229,10:07:00,434.55,50,37050
20240229,10:07:05,431.5,50,37050
20240229,10:08:15,461.95,50,37000
20240229,10:08:31,487.0,50,37000
20240229,10:08:34,480.85,100,37000
20240229,10:08:41,478.4,50,37000
20240229,10:08:43,477.2,50,37000
20240229,10:08:49,472.85,50,37000
20240229,10:08:54,467.2,50,37000
20240229,10:09:06,468.3,50,37000
20240229,10:10:43,492.0,50,36900
20240229,10:11:03,495.55,50,36900
20240229,10:11:45,498.85,50,36900
20240229,10:12:05,512.05,50,36900
20240229,10:12:20,509.75,50,36900
20240229,10:12:32,503.8,50,36900
20240229,10:12:46,509.55,200,36900
20240229,10:12:54,506.1,200,36900
20240229,10:12:59,511.0,250,36900
20240229,10:13:41,528.05,50,36900
20240229,10:14:03,537.1,50,36900
20240229,10:14:39,537.1,200,36900
20240229,10:14:48,533.5,50,36900
20240229,10:14:49,531.4,50,36900
20240229,10:15:06,526.6,50,36900
20240229,10:15:09,521.45,50,36900
20240229,10:15:16,517.6,50,36900
20240229,10:15:19,510.85,100,36900
20240229,10:15:24,510.0,100,36900
20240229,10:16:00,509.0,250,36900
20240229,10:16:56,532.65,50,36500
20240229,10:17:00,528.7,50,36500
20240229,10:17:08,513.8,50,36500
20240229,10:20:56,525.15,50,36500
20240229,10:21:31,512.2,50,36500
20240229,10:22:35,513.3,50,36500
20240229,10:30:28,512.45,50,36500
20240229,10:31:36,514.9,200,36500
20240229,10:33:01,498.75,50,36500
20240229,10:33:40,503.7,50,36500
20240229,10:34:35,514.25,1550,36400
20240229,10:34:53,518.75,150,36400
20240229,10:34:57,517.35,250,36400
20240229,10:35:18,524.35,250,36400
20240229,10:35:25,523.4,250,36400
20240229,10:35:27,523.5,650,36400
20240229,10:37:54,501.95,50,36400
20240229,10:38:23,499.55,200,36400
20240229,10:38:31,503.45,50,36400
20240229,10:41:26,520.5,50,36400
20240229,10:42:06,507.85,750,36400
20240229,10:42:28,503.35,400,36400
20240229,10:44:01,480.55,100,36400
20240229,10:44:34,487.45,400,36400
20240229,10:45:56,502.35,350,36400
20240229,10:45:58,501.9,150,36400
20240229,10:46:50,508.5,50,36400
20240229,10:48:50,487.75,50,36400
20240229,10:50:20,501.25,50,36400
20240229,10:56:34,497.8,150,36400
20240229,10:56:49,500.5,50,36400
20240229,11:01:07,506.9,50,36500
20240229,11:01:44,498.15,500,36500
20240229,11:01:47,498.45,250,36500
20240229,11:02:32,496.15,150,36500
20240229,11:03:42,485.6,150,36500
20240229,11:09:17,474.4,100,36500
20240229,11:14:22,464.75,50,36500
20240229,11:14:23,464.4,50,36500
20240229,11:14:33,455.5,100,36500
20240229,11:14:40,454.25,150,36500
20240229,11:14:42,440.5,150,36500
20240229,11:14:52,439.9,100,36500
20240229,11:14:53,435.3,50,36500
20240229,11:15:03,429.5,100,36500
20240229,11:15:08,431.25,50,36500
20240229,11:15:13,422.8,100,36500
20240229,11:15:17,417.6,100,36500
20240229,11:15:18,418.8,150,36500
20240229,11:15:33,412.45,100,36500
20240229,11:15:55,425.7,50,36500
20240229,11:17:05,424.95,150,36050
20240229,11:17:33,429.6,50,36050
20240229,11:18:30,430.65,1800,36050
20240229,11:19:35,434.9,100,37150
20240229,11:20:02,455.0,100,37150
20240229,11:20:22,449.75,100,37150
20240229,11:21:47,451.3,500,37150
20240229,11:21:50,450.65,50,37150
20240229,11:22:38,440.0,1800,37300
20240229,11:22:47,442.55,200,37300
20240229,11:22:53,444.55,200,37300
20240229,11:22:58,445.25,200,37300
20240229,11:23:02,443.55,100,37300
20240229,11:23:34,451.95,100,37300
20240229,11:23:50,458.55,350,37300
20240229,11:23:55,450.2,700,37300
20240229,11:26:50,440.45,50,38000
20240229,11:28:14,448.7,50,38000
20240229,11:28:42,466.75,50,38000
20240229,11:28:43,470.4,150,38000
20240229,11:28:45,470.65,50,38000
20240229,11:28:55,473.9,50,38000
20240229,11:29:09,469.2,50,38000
20240229,11:29:27,462.5,50,38000
20240229,11:29:29,461.9,50,38000
20240229,11:31:43,453.35,50,37900
20240229,11:32:47,434.15,50,37900
20240229,11:38:32,442.8,50,37900
20240229,11:45:37,458.85,150,37900
20240229,11:48:34,454.4,50,37750
20240229,11:58:01,439.45,100,37750
20240229,12:01:31,449.9,50,37750
20240229,12:09:37,456.3,150,37750
20240229,12:09:50,457.1,50,37750
20240229,12:12:37,456.95,50,37600
20240229,12:19:12,450.9,100,37550
20240229,12:23:10,449.45,50,37550
20240229,12:23:55,447.2,100,37550
20240229,12:24:22,467.1,50,37550
20240229,12:28:47,467.1,50,37500
20240229,12:29:14,490.6,50,37500
20240229,12:29:19,487.65,50,37500
20240229,12:29:27,494.15,50,37500
20240229,12:29:31,488.25,50,37500
20240229,12:29:56,484.4,50,37500
20240229,12:30:06,493.6,100,37500
20240229,12:31:12,482.3,100,37500
20240229,12:32:13,492.2,50,37450
20240229,12:35:10,460.15,1850,37450
20240229,12:40:59,461.15,50,37750
20240229,12:43:58,452.95,50,37750
20240229,12:43:59,451.6,50,37700
20240229,12:44:11,454.15,50,37700
20240229,12:48:46,458.25,50,37650
20240229,12:50:56,453.65,50,37650
20240229,13:06:06,450.6,50,37650
20240229,13:06:59,454.1,50,37650
20240229,13:07:01,455.3,100,37650
20240229,13:07:42,454.9,100,37650
20240229,13:12:53,438.3,250,37700
20240229,13:17:01,421.3,50,37650
20240229,13:18:09,434.5,150,37650
20240229,13:20:57,443.9,50,37500
20240229,13:21:21,435.75,50,37500
20240229,13:39:14,444.4,100,37500
20240229,13:39:41,451.65,100,37500
20240229,13:41:11,455.4,50,37500
20240229,13:44:47,446.55,50,37500
20240229,13:44:58,446.4,50,37500
20240229,13:45:02,446.5,100,37500
20240229,13:50:51,427.95,1800,37500
20240229,13:51:25,430.85,50,37500
20240229,13:51:53,434.65,3500,37500
20240229,13:59:43,425.0,50,40700
20240229,14:00:18,432.9,50,40700
20240229,14:00:41,434.55,200,40700
20240229,14:00:58,433.55,100,40700
20240229,14:07:08,447.85,150,40350
20240229,14:11:26,449.8,50,40350
20240229,14:13:58,454.8,50,40350
20240229,14:14:50,435.45,150,40300
20240229,14:23:05,453.65,150,40150
20240229,14:31:09,467.4,1800,40150
20240229,14:31:11,467.5,3500,40050
20240229,14:31:36,474.35,50,40050
20240229,14:32:11,484.85,450,38000
20240229,14:32:32,474.5,200,38000
20240229,14:33:09,484.85,50,38000
20240229,14:36:23,479.45,50,37850
20240229,14:37:11,475.1,50,37850
20240229,14:37:37,468.7,100,37850
20240229,14:37:42,471.2,50,37850
20240229,14:40:28,462.55,50,37750
20240229,14:40:33,467.75,50,37750
20240229,14:42:43,450.95,100,37700
20240229,14:43:10,438.05,50,37700
20240229,14:44:13,429.95,50,37600
20240229,14:45:23,414.0,50,37600
20240229,14:45:46,422.9,100,37600
20240229,14:46:41,427.9,750,37600
20240229,14:46:43,427.9,150,37600
20240229,14:46:45,427.9,50,37600
20240229,14:47:05,421.65,1300,37600
20240229,14:54:05,419.25,100,35600
20240229,14:59:12,455.0,50,35500
20240229,14:59:14,456.25,50,35500
20240229,14:59:35,455.75,250,35500
20240229,15:00:02,444.7,200,35500
20240229,15:01:10,466.75,50,35500
20240229,15:01:52,460.0,50,35500
20240229,15:10:50,438.85,500,35500
20240229,15:11:00,436.6,50,35450
20240229,15:13:27,420.85,50,35550
20240229,15:13:34,420.05,50,35550
20240229,15:14:17,411.3,450,35550
20240229,15:16:44,385.95,1100,35600
20240229,15:16:45,385.95,550,35600
20240229,15:17:25,385.95,250,34150
20240229,15:17:50,394.1,50,34150
20240229,15:18:00,397.1,250,34150
20240229,15:18:43,396.15,100,34150
20240229,15:20:01,388.3,150,34150
20240229,15:20:38,381.75,250,34400
20240229,15:21:07,379.25,500,34400
20240229,15:21:30,378.15,50,34400
20240229,15:22:15,375.05,250,34400
20240229,15:22:16,375.05,400,34400
20240229,15:23:18,381.8,150,34400
20240229,15:24:06,384.55,50,34450
20240229,15:25:03,381.0,50,34450
20240229,15:25:11,385.0,50,34450
20240229,15:25:21,380.25,50,34450
20240229,15:25:34,378.3,50,34450
20240229,15:26:14,377.2,50,34500
20240229,15:26:16,376.1,150,34500
20240229,15:27:27,377.5,150,34500
20240229,15:27:33,376.7,100,34500
20240229,15:28:31,376.25,750,34500
20240229,15:29:20,375.35,50,34600
20240229,15:29:50,378.75,50,34600
