date,time,tick_price,volume,open_interest
20231228,09:21:37,2.45,50,2050
20231228,09:21:45,3.25,1400,2050
20231228,09:22:57,3.25,100,2050
20231228,09:23:14,2.95,550,2050
20231228,09:23:57,2.95,50,2050
20231228,09:24:14,2.95,100,2050
20231228,09:24:31,2.95,50,2050
20231228,09:25:30,2.5,250,2050
20231228,09:25:46,3.15,500,2050
20231228,09:26:12,3.0,50,2050
20231228,09:28:19,3.0,150,3000
20231228,09:30:51,2.9,550,3150
20231228,09:32:37,3.25,50,3150
20231228,09:33:40,3.0,500,3750
20231228,09:34:20,2.75,100,3750
20231228,09:34:28,2.7,100,3750
20231228,09:35:27,2.75,100,3750
20231228,09:35:43,2.7,100,3750
20231228,09:35:51,2.7,300,3750
20231228,09:35:59,2.7,150,4400
20231228,09:36:07,3.45,900,4400
20231228,09:36:15,2.6,750,4400
20231228,09:36:32,2.55,150,4400
20231228,09:36:39,2.6,50,4400
20231228,09:36:47,2.55,50,4400
20231228,09:36:55,2.5,350,4400
20231228,09:37:44,2.5,100,4400
20231228,09:37:52,2.5,250,4400
20231228,09:38:00,2.5,200,4400
20231228,09:38:08,2.45,50,4400
20231228,09:38:16,2.45,50,4400
20231228,09:39:03,2.5,150,5700
20231228,09:39:11,2.5,300,5700
20231228,09:39:27,2.45,100,5700
20231228,09:39:36,2.5,250,5700
20231228,09:39:44,2.5,400,5700
20231228,09:40:00,2.5,200,5700
20231228,09:40:09,2.5,100,5700
20231228,09:40:17,2.5,50,5700
20231228,09:40:32,2.45,50,5700
20231228,09:40:40,2.5,150,5700
20231228,09:40:48,2.45,500,5700
20231228,09:40:56,2.45,50,5700
20231228,09:41:05,2.4,100,5700
20231228,09:42:17,2.5,50,5750
20231228,09:42:33,2.5,250,5750
20231228,09:42:49,2.5,600,5750
20231228,09:42:58,2.5,300,5750
20231228,09:43:07,2.55,400,5750
20231228,09:43:15,2.55,250,5750
20231228,09:43:23,2.65,150,5750
20231228,09:43:39,2.55,50,5750
20231228,09:43:48,2.55,250,5750
20231228,09:45:26,2.55,250,5750
20231228,09:45:34,2.55,300,5750
20231228,09:47:27,2.5,150,5750
20231228,09:47:43,2.5,100,5750
20231228,09:47:51,2.5,50,5750
20231228,09:48:25,2.55,500,5950
20231228,09:50:34,2.6,100,5950
20231228,09:50:54,2.55,50,5950
20231228,09:51:13,2.55,500,6600
20231228,09:51:24,2.6,50,6600
20231228,09:51:33,2.55,150,6600
20231228,09:54:33,2.55,1150,7100
20231228,09:55:56,2.6,450,7100
20231228,09:56:06,2.55,100,7100
20231228,09:56:15,2.6,750,7100
20231228,09:56:25,2.6,400,7100
20231228,09:58:05,2.6,200,8350
20231228,09:58:13,2.6,50,8350
20231228,09:58:21,2.6,1150,8350
20231228,09:58:29,2.55,650,8350
20231228,10:00:07,2.5,250,10050
20231228,10:02:23,2.6,50,10050
20231228,10:02:51,2.55,50,10050
20231228,10:03:30,2.55,700,10200
20231228,10:03:40,2.5,150,10200
20231228,10:04:15,2.5,250,10200
20231228,10:05:05,2.45,50,10200
20231228,10:05:15,2.5,100,10200
20231228,10:07:06,2.5,50,10400
20231228,10:07:40,2.4,300,10400
20231228,10:07:49,2.5,50,10400
20231228,10:08:06,2.5,250,10400
20231228,10:08:57,2.45,150,10400
20231228,10:09:56,2.65,100,10650
20231228,10:11:06,2.5,50,10650
20231228,10:11:49,2.65,100,10650
20231228,10:14:27,2.6,50,10650
20231228,10:15:22,2.5,50,10850
20231228,10:15:45,2.5,50,10850
20231228,10:15:53,2.55,100,10850
20231228,10:16:09,2.55,50,10850
20231228,10:16:41,2.5,100,10850
20231228,10:17:03,2.55,100,10850
20231228,10:17:19,2.55,50,10850
20231228,10:17:28,2.55,50,10850
20231228,10:18:08,2.55,50,10700
20231228,10:18:25,2.55,100,10700
20231228,10:19:13,2.5,250,10700
20231228,10:19:36,2.5,100,10700
20231228,10:20:59,2.6,100,10700
20231228,10:21:15,2.5,100,10700
20231228,10:27:06,2.5,300,10800
20231228,10:28:12,2.5,50,10800
20231228,10:29:18,2.5,50,10800
20231228,10:30:11,2.5,100,11200
20231228,10:30:32,2.4,200,11200
20231228,10:30:40,2.5,500,11200
20231228,10:31:09,2.45,250,11200
20231228,10:31:24,2.4,350,11200
20231228,10:33:33,2.4,300,12550
20231228,10:34:27,2.35,150,12550
20231228,10:34:58,2.3,150,12550
20231228,10:35:04,2.3,150,12550
20231228,10:35:10,2.3,150,12550
20231228,10:35:16,2.3,1450,12550
20231228,10:35:22,2.3,550,12550
20231228,10:35:40,2.3,50,12550
20231228,10:36:40,2.3,50,13100
20231228,10:39:41,2.3,100,13100
20231228,10:40:03,2.45,100,13100
20231228,10:40:40,2.5,150,13100
20231228,10:40:47,2.4,100,13100
20231228,10:40:54,2.4,250,13100
20231228,10:41:07,2.45,1250,13100
20231228,10:41:20,2.45,150,13100
20231228,10:42:58,2.4,250,12850
20231228,10:43:18,2.4,50,12850
20231228,10:43:23,2.4,50,12850
20231228,10:43:36,2.4,50,12850
20231228,10:44:28,2.35,1400,12850
20231228,10:45:40,2.5,50,11500
20231228,10:45:58,2.4,50,11500
20231228,10:48:40,2.4,500,11600
20231228,10:49:03,2.4,50,11600
20231228,10:50:17,2.35,50,11600
20231228,10:50:33,2.35,150,11600
20231228,10:50:50,2.35,50,11600
20231228,10:50:56,2.35,50,11600
20231228,10:51:01,2.35,50,11600
20231228,10:51:07,2.35,50,11850
20231228,10:51:13,2.35,50,11850
20231228,10:51:18,2.35,50,11850
20231228,10:53:02,2.4,50,11850
20231228,10:53:45,2.3,50,11850
20231228,10:55:17,2.35,300,11700
20231228,10:55:39,2.4,50,11700
20231228,10:57:38,2.45,400,12050
20231228,10:57:43,2.4,50,12050
20231228,10:57:48,2.4,100,12050
20231228,10:57:53,2.4,50,12050
20231228,10:58:10,2.4,50,12050
20231228,10:58:38,2.45,50,12050
20231228,10:59:44,2.35,50,12050
20231228,10:59:50,2.35,500,12050
20231228,11:00:20,2.35,50,11450
20231228,11:01:07,2.35,50,11450
20231228,11:01:12,2.3,50,11450
20231228,11:01:18,2.3,200,11450
20231228,11:02:48,2.3,100,11450
20231228,11:03:18,2.35,50,11350
20231228,11:04:42,2.4,100,11350
20231228,11:05:44,2.3,50,11350
20231228,11:05:48,2.3,50,11350
20231228,11:05:53,2.3,100,11350
20231228,11:05:58,2.3,50,11350
20231228,11:06:02,2.3,600,11350
20231228,11:06:07,2.3,50,11500
20231228,11:06:12,2.3,200,11500
20231228,11:07:10,2.3,300,11500
20231228,11:07:19,2.3,100,11500
20231228,11:07:24,2.3,50,11500
20231228,11:07:29,2.3,900,11500
20231228,11:07:34,2.3,100,11500
20231228,11:07:40,2.3,350,11500
20231228,11:07:45,2.3,700,11500
20231228,11:07:50,2.3,250,11500
20231228,11:08:01,2.3,400,11500
20231228,11:08:09,2.3,250,11500
20231228,11:08:16,2.3,50,11500
20231228,11:08:46,2.3,350,11500
20231228,11:09:04,2.3,150,10200
20231228,11:09:14,2.25,200,10200
20231228,11:09:23,2.3,550,10200
20231228,11:09:31,2.3,50,10200
20231228,11:09:39,2.3,150,10200
20231228,11:09:47,2.3,250,10200
20231228,11:10:11,2.3,50,10200
20231228,11:10:34,2.3,50,10200
20231228,11:10:42,2.35,50,10200
20231228,11:10:58,2.3,50,10200
20231228,11:11:05,2.3,100,10200
20231228,11:14:07,2.3,350,10200
20231228,11:14:36,2.25,50,10100
20231228,11:14:43,2.25,100,10100
20231228,11:14:49,2.25,50,10100
20231228,11:14:56,2.25,100,10100
20231228,11:18:16,2.3,400,10400
20231228,11:20:48,2.4,50,10400
20231228,11:20:54,2.4,100,10400
20231228,11:21:00,2.4,50,10400
20231228,11:21:05,2.4,50,10400
20231228,11:21:18,2.4,50,10400
20231228,11:21:32,2.45,50,10400
20231228,11:21:39,2.5,450,10400
20231228,11:22:25,2.5,150,10400
20231228,11:22:56,2.5,250,10400
20231228,11:23:01,2.5,100,10400
20231228,11:24:02,2.55,100,10400
20231228,11:25:09,2.55,50,10750
20231228,11:25:14,2.55,50,10750
20231228,11:25:56,2.5,250,10750
20231228,11:26:12,2.5,150,10750
20231228,11:26:19,2.5,50,10750
20231228,11:26:25,2.5,50,10750
20231228,11:27:01,2.6,1000,10750
20231228,11:30:51,2.6,50,12000
20231228,11:31:01,2.6,300,12000
20231228,11:32:32,2.55,50,12000
20231228,11:33:00,2.55,150,12000
20231228,11:36:05,2.6,50,12050
20231228,11:36:11,2.55,100,12050
20231228,11:36:52,2.55,100,12050
20231228,11:36:57,2.55,100,12050
20231228,11:37:02,2.55,100,12050
20231228,11:38:03,2.6,200,12050
20231228,11:43:09,2.5,200,12150
20231228,11:44:17,2.6,150,12150
20231228,11:45:50,2.5,50,12100
20231228,11:45:54,2.55,50,12100
20231228,11:48:18,2.45,100,12100
20231228,11:48:23,2.5,100,12100
20231228,11:50:03,2.45,250,12100
20231228,11:53:04,2.5,50,12200
20231228,11:54:38,2.5,50,12200
20231228,11:54:42,2.5,150,12250
20231228,11:54:47,2.5,100,12250
20231228,11:55:58,2.5,150,12250
20231228,11:56:18,2.55,100,12250
20231228,11:57:53,2.5,150,12250
20231228,11:58:17,2.5,50,12250
20231228,12:00:15,2.5,100,12050
20231228,12:00:23,2.45,100,12050
20231228,12:01:21,2.45,50,12050
20231228,12:01:45,2.5,100,12050
20231228,12:07:06,2.5,50,12050
20231228,12:07:59,2.5,50,12050
20231228,12:09:31,2.5,50,12050
20231228,12:09:35,2.5,50,12100
20231228,12:09:43,2.5,50,12100
20231228,12:13:15,2.5,250,12050
20231228,12:14:39,2.5,450,12050
20231228,12:15:21,2.55,250,12300
20231228,12:20:34,2.65,1900,12300
20231228,12:21:18,2.7,150,14150
20231228,12:25:15,2.8,150,14300
20231228,12:25:41,2.75,450,14300
20231228,12:26:38,2.65,50,14300
20231228,12:26:44,2.65,100,14300
20231228,12:27:35,2.7,500,14400
20231228,12:27:40,2.75,1850,14400
20231228,12:27:46,2.7,900,14400
20231228,12:27:52,2.65,150,14400
20231228,12:28:04,2.6,750,14400
20231228,12:28:18,2.65,50,14400
20231228,12:30:16,2.7,50,14400
20231228,12:30:28,2.7,100,15150
20231228,12:32:00,2.75,50,15150
20231228,12:32:06,2.7,100,15150
20231228,12:32:27,2.7,600,15150
20231228,12:32:33,2.7,1000,15150
20231228,12:36:43,2.6,50,15150
20231228,12:36:58,2.6,100,15150
20231228,12:44:24,2.6,100,15300
20231228,12:46:46,2.6,250,15400
20231228,12:47:04,2.6,250,15400
20231228,12:47:26,2.6,150,15400
20231228,12:48:06,2.6,100,15400
20231228,12:48:12,2.6,100,15400
20231228,12:51:07,2.6,50,15100
20231228,12:54:20,2.6,50,15050
20231228,12:55:53,2.6,400,15050
20231228,12:56:02,2.6,100,15050
20231228,12:56:56,2.55,100,15050
20231228,12:59:35,2.55,100,15150
20231228,13:02:13,2.6,250,15250
20231228,13:02:18,2.6,300,15250
20231228,13:02:31,2.6,200,15250
20231228,13:03:05,2.6,650,15250
20231228,13:04:01,2.55,100,15250
20231228,13:06:33,2.55,2000,15250
20231228,13:08:36,2.55,50,15250
20231228,13:09:56,2.55,50,17100
20231228,13:10:12,2.55,100,17100
20231228,13:10:25,2.55,50,17100
20231228,13:10:30,2.55,250,17100
20231228,13:10:46,2.55,250,17100
20231228,13:11:41,2.55,250,17100
20231228,13:11:58,2.55,50,17100
20231228,13:12:02,2.55,250,17100
20231228,13:13:27,2.45,2500,17150
20231228,13:15:04,2.55,700,17150
20231228,13:18:04,2.55,900,16400
20231228,13:18:09,2.55,1050,16400
20231228,13:18:29,2.55,1050,16850
20231228,13:18:33,2.55,50,16850
20231228,13:18:38,2.55,1350,16850
20231228,13:20:43,2.65,50,16850
20231228,13:21:31,2.6,50,16950
20231228,13:22:47,2.55,250,16950
20231228,13:23:52,2.55,150,16950
20231228,13:25:45,2.6,50,17300
20231228,13:26:32,2.55,100,17300
20231228,13:26:45,2.55,350,17300
20231228,13:27:23,2.5,100,17300
20231228,13:27:28,2.5,350,17300
20231228,13:27:34,2.5,50,17300
20231228,13:28:07,2.45,50,17300
20231228,13:28:26,2.5,50,17300
20231228,13:28:35,2.5,300,17300
20231228,13:28:48,2.5,150,17300
20231228,13:29:01,2.5,50,17300
20231228,13:29:15,2.5,250,17300
20231228,13:29:48,2.5,150,17300
20231228,13:30:23,2.5,100,17300
20231228,13:31:01,2.5,50,17600
20231228,13:32:20,2.55,50,17600
20231228,13:33:28,2.45,800,17600
20231228,13:35:52,2.45,100,17600
20231228,13:36:21,2.45,250,17600
20231228,13:36:49,2.45,100,18350
20231228,13:37:06,2.5,200,18350
20231228,13:38:24,2.45,50,18350
20231228,13:38:51,2.4,250,18350
20231228,13:39:09,2.4,300,18350
20231228,13:39:55,2.45,50,18700
20231228,13:41:07,2.45,50,18700
20231228,13:41:46,2.5,500,18700
20231228,13:41:55,2.5,50,18700
20231228,13:42:49,2.45,50,18750
20231228,13:43:26,2.45,800,18750
20231228,13:45:28,2.45,500,18850
20231228,13:46:31,2.4,800,18850
20231228,13:46:36,2.4,200,18850
20231228,13:46:42,2.4,50,18850
20231228,13:48:30,2.4,250,18700
20231228,13:48:34,2.35,100,18700
20231228,13:49:47,2.4,100,18700
20231228,13:56:46,2.3,50,19000
20231228,13:57:30,2.35,50,18950
20231228,13:58:10,2.35,50,18950
20231228,13:59:58,2.35,100,18950
20231228,14:00:12,2.35,150,18950
20231228,14:03:05,2.35,50,18950
20231228,14:04:12,2.35,50,18950
20231228,14:08:20,2.4,300,18900
20231228,14:11:12,2.35,150,18850
20231228,14:15:23,2.3,50,18950
20231228,14:16:27,2.25,500,18950
20231228,14:18:17,2.25,50,18950
20231228,14:19:06,2.25,50,19250
20231228,14:20:13,2.2,50,19250
20231228,14:21:00,2.15,100,19250
20231228,14:21:13,2.1,50,19250
20231228,14:21:19,2.1,400,19250
20231228,14:23:23,2.05,1000,19300
20231228,14:23:45,2.1,100,19300
20231228,14:25:43,2.05,1300,19550
20231228,14:25:50,2.0,1100,19550
20231228,14:26:39,2.0,50,19550
20231228,14:26:54,2.05,750,19550
20231228,14:28:12,2.1,250,20800
20231228,14:28:21,2.1,250,20800
20231228,14:28:29,2.1,250,20800
20231228,14:28:43,2.1,250,20800
20231228,14:28:53,2.1,50,20800
20231228,14:29:19,2.05,350,20800
20231228,14:30:32,2.05,50,19950
20231228,14:31:34,2.05,300,19950
20231228,14:31:46,2.05,50,19950
20231228,14:32:10,2.05,50,19950
20231228,14:32:18,2.05,50,19950
20231228,14:34:39,2.0,500,19700
20231228,14:35:19,2.0,100,19700
20231228,14:35:43,1.95,250,19700
20231228,14:35:51,1.95,400,19700
20231228,14:35:55,1.95,550,19700
20231228,14:35:59,1.95,650,19700
20231228,14:36:03,1.95,350,19700
20231228,14:36:08,1.95,350,19700
20231228,14:36:12,1.9,300,19700
20231228,14:36:16,1.9,250,19700
20231228,14:36:20,1.9,250,19700
20231228,14:36:24,1.95,250,19700
20231228,14:36:28,1.95,700,19700
20231228,14:36:32,1.95,50,20500
20231228,14:36:40,1.9,2950,20500
20231228,14:36:45,1.9,500,20500
20231228,14:36:53,1.95,100,20500
20231228,14:38:00,1.9,50,20500
20231228,14:38:41,1.9,50,20500
20231228,14:38:51,1.85,100,20500
20231228,14:40:44,1.85,50,20850
20231228,14:42:07,2.05,400,20850
20231228,14:43:12,2.1,100,20800
20231228,14:44:38,2.1,50,20800
20231228,14:45:31,2.1,100,20800
20231228,14:45:58,2.1,700,20850
20231228,14:46:12,2.1,50,20850
20231228,14:46:48,2.05,250,20850
20231228,14:47:03,2.05,50,20850
20231228,14:47:40,2.05,250,20850
20231228,14:48:40,2.0,100,21350
20231228,14:48:47,2.0,250,21350
20231228,14:48:55,2.0,150,21350
20231228,14:49:26,2.0,950,21350
20231228,14:49:39,2.0,250,21350
20231228,14:49:44,2.0,50,21350
20231228,14:50:29,1.9,300,21350
20231228,14:52:35,1.85,150,21850
20231228,14:52:55,1.8,400,21850
20231228,14:52:59,1.8,600,21850
20231228,14:53:18,1.8,800,21850
20231228,14:53:36,1.8,1800,21850
20231228,14:54:27,1.75,350,21850
20231228,14:55:19,1.75,250,23100
20231228,14:55:25,1.75,250,23100
20231228,14:55:32,1.75,250,23100
20231228,14:56:08,1.75,250,23100
20231228,14:56:13,1.75,250,23100
20231228,14:56:25,1.75,200,23100
20231228,14:57:15,1.75,50,23100
20231228,14:57:22,1.85,200,23100
20231228,14:57:32,1.75,250,23100
20231228,14:57:44,1.75,150,23450
20231228,14:58:46,1.7,100,23450
20231228,14:59:11,1.65,50,23450
20231228,14:59:15,1.65,850,23450
20231228,14:59:20,1.5,7500,23450
20231228,14:59:25,1.5,3650,23450
20231228,14:59:44,1.5,3400,23450
20231228,14:59:59,1.45,4350,23450
20231228,15:00:03,1.45,50,23450
20231228,15:00:20,1.5,300,23450
20231228,15:00:38,1.5,250,34950
20231228,15:00:51,1.45,1550,34950
20231228,15:01:03,1.45,350,34950
20231228,15:01:24,1.45,300,34950
20231228,15:01:30,1.4,2200,34950
20231228,15:01:41,1.45,50,34950
20231228,15:02:00,1.45,150,34950
20231228,15:02:07,1.45,3750,34950
20231228,15:02:49,1.5,100,34950
20231228,15:03:31,1.5,12550,34950
20231228,15:03:36,1.5,4650,47000
20231228,15:03:48,1.5,3650,47000
20231228,15:03:53,1.5,600,47000
20231228,15:03:59,1.5,5400,47000
20231228,15:04:04,1.55,8350,47000
20231228,15:04:10,1.55,1800,47000
20231228,15:04:15,1.55,1800,47000
20231228,15:04:20,1.55,3600,47000
20231228,15:04:26,1.55,1800,47000
20231228,15:04:31,1.55,3600,47000
20231228,15:04:41,1.55,5400,47000
20231228,15:04:47,1.6,450,47000
20231228,15:04:52,1.55,3600,47000
20231228,15:05:07,1.55,1800,47000
20231228,15:05:18,1.55,1800,47000
20231228,15:05:32,1.55,5400,47000
20231228,15:05:38,1.55,3600,47000
20231228,15:05:44,1.65,3450,47000
20231228,15:05:49,1.7,2500,47000
20231228,15:05:54,1.65,250,47000
20231228,15:05:59,1.65,300,47000
20231228,15:06:10,1.65,350,47000
20231228,15:06:48,1.65,550,101100
20231228,15:06:53,1.65,50,101100
20231228,15:06:58,1.65,500,101100
20231228,15:07:03,1.65,1250,101100
20231228,15:07:31,1.6,2350,101100
20231228,15:07:36,1.6,3600,101100
20231228,15:07:41,1.6,3600,101100
20231228,15:07:46,1.65,800,101100
20231228,15:07:52,1.6,3600,101100
20231228,15:07:57,1.6,550,101100
20231228,15:08:24,1.65,650,101100
20231228,15:08:35,1.6,400,101100
20231228,15:08:40,1.6,350,101100
20231228,15:08:46,1.55,5950,101100
20231228,15:08:51,1.55,450,101100
20231228,15:09:06,1.6,3100,101100
20231228,15:09:12,1.6,600,101100
20231228,15:09:18,1.55,3800,101100
20231228,15:09:23,1.55,3600,101100
20231228,15:09:29,1.6,500,101100
20231228,15:10:52,1.6,250,119950
20231228,15:11:02,1.6,50,119950
20231228,15:11:25,1.6,250,119950
20231228,15:11:48,1.6,250,119950
20231228,15:12:11,1.6,250,119950
20231228,15:12:20,1.6,50,119950
20231228,15:13:27,1.6,6300,119950
20231228,15:13:43,1.6,50,119950
20231228,15:14:29,1.55,3600,119950
20231228,15:14:35,1.55,550,119950
20231228,15:15:02,1.55,50,119950
20231228,15:15:15,1.6,1400,119950
20231228,15:15:27,1.55,650,119950
20231228,15:15:33,1.6,50,119950
20231228,15:15:39,1.6,50,121250
20231228,15:15:45,1.55,300,121250
20231228,15:15:56,1.55,30550,121250
20231228,15:16:01,1.5,9600,121250
20231228,15:16:07,1.4,31200,121250
20231228,15:16:46,1.4,900,121250
20231228,15:16:54,1.3,2250,121250
20231228,15:17:06,1.35,900,121250
20231228,15:17:12,1.35,100,121250
20231228,15:17:18,1.35,200,121250
20231228,15:17:23,1.25,8450,121250
20231228,15:17:46,1.15,7350,121250
20231228,15:17:52,1.25,750,121250
20231228,15:18:02,1.25,900,121250
20231228,15:18:07,1.2,1950,121250
20231228,15:18:13,1.2,1550,121250
20231228,15:18:38,1.25,3450,207450
20231228,15:18:45,1.25,10050,207450
20231228,15:18:52,1.2,4050,207450
20231228,15:18:58,1.2,5400,207450
20231228,15:19:05,1.25,13600,207450
20231228,15:19:13,1.2,7200,207450
20231228,15:19:26,1.2,2900,207450
20231228,15:19:37,1.2,3600,207450
20231228,15:19:43,1.25,2000,207450
20231228,15:19:49,1.2,1800,207450
20231228,15:19:54,1.2,1800,207450
20231228,15:20:00,1.2,3600,207450
20231228,15:20:08,1.2,1800,207450
20231228,15:20:15,1.2,14400,207450
20231228,15:20:23,1.2,200,207450
20231228,15:20:46,1.25,50,207450
20231228,15:21:19,1.25,400,207450
20231228,15:21:33,1.2,750,207450
20231228,15:21:39,1.2,250,269350
20231228,15:21:44,1.25,1250,269350
20231228,15:21:50,1.2,24000,269350
20231228,15:21:55,1.2,550,269350
20231228,15:22:07,1.2,2900,269350
20231228,15:22:12,1.2,1050,269350
20231228,15:22:19,1.25,1450,269350
20231228,15:22:33,1.2,100,269350
20231228,15:22:39,1.2,50,269350
20231228,15:22:46,1.2,50,269350
20231228,15:22:53,1.2,650,269350
20231228,15:23:05,1.25,50,269350
20231228,15:23:12,1.2,1800,269350
20231228,15:23:26,1.2,550,269350
20231228,15:23:48,1.25,300,269350
20231228,15:23:55,1.25,500,269350
20231228,15:24:02,1.25,50,269350
20231228,15:24:09,1.25,100,269350
20231228,15:24:15,1.2,100,269350
20231228,15:24:22,1.25,400,269350
20231228,15:24:29,1.25,2750,269350
20231228,15:24:37,1.3,3400,269350
20231228,15:24:51,1.3,150,269350
20231228,15:25:07,1.25,50,289550
20231228,15:25:13,1.25,50,289550
20231228,15:25:37,1.25,50,289550
20231228,15:26:16,1.25,200,289550
20231228,15:26:27,1.25,500,289550
20231228,15:26:43,1.3,2300,289550
20231228,15:27:00,1.4,2150,289550
20231228,15:27:07,1.5,2800,289550
20231228,15:27:14,1.65,4650,289550
20231228,15:27:22,1.45,450,289550
20231228,15:27:28,1.6,850,289550
20231228,15:27:35,1.55,350,289550
20231228,15:27:42,1.95,71950,289150
20231228,15:27:50,1.85,18800,289150
20231228,15:27:56,1.8,850,289150
20231228,15:28:02,1.7,2650,289150
20231228,15:28:09,1.8,1100,289150
20231228,15:28:16,1.85,2400,289150
20231228,15:28:23,1.9,27250,289150
20231228,15:28:30,1.95,900,289150
20231228,15:28:37,1.7,850,289150
20231228,15:28:44,1.75,450,289150
20231228,15:28:51,1.75,800,289150
20231228,15:29:09,1.6,250,289150
20231228,15:29:14,1.75,150,289150
20231228,15:29:22,1.7,200,289150
20231228,15:29:39,1.65,150,289150
20231228,15:29:44,1.7,150,289150
20231228,15:29:49,1.65,100,289150
20231229,09:15:00,1.65,1,260300
20231229,09:15:00,1.65,600,260300
20231229,09:15:01,2.35,1950,260300
20231229,09:15:01,1.45,1950,260300
20231229,09:15:02,1.65,2400,260300
20231229,09:15:04,1.65,2800,260300
20231229,09:15:05,1.7,300,260300
20231229,09:15:06,1.65,350,260300
20231229,09:15:08,1.7,1100,260300
20231229,09:15:10,1.75,6450,260300
20231229,09:15:11,1.85,2300,260300
20231229,09:15:12,1.85,2700,260300
20231229,09:15:13,1.95,5800,260300
20231229,09:15:14,1.9,2900,260300
20231229,09:15:16,1.9,350,260300
20231229,09:15:17,1.9,2050,260300
20231229,09:15:18,1.9,2150,260300
20231229,09:15:19,2.0,4500,260300
20231229,09:15:20,4.55,16250,260300
20231229,09:15:22,1.95,2650,260300
20231229,09:15:23,1.9,2300,260300
20231229,09:15:24,1.9,1850,260300
20231229,09:15:25,1.85,1800,260300
20231229,09:15:26,1.9,250,260300
20231229,09:15:27,1.9,650,260300
20231229,09:15:29,1.9,4300,260300
20231229,09:15:30,1.9,3100,260300
20231229,09:15:31,1.95,4250,260300
20231229,09:15:32,1.85,6050,260300
20231229,09:15:33,1.9,3550,260300
20231229,09:15:34,1.95,2600,260300
20231229,09:15:36,1.85,1500,260300
20231229,09:15:37,1.9,1800,260300
20231229,09:15:39,1.9,7250,260300
20231229,09:15:40,1.85,100,260300
20231229,09:15:42,2.0,6400,260300
20231229,09:15:43,1.9,4700,260300
20231229,09:15:44,2.0,6950,260300
20231229,09:15:45,1.95,150,260300
20231229,09:15:46,1.9,2650,260300
20231229,09:15:49,1.9,2200,260300
20231229,09:15:50,1.9,100,260300
20231229,09:15:52,1.9,50,260300
20231229,09:15:53,1.9,50,260300
20231229,09:15:55,1.85,2550,260300
20231229,09:15:56,1.85,1050,260300
20231229,09:15:57,1.8,750,260300
20231229,09:15:59,1.8,50,260300
20231229,09:16:00,1.75,4400,260300
20231229,09:16:01,1.75,400,260300
20231229,09:16:03,1.75,6100,260300
20231229,09:16:04,1.75,4650,260300
20231229,09:16:05,1.75,2550,260300
20231229,09:16:08,1.75,6300,260300
20231229,09:16:10,1.7,3550,260300
20231229,09:16:11,1.7,1800,260300
20231229,09:16:12,1.75,50,260300
20231229,09:16:13,1.7,5200,260300
20231229,09:16:16,1.7,2750,260300
20231229,09:16:17,1.75,4300,260300
20231229,09:16:18,1.7,1650,260300
20231229,09:16:19,1.75,2050,260300
20231229,09:16:20,1.75,150,260300
20231229,09:16:23,1.75,3500,260300
20231229,09:16:25,1.75,500,260300
20231229,09:16:31,1.75,11550,260300
20231229,09:16:32,1.75,650,260300
20231229,09:16:33,1.8,50,260300
20231229,09:16:34,1.8,3400,260300
20231229,09:16:38,1.75,2800,260300
20231229,09:16:39,1.8,600,260300
20231229,09:16:40,1.8,500,260300
20231229,09:16:41,1.8,1400,260300
20231229,09:16:42,1.8,250,260300
20231229,09:16:43,1.8,1200,260300
20231229,09:16:45,1.85,7850,260300
20231229,09:16:46,1.8,2600,260300
20231229,09:16:47,1.85,4000,260300
20231229,09:16:49,1.8,250,260300
20231229,09:16:50,1.85,1650,260300
20231229,09:16:52,1.8,250,260300
20231229,09:16:54,1.8,1350,260300
20231229,09:16:56,1.85,1500,260300
20231229,09:17:00,1.85,250,260300
20231229,09:17:01,1.8,5550,260300
20231229,09:17:02,1.8,7000,260300
20231229,09:17:03,1.8,2100,260300
20231229,09:17:04,1.8,900,260300
20231229,09:17:05,1.8,2700,260300
20231229,09:17:08,1.85,1200,295050
20231229,09:17:09,1.85,50,295050
20231229,09:17:10,1.8,300,295050
20231229,09:17:11,1.8,1300,295050
20231229,09:17:12,1.85,2750,295050
20231229,09:17:14,1.8,300,295050
20231229,09:17:20,1.85,1050,295050
20231229,09:17:25,1.8,300,295050
20231229,09:17:28,1.85,50,295050
20231229,09:17:36,1.8,13600,295050
20231229,09:17:39,1.85,750,295050
20231229,09:17:40,1.8,250,295050
20231229,09:17:42,1.8,11400,295050
20231229,09:17:44,1.8,250,295050
20231229,09:17:47,1.85,1800,295050
20231229,09:17:51,1.85,5800,295050
20231229,09:17:54,1.85,4750,295050
20231229,09:17:55,1.85,1550,295050
20231229,09:17:57,1.9,1500,295050
20231229,09:17:58,1.9,100,295050
20231229,09:17:59,1.85,3700,295050
20231229,09:18:02,1.85,1400,295050
20231229,09:18:03,1.85,750,295050
20231229,09:18:05,1.85,1000,295050
20231229,09:18:09,1.85,100,295050
20231229,09:18:10,1.85,50,295050
20231229,09:18:11,1.85,100,295050
20231229,09:18:15,1.8,300,295050
20231229,09:18:18,1.8,200,295050
20231229,09:18:22,1.8,1800,295050
20231229,09:18:26,1.8,900,295050
20231229,09:18:28,1.8,1800,295050
20231229,09:18:34,1.8,1000,295050
20231229,09:18:41,1.85,50,295050
20231229,09:18:45,1.85,100,295050
20231229,09:18:47,1.8,50,295050
20231229,09:18:50,1.85,50,295050
20231229,09:18:51,1.8,500,295050
20231229,09:18:53,1.8,600,295050
20231229,09:18:54,1.85,50,295050
20231229,09:18:58,1.8,7600,295050
20231229,09:18:59,1.8,50,295050
20231229,09:19:06,1.8,100,295050
20231229,09:19:06,1.8,1500,295050
20231229,09:19:07,1.8,800,295050
20231229,09:19:08,1.8,100,295050
20231229,09:19:09,1.8,50,295050
20231229,09:19:10,1.8,2250,295050
20231229,09:19:11,1.75,2350,295050
20231229,09:19:16,1.8,550,295050
20231229,09:19:17,1.8,50,295050
20231229,09:19:22,1.75,500,295050
20231229,09:19:23,1.8,100,295050
20231229,09:19:26,1.75,1500,295050
20231229,09:19:27,1.75,350,295050
20231229,09:19:28,1.75,1500,295050
20231229,09:19:30,1.75,550,295050
20231229,09:19:32,1.75,2750,295050
20231229,09:19:35,1.75,700,295050
20231229,09:19:42,1.7,2300,295050
20231229,09:19:47,1.7,8300,295050
20231229,09:19:48,1.65,400,295050
20231229,09:19:51,1.7,2000,295050
20231229,09:19:52,1.65,9200,295050
20231229,09:19:57,1.6,1800,295050
20231229,09:19:58,1.65,200,295050
20231229,09:19:59,1.6,1000,295050
20231229,09:20:01,1.65,50,295050
20231229,09:20:02,1.6,50,295050
20231229,09:20:04,1.65,1400,295050
20231229,09:20:06,1.7,8300,295050
20231229,09:20:06,1.65,1300,295050
20231229,09:20:07,1.65,50,313100
20231229,09:20:08,1.65,50,313100
20231229,09:20:10,1.65,1000,313100
20231229,09:20:11,1.65,1300,313100
20231229,09:20:15,1.65,250,313100
20231229,09:20:17,1.65,2300,313100
20231229,09:20:19,1.6,50,313100
20231229,09:20:21,1.6,600,313100
20231229,09:20:23,1.6,1050,313100
20231229,09:20:24,1.65,2900,313100
20231229,09:20:27,1.6,100,313100
20231229,09:20:29,1.65,650,313100
20231229,09:20:30,1.65,50,313100
20231229,09:20:33,1.6,50,313100
20231229,09:20:34,1.6,100,313100
20231229,09:20:35,1.65,550,313100
20231229,09:20:36,1.65,3600,313100
20231229,09:20:40,1.65,2300,313100
20231229,09:20:41,1.65,1150,313100
20231229,09:20:45,1.65,1000,313100
20231229,09:20:47,1.65,1850,313100
20231229,09:20:48,1.65,300,313100
20231229,09:20:50,1.65,100,313100
20231229,09:20:50,1.65,50,313100
20231229,09:20:51,1.7,750,313100
20231229,09:20:52,1.65,50,313100
20231229,09:20:53,1.65,100,313100
20231229,09:20:54,1.65,50,313100
20231229,09:20:56,1.65,100,313100
20231229,09:20:57,1.65,1850,313100
20231229,09:20:58,1.65,100,313100
20231229,09:21:01,1.65,150,313100
20231229,09:21:02,1.6,500,313100
20231229,09:21:03,1.65,33800,313100
20231229,09:21:05,1.6,4950,313100
20231229,09:21:06,1.6,350,313100
20231229,09:21:06,1.6,250,313100
20231229,09:21:10,1.55,500,313100
20231229,09:21:11,1.55,900,313100
20231229,09:21:13,1.6,250,313100
20231229,09:21:14,1.6,4200,313100
20231229,09:21:16,1.6,550,313100
20231229,09:21:22,1.6,250,313100
20231229,09:21:25,1.55,250,313100
20231229,09:21:28,1.6,250,313100
20231229,09:21:39,1.55,1800,313100
20231229,09:21:42,1.6,250,313100
20231229,09:21:43,1.6,250,313100
20231229,09:21:47,1.6,100,313100
20231229,09:21:49,1.55,4450,313100
20231229,09:21:49,1.55,50,313100
20231229,09:21:51,1.55,4350,313100
20231229,09:21:52,1.55,300,313100
20231229,09:21:54,1.55,200,313100
20231229,09:22:00,1.55,700,313100
20231229,09:22:02,1.6,250,313100
20231229,09:22:04,1.5,3250,313100
20231229,09:22:05,1.55,50,313100
20231229,09:22:08,1.6,2600,313100
20231229,09:22:12,1.6,50,313100
20231229,09:22:17,1.6,150,313100
20231229,09:22:23,1.6,50,313100
20231229,09:22:26,1.6,1050,313100
20231229,09:22:29,1.6,50,313100
20231229,09:22:29,1.6,400,313100
20231229,09:22:37,1.6,100,313100
20231229,09:22:39,1.6,200,313100
20231229,09:22:41,1.6,100,313100
20231229,09:22:42,1.6,100,313100
20231229,09:22:51,1.6,3800,313100
20231229,09:22:53,1.6,500,313100
20231229,09:23:01,1.6,250,313100
20231229,09:23:10,1.6,500,285350
20231229,09:23:13,1.6,1000,285350
20231229,09:23:18,1.6,50,285350
20231229,09:23:26,1.6,50,285350
20231229,09:23:32,1.6,100,285350
20231229,09:23:33,1.6,1000,285350
20231229,09:23:45,1.6,50,285350
20231229,09:23:46,1.6,200,285350
20231229,09:23:47,1.6,450,285350
20231229,09:23:52,1.6,4300,285350
20231229,09:23:54,1.6,50,285350
20231229,09:23:55,1.6,2800,285350
20231229,09:23:56,1.6,50,285350
20231229,09:23:58,1.6,600,285350
20231229,09:24:00,1.6,50,285350
20231229,09:24:01,1.6,50,285350
20231229,09:24:07,1.6,500,285350
20231229,09:24:07,1.6,1800,285350
20231229,09:24:12,1.6,100,285350
20231229,09:24:13,1.6,100,285350
20231229,09:24:21,1.6,100,285350
20231229,09:24:23,1.6,200,285350
20231229,09:24:26,1.6,50,285350
20231229,09:24:41,1.6,100,285350
20231229,09:24:42,1.6,100,285350
20231229,09:24:43,1.6,100,285350
20231229,09:24:46,1.55,2150,285350
20231229,09:24:47,1.55,850,285350
20231229,09:24:48,1.6,50,285350
20231229,09:24:51,1.6,50,285350
20231229,09:24:56,1.6,50,285350
20231229,09:24:59,1.6,1000,285350
20231229,09:25:00,1.55,3900,285350
20231229,09:25:01,1.6,50,285350
20231229,09:25:02,1.55,400,285350
20231229,09:25:03,1.6,5300,285350
20231229,09:25:06,1.55,1900,285350
20231229,09:25:07,1.55,6100,285350
20231229,09:25:11,1.55,50,285350
20231229,09:25:12,1.55,50,285350
20231229,09:25:13,1.55,2400,285350
20231229,09:25:16,1.55,3050,285350
20231229,09:25:17,1.55,2650,285350
20231229,09:25:19,1.55,700,285350
20231229,09:25:20,1.6,50,285350
20231229,09:25:21,1.6,600,285350
20231229,09:25:23,1.6,50,285350
20231229,09:25:25,1.6,1000,285350
20231229,09:25:33,1.6,100,285350
20231229,09:25:34,1.6,50,285350
20231229,09:25:36,1.55,1800,285350
20231229,09:25:37,1.6,50,285350
20231229,09:25:40,1.6,400,285350
20231229,09:25:41,1.6,50,285350
20231229,09:25:43,1.6,150,285350
20231229,09:25:44,1.55,50,285350
20231229,09:25:45,1.6,200,285350
20231229,09:25:46,1.55,2450,285350
20231229,09:25:47,1.6,50,285350
20231229,09:25:48,1.55,350,285350
20231229,09:25:52,1.6,750,285350
20231229,09:25:54,1.55,1050,285350
20231229,09:25:57,1.55,250,285350
20231229,09:25:59,1.55,600,285350
20231229,09:26:01,1.6,500,285350
20231229,09:26:11,1.6,700,292400
20231229,09:26:15,1.55,50,292400
20231229,09:26:16,1.6,50,292400
20231229,09:26:20,1.6,500,292400
20231229,09:26:23,1.6,350,292400
20231229,09:26:26,1.6,50,292400
20231229,09:26:27,1.6,50,292400
20231229,09:26:29,1.55,500,292400
20231229,09:26:30,1.6,50,292400
20231229,09:26:31,1.6,100,292400
20231229,09:26:32,1.55,5250,292400
20231229,09:26:33,1.55,100,292400
20231229,09:26:34,1.55,50,292400
20231229,09:26:36,1.5,50,292400
20231229,09:26:37,1.55,500,292400
20231229,09:26:40,1.55,50,292400
20231229,09:26:41,1.55,200,292400
20231229,09:26:44,1.55,50,292400
20231229,09:26:46,1.55,150,292400
20231229,09:26:52,1.5,50,292400
20231229,09:26:59,1.5,1800,292400
20231229,09:27:02,1.5,1800,292400
20231229,09:27:03,1.55,50,292400
20231229,09:27:05,1.55,50,292400
20231229,09:27:10,1.55,50,292400
20231229,09:27:12,1.55,100,292400
20231229,09:27:29,1.55,250,292400
20231229,09:27:32,1.5,5400,292400
20231229,09:27:33,1.5,5800,292400
20231229,09:27:34,1.5,2650,292400
20231229,09:27:35,1.55,100,292400
20231229,09:27:36,1.55,250,292400
20231229,09:27:46,1.55,300,292400
20231229,09:27:48,1.55,1800,292400
20231229,09:27:54,1.55,50,292400
20231229,09:28:01,1.55,50,292400
20231229,09:28:04,1.55,100,292400
20231229,09:28:12,1.55,50,292400
20231229,09:28:15,1.55,50,292400
20231229,09:28:18,1.5,600,292400
20231229,09:28:19,1.55,500,292400
20231229,09:28:29,1.5,50,292400
20231229,09:28:37,1.55,500,292400
20231229,09:28:46,1.55,100,292400
20231229,09:29:02,1.5,2000,292400
20231229,09:29:04,1.5,50,292400
20231229,09:29:07,1.55,100,292400
20231229,09:29:11,1.55,50,300800
20231229,09:29:13,1.5,1000,300800
20231229,09:29:18,1.55,50,300800
20231229,09:29:19,1.5,100,300800
20231229,09:29:20,1.5,500,300800
20231229,09:29:36,1.55,50,300800
20231229,09:29:46,1.5,50,300800
20231229,09:29:47,1.55,50,300800
20231229,09:29:49,1.5,1800,300800
20231229,09:29:58,1.5,8600,300800
20231229,09:30:09,1.5,50,300800
20231229,09:30:12,1.5,100,300800
20231229,09:30:16,1.5,600,300800
20231229,09:30:22,1.5,150,300800
20231229,09:30:44,1.5,200,300800
20231229,09:30:49,1.55,6350,300800
20231229,09:30:52,1.5,3550,300800
20231229,09:30:54,1.5,3600,300800
20231229,09:30:55,1.5,250,300800
20231229,09:31:04,1.55,500,300800
20231229,09:31:05,1.55,1300,300800
20231229,09:31:09,1.55,3600,300800
20231229,09:31:09,1.55,5350,300800
20231229,09:31:10,1.55,550,300800
20231229,09:31:13,1.55,1950,300800
20231229,09:31:14,1.55,1750,300800
20231229,09:31:16,1.55,2350,300800
20231229,09:31:18,1.55,300,300800
20231229,09:31:20,1.55,250,300800
20231229,09:31:22,1.55,1850,300800
20231229,09:31:23,1.55,300,300800
20231229,09:31:24,1.55,3650,300800
20231229,09:31:27,1.55,3150,300800
20231229,09:31:28,1.6,1800,300800
20231229,09:31:34,1.6,50,300800
20231229,09:31:38,1.6,50,300800
20231229,09:31:47,1.6,250,300800
20231229,09:31:49,1.6,50,300800
20231229,09:31:50,1.6,50,300800
20231229,09:31:54,1.6,50,300800
20231229,09:31:55,1.6,50,300800
20231229,09:31:57,1.55,100,300800
20231229,09:31:59,1.6,50,300800
20231229,09:32:00,1.6,600,300800
20231229,09:32:01,1.6,300,300800
20231229,09:32:05,1.55,50,300800
20231229,09:32:07,1.6,550,300800
20231229,09:32:09,1.6,500,300800
20231229,09:32:10,1.6,1800,308500
20231229,09:32:11,1.6,100,308500
20231229,09:32:13,1.55,4950,308500
20231229,09:32:14,1.55,800,308500
20231229,09:32:15,1.55,500,308500
20231229,09:32:25,1.6,50,308500
20231229,09:32:31,1.55,50,308500
20231229,09:32:33,1.6,550,308500
20231229,09:32:34,1.55,1800,308500
20231229,09:32:35,1.6,50,308500
20231229,09:32:45,1.6,250,308500
20231229,09:32:47,1.6,200,308500
20231229,09:32:50,1.6,150,308500
20231229,09:32:55,1.6,150,308500
20231229,09:32:58,1.6,300,308500
20231229,09:33:00,1.6,250,308500
20231229,09:33:09,1.6,900,308500
20231229,09:33:09,1.6,50,308500
20231229,09:33:12,1.6,100,308500
20231229,09:33:13,1.6,100,308500
20231229,09:33:14,1.55,100,308500
20231229,09:33:17,1.6,100,308500
20231229,09:33:18,1.6,250,308500
20231229,09:33:20,1.55,200,308500
20231229,09:33:27,1.55,50,308500
20231229,09:33:28,1.6,50,308500
20231229,09:33:30,1.6,500,308500
20231229,09:33:32,1.6,50,308500
20231229,09:33:42,1.6,50,308500
20231229,09:33:46,1.55,450,308500
20231229,09:33:49,1.55,100,308500
20231229,09:33:52,1.6,50,308500
20231229,09:33:57,1.55,1600,308500
20231229,09:33:58,1.55,200,308500
20231229,09:33:59,1.55,950,308500
20231229,09:34:03,1.6,50,308500
20231229,09:34:13,1.6,1400,308500
20231229,09:34:15,1.6,600,308500
20231229,09:34:16,1.6,50,308500
20231229,09:34:18,1.6,100,308500
20231229,09:34:18,1.6,3650,308500
20231229,09:34:19,1.6,850,308500
20231229,09:34:23,1.6,50,308500
20231229,09:34:24,1.6,50,308500
20231229,09:34:26,1.6,100,308500
20231229,09:34:28,1.6,100,308500
20231229,09:34:35,1.6,50,308500
20231229,09:34:36,1.6,50,308500
20231229,09:34:37,1.6,50,308500
20231229,09:34:40,1.6,100,308500
20231229,09:34:41,1.55,200,308500
20231229,09:34:42,1.55,550,308500
20231229,09:34:42,1.6,50,308500
20231229,09:34:43,1.6,50,308500
20231229,09:34:44,1.6,50,308500
20231229,09:34:45,1.6,50,308500
20231229,09:34:47,1.6,200,308500
20231229,09:34:49,1.6,650,308500
20231229,09:34:53,1.6,2000,308500
20231229,09:34:53,1.6,50,308500
20231229,09:34:56,1.6,100,308500
20231229,09:34:57,1.6,100,308500
20231229,09:34:58,1.6,50,308500
20231229,09:34:59,1.55,300,308500
20231229,09:35:02,1.6,250,308500
20231229,09:35:02,1.6,300,308500
20231229,09:35:03,1.6,5300,308500
20231229,09:35:05,1.6,400,308500
20231229,09:35:06,1.6,350,308500
20231229,09:35:07,1.6,1800,308500
20231229,09:35:08,1.6,4700,308500
20231229,09:35:09,1.6,150,322350
20231229,09:35:09,1.65,500,322350
20231229,09:35:11,1.65,400,322350
20231229,09:35:15,1.65,50,322350
20231229,09:35:17,1.65,50,322350
20231229,09:35:21,1.6,500,322350
20231229,09:35:22,1.65,100,322350
20231229,09:35:24,1.6,250,322350
20231229,09:35:27,1.65,50,322350
20231229,09:35:32,1.6,300,322350
20231229,09:35:39,1.65,50,322350
20231229,09:35:41,1.65,250,322350
20231229,09:35:42,1.65,50,322350
20231229,09:35:47,1.65,50,322350
20231229,09:35:51,1.6,50,322350
20231229,09:35:52,1.65,50,322350
20231229,09:35:57,1.6,2000,322350
20231229,09:35:59,1.6,4750,322350
20231229,09:36:00,1.6,200,322350
20231229,09:36:05,1.6,1450,322350
20231229,09:36:08,1.6,1050,322350
20231229,09:36:15,1.55,50,322350
20231229,09:36:17,1.6,50,322350
20231229,09:36:22,1.6,100,322350
20231229,09:36:26,1.6,100,322350
20231229,09:36:31,1.6,150,322350
20231229,09:36:39,1.6,1800,322350
20231229,09:36:42,1.6,100,322350
20231229,09:36:45,1.55,2050,322350
20231229,09:36:48,1.6,50,322350
20231229,09:36:57,1.55,50,322350
20231229,09:36:59,1.6,500,322350
20231229,09:37:00,1.6,1050,322350
20231229,09:37:06,1.6,100,322350
20231229,09:37:07,1.6,100,322350
20231229,09:37:29,1.55,50,322350
20231229,09:37:32,1.6,100,322350
20231229,09:37:37,1.6,50,322350
20231229,09:37:42,1.6,50,322350
20231229,09:37:48,1.6,50,322350
20231229,09:37:51,1.6,50,322350
20231229,09:37:53,1.6,50,322350
20231229,09:37:56,1.6,50,322350
20231229,09:38:00,1.6,50,322350
20231229,09:38:02,1.55,1800,322350
20231229,09:38:09,1.6,50,327200
20231229,09:38:11,1.6,500,327200
20231229,09:38:12,1.6,50,327200
20231229,09:38:14,1.6,1850,327200
20231229,09:38:16,1.6,4550,327200
20231229,09:38:19,1.55,50,327200
20231229,09:38:20,1.6,150,327200
20231229,09:38:21,1.6,50,327200
20231229,09:38:22,1.55,50,327200
20231229,09:38:25,1.55,1000,327200
20231229,09:38:32,1.55,1550,327200
20231229,09:38:37,1.55,1850,327200
20231229,09:38:41,1.6,1500,327200
20231229,09:38:49,1.55,50,327200
20231229,09:38:51,1.6,50,327200
20231229,09:39:01,1.6,50,327200
20231229,09:39:05,1.55,1850,327200
20231229,09:39:17,1.6,50,327200
20231229,09:39:26,1.55,1850,327200
20231229,09:39:29,1.55,50,327200
20231229,09:39:29,1.6,100,327200
20231229,09:39:30,1.6,50,327200
20231229,09:39:33,1.55,100,327200
20231229,09:39:36,1.6,500,327200
20231229,09:39:43,1.6,250,327200
20231229,09:39:45,1.6,150,327200
20231229,09:39:46,1.55,50,327200
20231229,09:39:48,1.6,200,327200
20231229,09:39:52,1.6,50,327200
20231229,09:40:00,1.6,150,327200
20231229,09:40:02,1.6,50,327200
20231229,09:40:09,1.6,500,327200
20231229,09:40:14,1.6,250,327200
20231229,09:40:22,1.55,300,327200
20231229,09:40:26,1.6,50,327200
20231229,09:40:55,1.6,50,327200
20231229,09:40:57,1.55,50,327200
20231229,09:40:58,1.55,500,327200
20231229,09:41:05,1.55,9350,327200
20231229,09:41:07,1.55,2900,327200
20231229,09:41:09,1.55,5250,327200
20231229,09:41:10,1.55,600,342850
20231229,09:41:11,1.55,500,342850
20231229,09:41:18,1.55,50,342850
20231229,09:41:21,1.55,200,342850
20231229,09:41:27,1.55,50,342850
20231229,09:41:32,1.55,1000,342850
20231229,09:41:41,1.55,50,342850
20231229,09:41:50,1.5,300,342850
20231229,09:41:52,1.5,3600,342850
20231229,09:41:59,1.55,100,342850
20231229,09:42:01,1.5,1500,342850
20231229,09:42:04,1.55,50,342850
20231229,09:42:05,1.5,50,342850
20231229,09:42:22,1.5,50,342850
20231229,09:42:32,1.5,50,342850
20231229,09:42:55,1.55,100,342850
20231229,09:43:05,1.55,400,342850
20231229,09:43:06,1.55,100,342850
20231229,09:43:15,1.5,200,342850
20231229,09:43:21,1.55,100,342850
20231229,09:43:31,1.55,500,342850
20231229,09:43:34,1.55,600,342850
20231229,09:43:35,1.5,2000,342850
20231229,09:43:36,1.55,750,342850
20231229,09:43:38,1.5,1050,342850
20231229,09:43:39,1.55,950,342850
20231229,09:43:39,1.55,1800,342850
20231229,09:43:40,1.55,5450,342850
20231229,09:43:42,1.55,50,342850
20231229,09:43:46,1.55,250,342850
20231229,09:43:47,1.55,12100,342850
20231229,09:43:50,1.55,4150,342850
20231229,09:43:53,1.55,2950,342850
20231229,09:43:56,1.55,50,342850
20231229,09:44:23,1.55,22850,351500
20231229,09:44:26,1.5,500,351500
20231229,09:44:27,1.55,7500,351500
20231229,09:44:27,1.55,1500,351500
20231229,09:44:34,1.55,250,351500
20231229,09:44:35,1.55,550,351500
20231229,09:44:37,1.55,2150,351500
20231229,09:44:41,1.55,9200,351500
20231229,09:44:42,1.55,11200,351500
20231229,09:44:47,1.5,50,351500
20231229,09:45:01,1.55,700,351500
20231229,09:45:02,1.55,500,351500
20231229,09:45:13,1.5,100,351500
20231229,09:45:15,1.55,600,351500
20231229,09:45:16,1.5,400,351500
20231229,09:45:24,1.5,50,351500
20231229,09:46:05,1.55,3200,351500
20231229,09:46:06,1.5,1850,351500
20231229,09:46:07,1.55,450,351500
20231229,09:46:08,1.55,400,351500
20231229,09:46:09,1.55,250,351500
20231229,09:46:10,1.55,350,351500
20231229,09:46:12,1.55,300,351500
20231229,09:46:14,1.55,50,351500
20231229,09:46:15,1.55,250,351500
20231229,09:46:16,1.55,500,351500
20231229,09:46:18,1.55,1200,351500
20231229,09:46:20,1.55,2000,351500
20231229,09:46:24,1.55,200,351500
20231229,09:46:39,1.55,100,351500
20231229,09:46:46,1.55,500,351500
20231229,09:46:48,1.55,300,351500
20231229,09:46:53,1.55,50,351500
20231229,09:46:56,1.55,250,351500
20231229,09:47:16,1.55,500,347600
20231229,09:47:17,1.55,300,347600
20231229,09:47:24,1.55,50,347600
20231229,09:47:25,1.55,50,347600
20231229,09:47:35,1.55,50,347600
20231229,09:47:46,1.55,100,347600
20231229,09:47:47,1.55,100,347600
20231229,09:47:48,1.55,100,347600
20231229,09:47:49,1.55,250,347600
20231229,09:47:58,1.55,50,347600
20231229,09:48:06,1.55,50,347600
20231229,09:48:08,1.55,1100,347600
20231229,09:48:09,1.55,100,347600
20231229,09:48:10,1.55,150,347600
20231229,09:48:19,1.55,300,347600
20231229,09:48:20,1.55,50,347600
20231229,09:48:23,1.55,150,347600
20231229,09:48:24,1.55,150,347600
20231229,09:48:25,1.55,150,347600
20231229,09:48:26,1.55,150,347600
20231229,09:48:27,1.55,150,347600
20231229,09:48:28,1.55,150,347600
20231229,09:48:31,1.55,50,347600
20231229,09:48:34,1.55,250,347600
20231229,09:48:38,1.55,250,347600
20231229,09:48:39,1.55,200,347600
20231229,09:48:40,1.55,200,347600
20231229,09:48:41,1.55,200,347600
20231229,09:48:42,1.5,150,347600
20231229,09:48:44,1.55,50,347600
20231229,09:49:00,1.55,200,347600
20231229,09:49:01,1.55,200,347600
20231229,09:49:02,1.55,200,347600
20231229,09:49:08,1.55,350,347600
20231229,09:49:11,1.55,50,347600
20231229,09:49:17,1.55,500,347600
20231229,09:49:31,1.55,1800,347600
20231229,09:49:42,1.55,200,347600
20231229,09:49:56,1.55,1800,347600
20231229,09:49:57,1.55,250,347600
20231229,09:49:58,1.55,250,347600
20231229,09:49:59,1.55,550,347600
20231229,09:50:00,1.5,50,347600
20231229,09:50:01,1.55,250,347600
20231229,09:50:02,1.55,300,347600
20231229,09:50:04,1.55,250,347600
20231229,09:50:08,1.55,50,347600
20231229,09:50:10,1.5,50,347600
20231229,09:50:15,1.5,12500,351200
20231229,09:50:18,1.55,200,351200
20231229,09:50:39,1.55,1800,351200
20231229,09:50:43,1.55,50,351200
20231229,09:51:03,1.5,450,351200
20231229,09:51:04,1.55,50,351200
20231229,09:51:06,1.55,400,351200
20231229,09:51:07,1.55,600,351200
20231229,09:51:08,1.55,800,351200
20231229,09:51:09,1.55,5400,351200
20231229,09:51:10,1.5,500,351200
20231229,09:51:15,1.55,50,351200
20231229,09:51:16,1.55,200,351200
20231229,09:51:17,1.55,250,351200
20231229,09:51:21,1.55,400,351200
20231229,09:51:24,1.55,900,351200
20231229,09:51:28,1.55,250,351200
20231229,09:51:29,1.55,1200,351200
20231229,09:51:30,1.55,500,351200
20231229,09:51:32,1.5,500,351200
20231229,09:51:34,1.5,2500,351200
20231229,09:51:43,1.5,50,351200
20231229,09:51:44,1.5,50,351200
20231229,09:51:48,1.5,100,351200
20231229,09:51:50,1.55,300,351200
20231229,09:51:57,1.55,1000,351200
20231229,09:51:59,1.55,200,351200
20231229,09:52:00,1.55,200,351200
20231229,09:52:01,1.55,200,351200
20231229,09:52:02,1.55,200,351200
20231229,09:52:03,1.55,200,351200
20231229,09:52:10,1.55,50,351200
20231229,09:52:12,1.55,50,351200
20231229,09:52:19,1.55,8500,351200
20231229,09:52:39,1.55,100,351200
20231229,09:52:41,1.55,5500,351200
20231229,09:52:48,1.55,500,351200
20231229,09:52:51,1.55,300,351200
20231229,09:52:52,1.55,200,351200
20231229,09:53:05,1.55,3600,351200
20231229,09:53:08,1.6,400,351200
20231229,09:53:10,1.6,550,351200
20231229,09:53:11,1.6,23500,336500
20231229,09:53:12,1.6,1700,336500
20231229,09:53:15,1.6,1100,336500
20231229,09:53:17,1.6,2050,336500
20231229,09:53:19,1.6,4750,336500
20231229,09:53:26,1.55,250,336500
20231229,09:53:28,1.55,6000,336500
20231229,09:53:31,1.6,150,336500
20231229,09:53:33,1.6,500,336500
20231229,09:53:42,1.55,500,336500
20231229,09:53:43,1.55,500,336500
20231229,09:53:46,1.55,250,336500
20231229,09:53:48,1.55,100,336500
20231229,09:53:49,1.6,50,336500
20231229,09:53:51,1.55,150,336500
20231229,09:53:52,1.55,8800,336500
20231229,09:53:53,1.55,600,336500
20231229,09:54:05,1.6,500,336500
20231229,09:54:07,1.6,13500,336500
20231229,09:54:08,1.55,100,336500
20231229,09:54:15,1.6,100,336500
20231229,09:54:24,1.6,100,336500
20231229,09:54:26,1.6,550,336500
20231229,09:54:38,1.55,1500,336500
20231229,09:54:39,1.55,50,336500
20231229,09:54:43,1.6,50,336500
20231229,09:54:44,1.6,50,336500
20231229,09:54:45,1.6,200,336500
20231229,09:54:46,1.6,200,336500
20231229,09:54:47,1.6,200,336500
20231229,09:54:48,1.6,200,336500
20231229,09:54:50,1.55,50,336500
20231229,09:54:58,1.6,50,336500
20231229,09:54:59,1.6,200,336500
20231229,09:55:00,1.6,200,336500
20231229,09:55:01,1.6,200,336500
20231229,09:55:03,1.6,50,336500
20231229,09:55:05,1.6,50,336500
20231229,09:55:07,1.6,400,336500
20231229,09:55:08,1.6,200,336500
20231229,09:55:09,1.6,250,336500
20231229,09:55:10,1.55,250,336500
20231229,09:55:12,1.6,50,336500
20231229,09:55:16,1.6,50,336500
20231229,09:55:21,1.6,50,336500
20231229,09:55:23,1.6,50,336500
20231229,09:55:29,1.55,1650,336500
20231229,09:55:29,1.55,7800,336500
20231229,09:55:31,1.55,10500,336500
20231229,09:55:34,1.55,100,336500
20231229,09:55:35,1.55,20000,336500
20231229,09:55:38,1.55,400,336500
20231229,09:55:40,1.55,100,336500
20231229,09:55:42,1.55,650,336500
20231229,09:55:43,1.55,900,336500
20231229,09:55:45,1.55,100,336500
20231229,09:55:46,1.55,500,336500
20231229,09:55:50,1.55,300,336500
20231229,09:55:53,1.55,500,336500
20231229,09:55:57,1.55,100,336500
20231229,09:55:58,1.55,900,336500
20231229,09:56:00,1.55,50,336500
20231229,09:56:27,1.5,700,332450
20231229,09:56:28,1.5,1000,332450
20231229,09:56:35,1.5,50,332450
20231229,09:56:42,1.5,500,332450
20231229,09:56:43,1.5,1000,332450
20231229,09:56:50,1.5,50,332450
20231229,09:56:52,1.5,550,332450
20231229,09:56:56,1.5,550,332450
20231229,09:56:59,1.55,100,332450
20231229,09:57:01,1.5,450,332450
20231229,09:57:03,1.5,600,332450
20231229,09:57:05,1.5,100,332450
20231229,09:57:06,1.5,450,332450
20231229,09:57:07,1.5,600,332450
20231229,09:57:08,1.5,500,332450
20231229,09:57:09,1.45,4200,332450
20231229,09:57:10,1.5,350,332450
20231229,09:57:13,1.45,500,332450
20231229,09:57:15,1.5,9250,332450
20231229,09:57:16,1.45,1650,332450
20231229,09:57:18,1.5,3300,332450
20231229,09:57:20,1.45,600,332450
20231229,09:57:24,1.45,200,332450
20231229,09:57:36,1.5,2200,332450
20231229,09:57:37,1.5,500,332450
20231229,09:57:43,1.5,700,332450
20231229,09:57:57,1.45,400,332450
20231229,09:58:05,1.45,1000,332450
20231229,09:58:16,1.5,4450,332450
20231229,09:58:23,1.55,200,332450
20231229,09:58:25,1.55,50,332450
20231229,09:58:27,1.55,50,332450
20231229,09:58:37,1.5,250,332450
20231229,09:58:38,1.5,500,332450
20231229,09:58:39,1.5,1800,332450
20231229,09:58:42,1.5,50,332450
20231229,09:59:02,1.5,50,332450
20231229,09:59:06,1.55,100,332450
20231229,09:59:07,1.55,200,332450
20231229,09:59:09,1.55,100,332450
20231229,09:59:13,1.55,100,332450
20231229,09:59:35,1.55,200,334600
20231229,09:59:53,1.55,50,334600
20231229,09:59:58,1.55,500,334600
20231229,10:00:05,1.55,250,334600
20231229,10:00:06,1.55,1000,334600
20231229,10:00:13,1.55,50,334600
20231229,10:00:15,1.55,100,334600
20231229,10:00:25,1.55,50,334600
20231229,10:00:30,1.5,100,334600
20231229,10:00:33,1.5,50,334600
20231229,10:00:35,1.5,50,334600
20231229,10:00:54,1.55,7050,334600
20231229,10:01:02,1.55,50,334600
20231229,10:01:04,1.5,250,334600
20231229,10:01:05,1.5,250,334600
20231229,10:01:06,1.5,5650,334600
20231229,10:01:14,1.55,6850,334600
20231229,10:01:15,1.55,250,334600
20231229,10:01:16,1.55,250,334600
20231229,10:01:18,1.55,250,334600
20231229,10:01:19,1.55,100,334600
20231229,10:01:32,1.55,250,334600
20231229,10:01:33,1.55,250,334600
20231229,10:01:34,1.55,250,334600
20231229,10:01:43,1.55,250,334600
20231229,10:01:44,1.55,250,334600
20231229,10:01:45,1.55,250,334600
20231229,10:01:50,1.55,50,334600
20231229,10:01:56,1.55,5400,334600
20231229,10:01:57,1.55,5400,334600
20231229,10:01:58,1.55,6500,334600
20231229,10:01:59,1.55,250,334600
20231229,10:02:03,1.55,5300,334600
20231229,10:02:04,1.55,2050,334600
20231229,10:02:05,1.55,250,334600
20231229,10:02:06,1.55,200,334600
20231229,10:02:07,1.55,50,334600
20231229,10:02:16,1.55,500,336650
20231229,10:02:17,1.55,500,336650
20231229,10:02:19,1.55,250,336650
20231229,10:02:20,1.55,250,336650
20231229,10:02:21,1.55,250,336650
20231229,10:02:28,1.6,50,336650
20231229,10:02:29,1.55,50,336650
20231229,10:02:33,1.55,1000,336650
20231229,10:02:34,1.55,250,336650
20231229,10:02:35,1.55,250,336650
20231229,10:02:39,1.55,50,336650
20231229,10:02:51,1.55,400,336650
20231229,10:02:52,1.55,400,336650
20231229,10:02:54,1.55,400,336650
20231229,10:02:58,1.6,100,336650
20231229,10:03:06,1.55,1000,336650
20231229,10:03:07,1.55,250,336650
20231229,10:03:08,1.55,250,336650
20231229,10:03:24,1.55,3300,336650
20231229,10:03:54,1.6,200,336650
20231229,10:03:55,1.6,200,336650
20231229,10:03:56,1.6,200,336650
20231229,10:03:57,1.6,200,336650
20231229,10:03:58,1.6,200,336650
20231229,10:03:59,1.6,200,336650
20231229,10:04:00,1.6,200,336650
20231229,10:04:01,1.6,200,336650
20231229,10:04:02,1.6,200,336650
20231229,10:04:03,1.6,200,336650
20231229,10:04:11,1.6,50,336650
20231229,10:04:13,1.55,50,336650
20231229,10:04:20,1.55,50,336650
20231229,10:04:27,1.6,1250,336650
20231229,10:04:36,1.6,10000,336650
20231229,10:04:53,1.6,12850,336650
20231229,10:04:57,1.6,250,336650
20231229,10:04:59,1.6,3500,336650
20231229,10:05:00,1.6,250,336650
20231229,10:05:02,1.6,250,336650
20231229,10:05:02,1.6,300,336650
20231229,10:05:03,1.6,100,336650
20231229,10:05:05,1.6,100,336650
20231229,10:05:05,1.6,300,336650
20231229,10:05:06,1.6,2100,336650
20231229,10:05:07,1.6,400,336650
20231229,10:05:09,1.6,100,336650
20231229,10:05:09,1.6,3750,336650
20231229,10:05:11,1.65,50,336650
20231229,10:05:16,1.6,600,346250
20231229,10:05:17,1.65,50,346250
20231229,10:05:21,1.6,50,346250
20231229,10:05:27,1.6,500,346250
20231229,10:05:29,1.6,500,346250
20231229,10:05:32,1.6,250,346250
20231229,10:05:39,1.6,1800,346250
20231229,10:05:40,1.6,9800,346250
20231229,10:05:41,1.6,200,346250
20231229,10:05:42,1.6,50,346250
20231229,10:06:03,1.6,100,346250
20231229,10:06:05,1.6,2000,346250
20231229,10:06:07,1.6,500,346250
20231229,10:06:09,1.6,100,346250
20231229,10:06:12,1.6,150,346250
20231229,10:06:17,1.6,4150,346250
20231229,10:06:30,1.55,1800,346250
20231229,10:06:32,1.55,1850,346250
20231229,10:06:40,1.6,25150,346250
20231229,10:06:49,1.6,200,346250
20231229,10:06:50,1.6,200,346250
20231229,10:06:52,1.6,200,346250
20231229,10:06:56,1.6,100,346250
20231229,10:06:58,1.65,50,346250
20231229,10:07:06,1.6,50,346250
20231229,10:07:15,1.6,500,346250
20231229,10:07:19,1.6,500,346250
20231229,10:07:21,1.6,250,346250
20231229,10:07:36,1.6,250,346250
20231229,10:07:38,1.6,250,346250
20231229,10:07:40,1.6,250,346250
20231229,10:07:41,1.6,250,346250
20231229,10:07:44,1.65,9000,346250
20231229,10:07:46,1.6,50,346250
20231229,10:07:47,1.6,250,346250
20231229,10:07:51,1.65,1800,346250
20231229,10:07:52,1.65,50,346250
20231229,10:07:58,1.6,50,346250
20231229,10:08:00,1.6,200,346250
20231229,10:08:01,1.6,200,346250
20231229,10:08:02,1.6,200,346250
20231229,10:08:03,1.6,200,346250
20231229,10:08:04,1.6,200,346250
20231229,10:08:05,1.6,200,346250
20231229,10:08:06,1.6,200,346250
20231229,10:08:07,1.65,1900,346250
20231229,10:08:08,1.6,200,346250
20231229,10:08:09,1.6,200,346250
20231229,10:08:13,1.6,900,346250
20231229,10:08:14,1.6,200,382300
20231229,10:08:15,1.6,200,382300
20231229,10:08:17,1.6,50,382300
20231229,10:08:18,1.6,50,382300
20231229,10:08:19,1.6,1800,382300
20231229,10:08:20,1.6,50,382300
20231229,10:08:21,1.6,200,382300
20231229,10:08:22,1.6,200,382300
20231229,10:08:36,1.65,1800,382300
20231229,10:08:38,1.65,1800,382300
20231229,10:08:44,1.65,500,382300
20231229,10:08:47,1.6,500,382300
20231229,10:08:48,1.6,250,382300
20231229,10:08:49,1.65,1950,382300
20231229,10:08:50,1.6,50,382300
20231229,10:08:52,1.6,19950,382300
20231229,10:08:54,1.6,200,382300
20231229,10:08:55,1.6,200,382300
20231229,10:08:57,1.65,100,382300
20231229,10:09:03,1.65,200,382300
20231229,10:09:05,1.65,500,382300
20231229,10:09:08,1.65,2050,382300
20231229,10:09:14,1.65,7200,382300
20231229,10:09:15,1.65,3600,382300
20231229,10:09:16,1.65,2800,382300
20231229,10:09:17,1.65,16550,382300
20231229,10:09:22,1.65,6350,382300
20231229,10:09:24,1.65,550,382300
20231229,10:09:32,1.7,3400,382300
20231229,10:09:33,1.7,1000,382300
20231229,10:09:34,1.7,5800,382300
20231229,10:09:35,1.7,4750,382300
20231229,10:09:36,1.7,4850,382300
20231229,10:09:37,1.7,12300,382300
20231229,10:09:38,1.75,150,382300
20231229,10:09:46,1.75,50,382300
20231229,10:10:01,1.75,250,382300
20231229,10:10:02,1.75,300,382300
20231229,10:10:06,1.75,3000,382300
20231229,10:10:09,1.75,250,382300
20231229,10:10:10,1.75,11400,382300
20231229,10:10:11,1.8,7500,382300
20231229,10:10:22,1.75,400,382300
20231229,10:10:26,1.75,10300,382300
20231229,10:10:37,1.7,350,382300
20231229,10:10:38,1.7,200,382300
20231229,10:10:39,1.7,200,382300
20231229,10:10:40,1.7,50,382300
20231229,10:10:52,1.7,1800,382300
20231229,10:11:12,1.7,1200,382300
20231229,10:11:13,1.7,1200,382300
20231229,10:11:22,1.65,350,352150
20231229,10:11:32,1.65,50,352150
20231229,10:11:34,1.65,50,352150
20231229,10:11:35,1.65,50,352150
20231229,10:11:36,1.65,50,352150
20231229,10:11:38,1.65,50,352150
20231229,10:11:39,1.65,50,352150
20231229,10:11:40,1.65,50,352150
20231229,10:11:41,1.65,50,352150
20231229,10:11:42,1.65,50,352150
20231229,10:11:44,1.65,50,352150
20231229,10:11:45,1.65,50,352150
20231229,10:11:46,1.65,50,352150
20231229,10:11:47,1.65,50,352150
20231229,10:11:48,1.7,50,352150
20231229,10:11:49,1.65,50,352150
20231229,10:11:50,1.65,50,352150
20231229,10:11:52,1.65,50,352150
20231229,10:11:54,1.7,350,352150
20231229,10:11:57,1.65,50,352150
20231229,10:11:58,1.65,50,352150
20231229,10:12:01,1.65,250,352150
20231229,10:12:02,1.7,50,352150
20231229,10:12:05,1.7,250,352150
20231229,10:12:06,1.7,6850,352150
20231229,10:12:07,1.7,50,352150
20231229,10:12:08,1.7,50,352150
20231229,10:12:09,1.7,150,352150
20231229,10:12:10,1.7,50,352150
20231229,10:12:11,1.75,8050,352150
20231229,10:12:12,1.7,50,352150
20231229,10:12:13,1.7,50,352150
20231229,10:12:14,1.7,50,352150
20231229,10:12:15,1.7,100,352150
20231229,10:12:17,1.7,50,352150
20231229,10:12:18,1.7,50,352150
20231229,10:12:19,1.7,50,352150
20231229,10:12:20,1.7,50,352150
20231229,10:12:22,1.7,50,352150
20231229,10:12:23,1.7,50,352150
20231229,10:12:24,1.7,50,352150
20231229,10:12:25,1.7,50,352150
20231229,10:12:27,1.7,50,352150
20231229,10:12:28,1.75,350,352150
20231229,10:12:29,1.75,8450,352150
20231229,10:12:30,1.8,5350,352150
20231229,10:12:34,1.8,450,352150
20231229,10:12:35,1.8,50,352150
20231229,10:12:40,1.8,100,352150
20231229,10:12:41,1.8,50,352150
20231229,10:12:42,1.8,50,352150
20231229,10:12:43,1.8,3550,352150
20231229,10:12:45,1.85,35100,352150
20231229,10:12:46,1.85,1500,352150
20231229,10:12:47,1.85,1050,352150
20231229,10:12:48,1.85,350,352150
20231229,10:12:50,1.85,100,352150
20231229,10:12:51,1.85,4450,352150
20231229,10:12:53,1.85,100,352150
20231229,10:12:55,1.85,300,352150
20231229,10:12:57,1.85,50,352150
20231229,10:12:58,1.85,250,352150
20231229,10:13:00,1.85,100,352150
20231229,10:13:02,1.85,50,352150
20231229,10:13:03,1.85,50,352150
20231229,10:13:04,1.85,100,352150
20231229,10:13:05,1.85,100,352150
20231229,10:13:07,1.85,500,352150
20231229,10:13:08,1.85,100,352150
20231229,10:13:10,1.85,100,352150
20231229,10:13:11,1.85,500,352150
20231229,10:13:12,1.85,550,352150
20231229,10:13:13,1.85,550,352150
20231229,10:13:15,1.85,2850,352150
20231229,10:13:16,1.9,500,352150
20231229,10:13:17,1.85,1050,352150
20231229,10:13:18,1.85,50,352150
20231229,10:13:20,1.85,50,352150
20231229,10:13:22,1.9,19050,352150
20231229,10:13:23,1.95,9350,352150
20231229,10:13:24,1.95,1650,352150
20231229,10:13:25,1.9,100,352150
20231229,10:13:27,1.95,4900,352150
20231229,10:13:28,1.95,600,352150
20231229,10:13:30,1.95,4150,352150
20231229,10:13:31,1.95,200,352150
20231229,10:13:32,1.95,200,352150
20231229,10:13:33,1.9,100,352150
20231229,10:13:35,1.9,100,352150
20231229,10:13:37,1.95,3000,352150
20231229,10:13:38,1.9,100,352150
20231229,10:13:39,1.95,100,352150
20231229,10:13:40,1.95,100,352150
20231229,10:13:46,1.95,50,352150
20231229,10:13:52,1.95,500,352150
20231229,10:13:55,2.0,2700,352150
20231229,10:13:56,1.95,150,352150
20231229,10:14:00,2.0,50,352150
20231229,10:14:03,1.95,2650,352150
20231229,10:14:04,1.9,50,352150
20231229,10:14:05,1.95,600,352150
20231229,10:14:08,1.95,50,352150
20231229,10:14:09,1.95,50,352150
20231229,10:14:10,2.0,500,352150
20231229,10:14:13,1.95,800,352150
20231229,10:14:14,1.95,50,352150
20231229,10:14:15,1.9,5600,377750
20231229,10:14:23,1.9,3000,377750
20231229,10:14:32,1.9,4950,377750
20231229,10:14:33,1.95,50,377750
20231229,10:14:35,1.9,250,377750
20231229,10:14:35,1.9,2300,377750
20231229,10:14:36,1.9,1200,377750
20231229,10:14:50,1.95,50,377750
20231229,10:14:51,1.95,50,377750
20231229,10:14:52,1.95,50,377750
20231229,10:14:53,1.95,50,377750
20231229,10:14:54,1.95,50,377750
20231229,10:14:56,1.9,300,377750
20231229,10:15:01,1.95,50,377750
20231229,10:15:08,2.0,26900,377750
20231229,10:15:09,2.0,4600,377750
20231229,10:15:11,1.95,250,377750
20231229,10:15:13,2.0,1800,377750
20231229,10:15:14,1.95,1800,377750
20231229,10:15:15,1.95,50,377750
20231229,10:15:20,2.0,3600,377750
20231229,10:15:31,2.0,50,377750
20231229,10:15:37,2.0,50,377750
20231229,10:15:42,2.0,300,377750
20231229,10:15:48,1.95,2150,377750
20231229,10:15:49,2.0,50,377750
20231229,10:15:54,2.0,500,377750
20231229,10:15:56,1.95,2600,377750
20231229,10:15:57,1.95,1800,377750
20231229,10:15:58,1.95,1600,377750
20231229,10:15:59,2.0,1850,377750
20231229,10:16:01,2.0,50,377750
20231229,10:16:02,2.0,1850,377750
20231229,10:16:13,1.95,3050,377750
20231229,10:16:14,1.95,2650,377750
20231229,10:16:32,2.0,50,377750
20231229,10:16:36,2.0,50,377750
20231229,10:16:36,1.95,2750,377750
20231229,10:16:40,1.95,350,377750
20231229,10:16:46,1.9,50,377750
20231229,10:17:01,1.9,350,377750
20231229,10:17:04,1.9,250,377750
20231229,10:17:06,1.9,250,377750
20231229,10:17:10,1.9,2350,377750
20231229,10:17:15,1.85,15450,397250
20231229,10:17:17,1.85,250,397250
20231229,10:17:18,1.85,200,397250
20231229,10:17:20,1.85,50,397250
20231229,10:17:21,1.8,500,397250
20231229,10:17:22,1.85,250,397250
20231229,10:17:23,1.8,400,397250
20231229,10:17:24,1.8,200,397250
20231229,10:17:25,1.85,200,397250
20231229,10:17:28,1.85,200,397250
20231229,10:17:30,1.8,3850,397250
20231229,10:17:35,1.8,900,397250
20231229,10:17:36,1.8,500,397250
20231229,10:17:39,1.75,1800,397250
20231229,10:17:40,1.8,550,397250
20231229,10:17:56,1.75,850,397250
20231229,10:17:57,1.75,800,397250
20231229,10:18:04,1.75,750,397250
20231229,10:18:08,1.75,100,397250
20231229,10:18:12,1.8,500,397250
20231229,10:18:16,1.75,250,397250
20231229,10:18:22,1.75,400,397250
20231229,10:18:23,1.75,300,397250
20231229,10:18:24,1.75,200,397250
20231229,10:18:26,1.75,400,397250
20231229,10:18:27,1.75,200,397250
20231229,10:18:28,1.75,1050,397250
20231229,10:18:31,1.8,50,397250
20231229,10:18:34,1.8,50,397250
20231229,10:18:40,1.8,50,397250
20231229,10:18:41,1.75,1000,397250
20231229,10:18:42,1.8,1050,397250
20231229,10:18:43,1.8,100,397250
20231229,10:18:54,1.8,50,397250
20231229,10:18:58,1.75,250,397250
20231229,10:19:01,1.8,50,397250
20231229,10:19:03,1.75,4700,397250
20231229,10:19:04,1.75,250,397250
20231229,10:19:05,1.75,2150,397250
20231229,10:19:06,1.75,1100,397250
20231229,10:19:07,1.75,50,397250
20231229,10:19:09,1.75,2250,397250
20231229,10:19:10,1.75,1050,397250
20231229,10:19:12,1.75,150,397250
20231229,10:19:13,1.75,250,397250
20231229,10:19:13,1.75,2350,397250
20231229,10:19:14,1.75,50,397250
20231229,10:19:17,1.75,350,397250
20231229,10:19:18,1.75,150,397250
20231229,10:19:19,1.75,500,397250
20231229,10:19:20,1.75,50,397250
20231229,10:19:21,1.7,1900,397250
20231229,10:19:23,1.7,50,397250
20231229,10:19:23,1.7,250,397250
20231229,10:19:26,1.7,50,397250
20231229,10:19:31,1.75,50,397250
20231229,10:19:46,1.7,200,397250
20231229,10:19:49,1.75,4450,397250
20231229,10:20:09,1.65,300,397250
20231229,10:20:19,1.7,250,397250
20231229,10:20:24,1.7,900,388550
20231229,10:20:29,1.7,300,388550
20231229,10:20:33,1.7,750,388550
20231229,10:20:36,1.7,250,388550
20231229,10:20:37,1.7,300,388550
20231229,10:20:40,1.65,13600,388550
20231229,10:20:41,1.65,600,388550
20231229,10:20:43,1.7,50,388550
20231229,10:20:45,1.7,250,388550
20231229,10:20:46,1.7,200,388550
20231229,10:21:09,1.65,50,388550
20231229,10:21:12,1.65,500,388550
20231229,10:21:13,1.65,3150,388550
20231229,10:21:14,1.65,500,388550
20231229,10:21:15,1.65,500,388550
20231229,10:21:16,1.7,550,388550
20231229,10:21:17,1.65,500,388550
20231229,10:21:18,1.65,1200,388550
20231229,10:21:19,1.65,200,388550
20231229,10:21:20,1.65,200,388550
20231229,10:21:24,1.65,2300,388550
20231229,10:21:25,1.65,200,388550
20231229,10:21:26,1.65,400,388550
20231229,10:21:27,1.65,200,388550
20231229,10:21:28,1.65,500,388550
20231229,10:21:30,1.7,500,388550
20231229,10:21:33,1.65,200,388550
20231229,10:21:36,1.7,50,388550
20231229,10:21:42,1.65,50,388550
20231229,10:21:44,1.65,50,388550
20231229,10:21:47,1.65,50,388550
20231229,10:21:48,1.65,500,388550
20231229,10:21:49,1.65,2600,388550
20231229,10:21:50,1.65,1700,388550
20231229,10:21:51,1.65,1100,388550
20231229,10:21:52,1.6,1250,388550
20231229,10:21:53,1.65,1200,388550
20231229,10:21:54,1.65,600,388550
20231229,10:21:55,1.65,1850,388550
20231229,10:21:56,1.65,150,388550
20231229,10:22:06,1.6,50,388550
20231229,10:22:07,1.6,3550,388550
20231229,10:22:08,1.6,400,388550
20231229,10:22:12,1.6,1250,388550
20231229,10:22:13,1.65,4500,388550
20231229,10:22:14,1.6,300,388550
20231229,10:22:16,1.65,500,388550
20231229,10:22:19,1.6,600,388550
20231229,10:22:20,1.6,1100,388550
20231229,10:22:21,1.6,3050,388550
20231229,10:22:24,1.6,1450,388550
20231229,10:22:25,1.6,50,388550
20231229,10:22:43,1.6,50,388550
20231229,10:23:02,1.55,50,388550
20231229,10:23:06,1.6,50,388550
20231229,10:23:18,1.55,50,395050
20231229,10:23:23,1.55,1500,395050
20231229,10:23:33,1.6,500,395050
20231229,10:23:38,1.6,50,395050
20231229,10:23:39,1.6,200,395050
20231229,10:24:00,1.6,5800,395050
20231229,10:24:00,1.6,100,395050
20231229,10:24:02,1.55,200,395050
20231229,10:24:03,1.55,200,395050
20231229,10:24:05,1.55,200,395050
20231229,10:24:07,1.55,200,395050
20231229,10:24:08,1.55,200,395050
20231229,10:24:11,1.55,400,395050
20231229,10:24:20,1.6,100,395050
20231229,10:24:42,1.55,500,395050
20231229,10:24:44,1.6,550,395050
20231229,10:24:45,1.55,200,395050
20231229,10:24:46,1.55,200,395050
20231229,10:24:47,1.6,500,395050
20231229,10:24:49,1.55,400,395050
20231229,10:24:50,1.55,200,395050
20231229,10:24:56,1.6,50,395050
20231229,10:24:57,1.55,200,395050
20231229,10:24:58,1.55,200,395050
20231229,10:24:59,1.55,250,395050
20231229,10:25:00,1.55,200,395050
20231229,10:25:01,1.55,200,395050
20231229,10:25:02,1.55,200,395050
20231229,10:25:07,1.55,4100,395050
20231229,10:25:08,1.55,2300,395050
20231229,10:25:11,1.6,100,395050
20231229,10:25:12,1.55,1800,395050
20231229,10:25:16,1.55,1250,395050
20231229,10:25:17,1.55,750,395050
20231229,10:25:18,1.55,250,395050
20231229,10:25:19,1.55,1800,395050
20231229,10:25:20,1.55,1800,395050
20231229,10:25:21,1.55,1800,395050
20231229,10:25:28,1.55,3600,395050
20231229,10:25:29,1.55,200,395050
20231229,10:25:30,1.55,200,395050
20231229,10:25:31,1.6,300,395050
20231229,10:25:32,1.55,200,395050
20231229,10:25:36,1.55,50,395050
20231229,10:25:38,1.55,150,395050
20231229,10:25:40,1.55,6800,395050
20231229,10:25:43,1.55,3650,395050
20231229,10:25:43,1.55,5750,395050
20231229,10:25:48,1.55,300,395050
20231229,10:25:49,1.5,1600,395050
20231229,10:26:00,1.55,50,395050
20231229,10:26:03,1.55,500,395050
20231229,10:26:04,1.55,200,395050
20231229,10:26:05,1.5,2000,395050
20231229,10:26:06,1.55,4200,395050
20231229,10:26:07,1.55,900,395050
20231229,10:26:08,1.55,300,395050
20231229,10:26:09,1.55,300,395050
20231229,10:26:10,1.55,150,395050
20231229,10:26:13,1.5,250,395050
20231229,10:26:17,1.5,1800,379200
20231229,10:26:20,1.55,50,379200
20231229,10:26:24,1.5,7800,379200
20231229,10:26:42,1.5,3850,379200
20231229,10:27:00,1.5,50,379200
20231229,10:27:16,1.45,1800,379200
20231229,10:27:16,1.45,600,379200
20231229,10:27:17,1.45,2000,379200
20231229,10:27:18,1.45,100,379200
20231229,10:27:21,1.5,50,379200
20231229,10:27:24,1.5,5300,379200
20231229,10:27:43,1.5,1800,379200
20231229,10:27:52,1.5,1800,379200
20231229,10:27:53,1.5,3150,379200
20231229,10:28:01,1.5,2400,379200
20231229,10:28:37,1.5,50,379200
20231229,10:28:59,1.45,3600,379200
20231229,10:29:04,1.45,100,379200
20231229,10:29:04,1.5,100,379200
20231229,10:29:06,1.5,200,379200
20231229,10:29:08,1.5,100,379200
20231229,10:29:17,1.5,650,374500
20231229,10:29:29,1.45,1850,374500
20231229,10:29:29,1.45,1800,374500
20231229,10:29:42,1.5,500,374500
20231229,10:30:06,1.45,5050,374500
20231229,10:30:17,1.5,50,374500
20231229,10:30:21,1.45,3950,374500
20231229,10:30:22,1.5,1850,374500
20231229,10:30:24,1.5,600,374500
20231229,10:30:28,1.5,50,374500
20231229,10:30:28,1.5,550,374500
20231229,10:30:33,1.5,50,374500
20231229,10:30:37,1.45,250,374500
20231229,10:30:38,1.45,250,374500
20231229,10:30:41,1.5,300,374500
20231229,10:30:42,1.5,750,374500
20231229,10:30:45,1.45,400,374500
20231229,10:30:50,1.5,3600,374500
20231229,10:30:51,1.5,16250,374500
20231229,10:30:52,1.5,200,374500
20231229,10:30:57,1.5,800,374500
20231229,10:30:58,1.45,250,374500
20231229,10:31:00,1.5,19900,374500
20231229,10:31:02,1.45,400,374500
20231229,10:31:03,1.45,350,374500
20231229,10:31:04,1.45,550,374500
20231229,10:31:08,1.45,1800,374500
20231229,10:31:14,1.45,3600,374500
20231229,10:31:15,1.45,7400,374500
20231229,10:31:16,1.45,300,374500
20231229,10:31:17,1.45,1800,374500
20231229,10:31:18,1.45,250,374500
20231229,10:31:19,1.4,4250,374500
20231229,10:31:21,1.45,2800,374500
20231229,10:31:22,1.45,50,374500
20231229,10:31:24,1.45,1000,374500
20231229,10:31:25,1.45,2550,374500
20231229,10:31:26,1.45,1250,374500
20231229,10:31:29,1.4,1800,374500
20231229,10:31:50,1.45,4150,374500
20231229,10:31:51,1.45,5650,374500
20231229,10:31:52,1.45,250,374500
20231229,10:31:54,1.45,250,374500
20231229,10:32:03,1.45,3600,374500
20231229,10:32:04,1.45,5800,374500
20231229,10:32:05,1.45,100,374500
20231229,10:32:09,1.45,200,374500
20231229,10:32:23,1.45,50,359950
20231229,10:32:26,1.4,1800,359950
20231229,10:32:32,1.4,50,359950
20231229,10:32:34,1.4,150,359950
20231229,10:32:46,1.45,2400,359950
20231229,10:33:01,1.45,3750,359950
20231229,10:33:03,1.4,11850,359950
20231229,10:33:04,1.45,50,359950
20231229,10:33:24,1.4,50,359950
20231229,10:33:27,1.45,400,359950
20231229,10:33:31,1.45,1800,359950
20231229,10:33:33,1.4,3450,359950
20231229,10:33:34,1.4,3550,359950
20231229,10:33:35,1.4,50,359950
20231229,10:33:37,1.4,8650,359950
20231229,10:33:38,1.4,2650,359950
20231229,10:33:39,1.4,100,359950
20231229,10:33:40,1.4,250,359950
20231229,10:33:44,1.4,1800,359950
20231229,10:33:52,1.4,1800,359950
20231229,10:33:53,1.4,350,359950
20231229,10:33:56,1.4,7550,359950
20231229,10:33:57,1.4,6000,359950
20231229,10:33:58,1.4,300,359950
20231229,10:34:00,1.4,8300,359950
20231229,10:34:01,1.4,650,359950
20231229,10:34:02,1.4,1850,359950
20231229,10:34:04,1.4,800,359950
20231229,10:34:15,1.35,50,359950
20231229,10:34:16,1.35,50,359950
20231229,10:34:26,1.35,3600,359950
20231229,10:34:27,1.4,2050,359950
20231229,10:34:30,1.4,8050,359950
20231229,10:34:34,1.4,250,359950
20231229,10:34:44,1.45,1050,359950
20231229,10:34:56,1.4,200,359950
20231229,10:34:57,1.4,1800,359950
20231229,10:35:02,1.45,300,359950
20231229,10:35:03,1.45,300,359950
20231229,10:35:04,1.45,1600,359950
20231229,10:35:05,1.45,400,359950
20231229,10:35:07,1.5,400,359950
20231229,10:35:08,1.5,100,359950
20231229,10:35:09,1.5,100,359950
20231229,10:35:13,1.45,3050,359950
20231229,10:35:15,1.45,1800,359950
20231229,10:35:16,1.5,500,359950
20231229,10:35:18,1.45,850,320550
20231229,10:35:19,1.5,2350,320550
20231229,10:35:20,1.45,650,320550
20231229,10:35:23,1.45,300,320550
20231229,10:35:23,1.45,150,320550
20231229,10:35:24,1.45,450,320550
20231229,10:35:47,1.4,50,320550
20231229,10:35:52,1.45,50,320550
20231229,10:35:57,1.45,50,320550
20231229,10:35:58,1.45,300,320550
20231229,10:36:04,1.45,50,320550
20231229,10:36:06,1.45,2650,320550
20231229,10:36:10,1.45,3600,320550
20231229,10:36:16,1.4,1850,320550
20231229,10:36:20,1.4,50,320550
20231229,10:36:24,1.45,8050,320550
20231229,10:36:27,1.45,600,320550
20231229,10:36:32,1.45,50,320550
20231229,10:36:33,1.45,1850,320550
20231229,10:36:34,1.45,6150,320550
20231229,10:36:35,1.45,2000,320550
20231229,10:36:38,1.45,1150,320550
20231229,10:36:41,1.45,200,320550
20231229,10:36:42,1.5,800,320550
20231229,10:36:47,1.45,4600,320550
20231229,10:37:06,1.4,1800,320550
20231229,10:37:18,1.45,50,320550
20231229,10:37:19,1.45,2150,320550
20231229,10:37:21,1.45,550,320550
20231229,10:37:22,1.45,50,320550
20231229,10:37:36,1.4,6450,320550
20231229,10:37:39,1.45,250,320550
20231229,10:37:41,1.45,400,320550
20231229,10:37:46,1.45,1750,320550
20231229,10:37:52,1.45,3750,320550
20231229,10:37:54,1.45,3050,320550
20231229,10:37:55,1.45,1750,320550
20231229,10:37:56,1.45,500,320550
20231229,10:37:57,1.45,250,320550
20231229,10:38:00,1.45,1800,320550
20231229,10:38:06,1.45,800,320550
20231229,10:38:17,1.45,1800,320550
20231229,10:38:18,1.45,300,304800
20231229,10:38:19,1.5,1550,304800
20231229,10:38:22,1.45,1800,304800
20231229,10:38:23,1.45,50,304800
20231229,10:38:28,1.45,250,304800
20231229,10:38:32,1.45,500,304800
20231229,10:38:43,1.45,4300,304800
20231229,10:38:45,1.45,350,304800
20231229,10:38:46,1.45,2200,304800
20231229,10:38:51,1.45,400,304800
20231229,10:39:00,1.4,1800,304800
20231229,10:39:10,1.45,1200,304800
20231229,10:39:19,1.45,3600,304800
20231229,10:39:21,1.45,650,304800
20231229,10:40:00,1.4,5050,304800
20231229,10:40:03,1.4,450,304800
20231229,10:40:04,1.4,2500,304800
20231229,10:40:16,1.4,100,304800
20231229,10:40:19,1.35,50,304800
20231229,10:41:03,1.4,3600,304800
20231229,10:41:04,1.4,900,304800
20231229,10:41:14,1.35,250,304800
20231229,10:41:19,1.4,50,296000
20231229,10:41:28,1.4,50,296000
20231229,10:41:36,1.4,2350,296000
20231229,10:41:36,1.4,1200,296000
20231229,10:41:37,1.4,1150,296000
20231229,10:41:38,1.4,250,296000
20231229,10:41:39,1.4,250,296000
20231229,10:41:52,1.4,50,296000
20231229,10:41:54,1.35,100,296000
20231229,10:41:55,1.35,100,296000
20231229,10:42:06,1.35,50,296000
20231229,10:42:07,1.4,500,296000
20231229,10:42:09,1.35,100,296000
20231229,10:42:22,1.4,400,296000
20231229,10:42:24,1.35,300,296000
20231229,10:42:31,1.4,1400,296000
20231229,10:42:32,1.4,1050,296000
20231229,10:43:04,1.4,350,296000
20231229,10:43:27,1.4,500,296000
20231229,10:43:28,1.4,500,296000
20231229,10:44:13,1.4,350,296000
20231229,10:44:32,1.4,500,297600
20231229,10:44:39,1.45,750,297600
20231229,10:45:17,1.45,150,297600
20231229,10:46:12,1.45,50,297600
20231229,10:47:00,1.45,100,297600
20231229,10:47:01,1.4,50,297600
20231229,10:47:53,1.4,1250,298550
20231229,10:47:56,1.45,150,298550
20231229,10:48:02,1.4,1250,298550
20231229,10:48:09,1.4,1250,298550
20231229,10:48:22,1.4,1250,298550
20231229,10:48:33,1.4,500,298550
20231229,10:49:09,1.4,50,298550
20231229,10:49:13,1.4,200,298550
20231229,10:49:40,1.4,150,298550
20231229,10:49:50,1.4,50,298550
20231229,10:49:52,1.4,1500,298550
20231229,10:50:00,1.4,500,298550
20231229,10:50:07,1.4,500,298550
20231229,10:50:59,1.4,200,296950
20231229,10:53:46,1.4,900,296750
20231229,10:53:49,1.4,1000,296750
20231229,10:54:52,1.45,1800,296750
20231229,10:55:11,1.45,3100,296750
20231229,10:56:03,1.45,100,296750
20231229,10:56:04,1.45,100,296750
20231229,10:56:05,1.45,200,296750
20231229,10:56:06,1.45,400,296750
20231229,10:56:07,1.45,4650,296750
20231229,10:56:08,1.45,300,296750
20231229,10:56:09,1.5,2550,296750
20231229,10:56:10,1.5,400,296750
20231229,10:56:15,1.45,250,296750
20231229,10:56:20,1.45,350,303050
20231229,10:56:21,1.45,650,303050
20231229,10:56:31,1.4,50,303050
20231229,10:56:38,1.45,1000,303050
20231229,10:57:23,1.45,50,303050
20231229,10:57:57,1.45,50,303050
20231229,10:59:05,1.45,100,303050
20231229,10:59:06,1.45,100,303050
20231229,10:59:07,1.45,100,303050
20231229,10:59:10,1.45,100,303050
20231229,10:59:33,1.4,50,303500
20231229,10:59:42,1.4,750,303500
20231229,11:00:07,1.45,1500,303500
20231229,11:00:45,1.45,500,303500
20231229,11:00:53,1.4,50,303500
20231229,11:01:13,1.4,50,303500
20231229,11:01:43,1.45,250,303500
20231229,11:02:05,1.45,100,303500
20231229,11:02:07,1.45,100,303500
20231229,11:02:40,1.45,100,303650
20231229,11:04:41,1.45,50,303650
20231229,11:05:02,1.45,300,303650
20231229,11:05:03,1.45,300,303650
20231229,11:05:04,1.45,300,303650
20231229,11:05:06,1.45,300,303650
20231229,11:05:09,1.45,100,303650
20231229,11:05:10,1.45,200,303650
20231229,11:05:11,1.45,100,303650
20231229,11:05:12,1.45,100,303650
20231229,11:05:21,1.45,50,303800
20231229,11:05:42,1.4,6400,303800
20231229,11:05:43,1.4,300,303800
20231229,11:06:32,1.4,850,303800
20231229,11:06:39,1.4,50,303800
20231229,11:07:03,1.45,850,303800
20231229,11:08:00,1.4,300,303800
20231229,11:08:14,1.4,300,303800
20231229,11:08:16,1.4,850,303800
20231229,11:08:30,1.45,50,303800
20231229,11:08:44,1.4,2900,305050
20231229,11:08:45,1.4,1850,305050
20231229,11:08:48,1.4,1800,305050
20231229,11:10:10,1.4,1200,305050
20231229,11:10:15,1.4,200,305050
20231229,11:10:22,1.4,400,305050
20231229,11:10:36,1.4,200,305050
20231229,11:10:46,1.4,1800,305050
20231229,11:10:55,1.4,1800,305050
20231229,11:10:59,1.4,1800,305050
20231229,11:11:01,1.4,800,305050
20231229,11:11:10,1.4,400,305050
20231229,11:11:21,1.4,1800,305050
20231229,11:11:25,1.4,1800,303900
20231229,11:11:29,1.4,500,303900
20231229,11:12:15,1.4,1800,303900
20231229,11:12:51,1.4,500,303900
20231229,11:13:23,1.4,150,303900
20231229,11:13:29,1.4,500,303900
20231229,11:13:30,1.4,2350,303900
20231229,11:13:52,1.4,200,303900
20231229,11:13:57,1.35,50,303900
20231229,11:15:28,1.4,1050,303150
20231229,11:15:41,1.35,500,303150
20231229,11:16:04,1.35,500,303150
20231229,11:16:14,1.35,600,303150
20231229,11:16:16,1.35,50,303150
20231229,11:16:17,1.35,250,303150
20231229,11:16:22,1.35,100,303150
20231229,11:17:49,1.35,500,303150
20231229,11:17:55,1.35,500,302650
20231229,11:18:20,1.4,50,302650
20231229,11:19:13,1.35,1200,302650
20231229,11:19:18,1.35,50,302650
20231229,11:19:27,1.4,500,302650
20231229,11:19:28,1.35,50,302650
20231229,11:19:49,1.35,950,302650
20231229,11:20:12,1.35,50,302650
20231229,11:20:16,1.35,400,302650
20231229,11:20:23,1.35,1700,302650
20231229,11:20:42,1.35,550,302950
20231229,11:21:06,1.35,500,302950
20231229,11:21:39,1.4,50,302950
20231229,11:21:48,1.35,1500,302950
20231229,11:22:43,1.35,1500,302950
20231229,11:23:04,1.35,500,302950
20231229,11:23:06,1.4,50,302950
20231229,11:24:56,1.35,50,302950
20231229,11:25:55,1.35,3200,303900
20231229,11:26:06,1.35,50,303900
20231229,11:26:09,1.35,500,303900
20231229,11:26:54,1.4,100,303900
20231229,11:27:45,1.4,50,306500
20231229,11:28:01,1.35,1300,306500
20231229,11:29:48,1.35,100,306750
20231229,11:29:51,1.35,50,306750
20231229,11:30:03,1.35,500,306750
20231229,11:30:13,1.35,50,306750
20231229,11:30:26,1.35,8500,306750
20231229,11:30:45,1.3,32600,306750
20231229,11:30:45,1.3,18150,306750
20231229,11:30:46,1.25,700,306750
20231229,11:30:47,1.25,500,306750
20231229,11:30:48,1.3,750,306750
20231229,11:30:49,1.3,250,306750
20231229,11:30:50,1.3,250,306750
20231229,11:31:00,1.3,1800,306750
20231229,11:31:27,1.3,200,306750
20231229,11:31:32,1.3,450,306750
20231229,11:31:37,1.3,250,306750
20231229,11:31:41,1.25,500,306750
20231229,11:32:02,1.25,50,306750
20231229,11:32:02,1.3,250,306750
20231229,11:32:03,1.3,250,306750
20231229,11:32:04,1.25,50,306750
20231229,11:32:08,1.3,800,306750
20231229,11:32:11,1.3,250,306750
20231229,11:32:18,1.25,100,306750
20231229,11:32:27,1.25,100,314700
20231229,11:32:29,1.25,50,314700
20231229,11:32:39,1.25,5050,314700
20231229,11:32:39,1.25,1800,314700
20231229,11:33:01,1.25,31500,314700
20231229,11:33:02,1.2,600,314700
20231229,11:33:04,1.2,250,314700
20231229,11:33:05,1.25,350,314700
20231229,11:33:06,1.25,250,314700
20231229,11:33:08,1.25,1800,314700
20231229,11:33:10,1.25,1300,314700
20231229,11:33:22,1.2,1250,314700
20231229,11:33:23,1.25,1000,314700
20231229,11:33:35,1.25,500,314700
20231229,11:33:45,1.25,100,314700
20231229,11:33:46,1.25,250,314700
20231229,11:33:52,1.2,450,314700
20231229,11:33:53,1.25,250,314700
20231229,11:33:54,1.25,250,314700
20231229,11:33:56,1.25,250,314700
20231229,11:33:58,1.25,250,314700
20231229,11:34:09,1.25,1800,314700
20231229,11:34:11,1.25,250,314700
20231229,11:34:23,1.25,250,314700
20231229,11:34:25,1.25,100,314700
20231229,11:34:29,1.25,250,314700
20231229,11:34:38,1.25,350,314700
20231229,11:34:41,1.25,250,314700
20231229,11:35:21,1.2,16350,314700
20231229,11:35:35,1.2,300,339800
20231229,11:35:46,1.2,250,339800
20231229,11:36:26,1.2,50,339800
20231229,11:36:36,1.2,9550,339800
20231229,11:36:51,1.15,4150,339800
20231229,11:36:52,1.15,5800,339800
20231229,11:36:53,1.15,8900,339800
20231229,11:36:54,1.15,5400,339800
20231229,11:36:55,1.15,7200,339800
20231229,11:36:56,1.15,3600,339800
20231229,11:36:57,1.15,11450,339800
20231229,11:36:58,1.15,7200,339800
20231229,11:36:59,1.15,6950,339800
20231229,11:37:00,1.15,9950,339800
20231229,11:37:01,1.15,6950,339800
20231229,11:37:02,1.15,2400,339800
20231229,11:37:04,1.15,250,339800
20231229,11:37:05,1.1,300,339800
20231229,11:37:07,1.1,250,339800
20231229,11:37:11,1.1,23300,339800
20231229,11:37:12,1.1,3600,339800
20231229,11:37:15,1.1,1800,339800
20231229,11:37:16,1.1,8150,339800
20231229,11:37:19,1.1,3150,339800
20231229,11:37:20,1.05,100,339800
20231229,11:37:21,1.05,350,339800
20231229,11:37:24,1.05,500,339800
20231229,11:37:30,1.05,50,339800
20231229,11:37:45,1.1,1250,339800
20231229,11:37:48,1.1,12400,339800
20231229,11:37:49,1.1,9400,339800
20231229,11:37:53,1.1,1300,339800
20231229,11:37:56,1.05,1000,339800
20231229,11:38:00,1.1,400,339800
20231229,11:38:09,1.1,250,339800
20231229,11:38:10,1.1,5550,339800
20231229,11:38:12,1.1,50,339800
20231229,11:38:18,1.1,600,339800
20231229,11:38:52,1.1,10550,413100
20231229,11:39:08,1.1,500,413100
20231229,11:39:13,1.1,250,413100
20231229,11:39:18,1.1,200,413100
20231229,11:39:22,1.05,50,413100
20231229,11:39:25,1.1,350,413100
20231229,11:39:41,1.1,250,413100
20231229,11:40:02,1.1,250,413100
20231229,11:40:18,1.1,250,413100
20231229,11:40:28,1.1,250,413100
20231229,11:40:32,1.1,1800,413100
20231229,11:40:40,1.1,1800,413100
20231229,11:40:45,1.1,750,413100
20231229,11:40:59,1.1,2800,413100
20231229,11:41:04,1.1,1500,413100
20231229,11:41:10,1.1,50,413100
20231229,11:41:11,1.1,5300,413100
20231229,11:41:19,1.1,50,413100
20231229,11:41:27,1.15,1600,410050
20231229,11:41:39,1.1,50,410050
20231229,11:41:41,1.15,100,410050
20231229,11:41:54,1.15,200,410050
20231229,11:43:32,1.15,50,410050
20231229,11:43:46,1.15,200,410050
20231229,11:43:51,1.15,100,410050
20231229,11:44:08,1.15,150,410050
20231229,11:44:28,1.15,50,410650
20231229,11:45:26,1.15,50,410650
20231229,11:45:41,1.1,50,410650
20231229,11:45:49,1.15,50,410650
20231229,11:45:58,1.1,50,410650
20231229,11:46:10,1.1,250,410650
20231229,11:46:18,1.1,50,410650
20231229,11:46:22,1.15,50,410650
20231229,11:46:37,1.1,50,410650
20231229,11:46:58,1.15,500,410650
20231229,11:47:25,1.1,50,410650
20231229,11:48:02,1.15,50,410650
20231229,11:48:12,1.1,50,410650
20231229,11:48:22,1.15,50,410650
20231229,11:48:30,1.1,50,410650
20231229,11:48:40,1.15,50,410650
20231229,11:48:52,1.15,50,410650
20231229,11:48:55,1.15,50,410650
20231229,11:49:02,1.1,50,410650
20231229,11:49:16,1.15,50,410650
20231229,11:49:18,1.15,100,410650
20231229,11:49:23,1.1,50,410650
20231229,11:49:34,1.15,50,410650
20231229,11:49:37,1.15,50,410650
20231229,11:49:46,1.1,50,410650
20231229,11:49:57,1.15,50,410650
20231229,11:50:05,1.1,50,410650
20231229,11:50:15,1.15,50,410650
20231229,11:50:18,1.1,50,410650
20231229,11:50:26,1.1,50,410650
20231229,11:50:42,1.15,100,410650
20231229,11:51:06,1.1,1500,410650
20231229,11:51:44,1.1,50,410650
20231229,11:52:20,1.1,50,410650
20231229,11:52:30,1.1,1000,410650
20231229,11:52:31,1.15,50,410650
20231229,11:52:39,1.1,50,410650
20231229,11:52:57,1.1,750,410650
20231229,11:52:58,1.1,1800,410650
20231229,11:53:55,1.15,50,410600
20231229,11:54:09,1.15,50,410600
20231229,11:54:37,1.1,50,410600
20231229,11:54:44,1.15,50,410600
20231229,11:55:11,1.15,1000,410600
20231229,11:55:28,1.15,600,410600
20231229,11:55:41,1.15,50,410600
20231229,11:55:55,1.15,50,410600
20231229,11:56:06,1.15,50,410600
20231229,11:56:17,1.15,50,410600
20231229,11:56:23,1.15,50,410600
20231229,11:56:30,1.15,50,410550
20231229,11:56:35,1.15,50,410550
20231229,11:56:38,1.15,50,410550
20231229,11:56:40,1.15,200,410550
20231229,11:56:44,1.15,500,410550
20231229,11:56:47,1.15,250,410550
20231229,11:56:50,1.15,450,410550
20231229,11:56:56,1.15,300,410550
20231229,11:56:57,1.15,1000,410550
20231229,11:57:01,1.15,100,410550
20231229,11:57:03,1.15,450,410550
20231229,11:57:06,1.15,300,410550
20231229,11:57:09,1.15,300,410550
20231229,11:57:11,1.15,100,410550
20231229,11:57:12,1.15,450,410550
20231229,11:57:18,1.15,100,410550
20231229,11:57:19,1.15,450,410550
20231229,11:57:22,1.1,500,410550
20231229,11:57:28,1.15,250,410550
20231229,11:57:55,1.15,100,410550
20231229,11:57:57,1.15,50,410550
20231229,11:58:21,1.1,50,410550
20231229,11:59:06,1.1,100,410550
20231229,11:59:23,1.15,50,410550
20231229,11:59:24,1.15,50,410550
20231229,12:00:04,1.15,1800,411650
20231229,12:00:48,1.15,50,411650
20231229,12:00:50,1.15,1800,411650
20231229,12:00:51,1.15,5800,411650
20231229,12:00:52,1.15,2150,411650
20231229,12:00:54,1.15,9000,411650
20231229,12:00:55,1.15,600,411650
20231229,12:00:56,1.15,4100,411650
20231229,12:00:57,1.15,250,411650
20231229,12:01:02,1.15,2950,411650
20231229,12:01:31,1.15,100,411650
20231229,12:01:48,1.1,500,411650
20231229,12:02:14,1.1,100,411650
20231229,12:02:30,1.15,100,413850
20231229,12:03:34,1.15,250,413850
20231229,12:04:10,1.15,200,413850
20231229,12:04:31,1.15,50,413850
20231229,12:07:41,1.15,500,414350
20231229,12:08:16,1.15,100,414350
20231229,12:08:27,1.15,250,414350
20231229,12:09:04,1.15,300,415050
20231229,12:09:17,1.15,50,415050
20231229,12:09:46,1.1,600,415050
20231229,12:10:04,1.15,10000,415050
20231229,12:11:26,1.15,50,415050
20231229,12:12:01,1.1,450,417450
20231229,12:12:06,1.1,500,417450
20231229,12:12:10,1.1,550,417450
20231229,12:12:13,1.1,500,417450
20231229,12:12:18,1.1,300,417450
20231229,12:12:20,1.1,450,417450
20231229,12:12:22,1.1,300,417450
20231229,12:12:23,1.1,300,417450
20231229,12:12:24,1.1,500,417450
20231229,12:12:26,1.1,700,417450
20231229,12:12:38,1.1,50,417450
20231229,12:14:00,1.15,900,417450
20231229,12:14:19,1.15,650,417450
20231229,12:14:36,1.1,350,417450
20231229,12:14:59,1.1,50,413900
20231229,12:15:02,1.1,50,413900
20231229,12:15:44,1.1,1850,413900
20231229,12:15:48,1.15,1250,413900
20231229,12:16:17,1.15,50,413900
20231229,12:16:21,1.1,1850,413900
20231229,12:16:58,1.1,8950,413900
20231229,12:16:59,1.1,2250,413900
20231229,12:17:03,1.1,1800,413900
20231229,12:18:03,1.1,50,413750
20231229,12:18:55,1.15,500,413750
20231229,12:19:22,1.15,950,413750
20231229,12:19:34,1.15,50,413750
20231229,12:19:34,1.15,550,413750
20231229,12:19:58,1.15,500,413750
20231229,12:20:03,1.15,50,413750
20231229,12:20:15,1.15,100,413750
20231229,12:20:17,1.15,50,413750
20231229,12:20:35,1.1,3300,413750
20231229,12:20:58,1.1,50,413350
20231229,12:21:05,1.05,1800,413350
20231229,12:21:11,1.05,50,413350
20231229,12:21:21,1.1,50,413350
20231229,12:21:25,1.05,50,413350
20231229,12:21:43,1.1,50,413350
20231229,12:21:48,1.05,50,413350
20231229,12:21:51,1.05,50,413350
20231229,12:22:52,1.05,50,413350
20231229,12:24:28,1.1,550,413350
20231229,12:25:05,1.05,200,412000
20231229,12:25:07,1.05,150,412000
20231229,12:25:08,1.05,150,412000
20231229,12:25:09,1.05,150,412000
20231229,12:25:12,1.05,50,412000
20231229,12:28:10,1.1,50,412250
20231229,12:28:54,1.05,50,412250
20231229,12:28:55,1.1,50,412250
20231229,12:29:08,1.1,1800,412250
20231229,12:29:59,1.1,3850,414000
20231229,12:30:02,1.1,900,414000
20231229,12:30:04,1.1,3900,414000
20231229,12:30:48,1.15,3600,414000
20231229,12:30:48,1.15,2000,414000
20231229,12:30:49,1.15,1800,414000
20231229,12:30:51,1.15,2450,414000
20231229,12:31:04,1.2,3600,414000
20231229,12:31:05,1.2,3600,414000
20231229,12:31:07,1.2,3600,414000
20231229,12:31:11,1.15,3400,414000
20231229,12:31:19,1.2,1800,414000
20231229,12:31:26,1.15,1800,414000
20231229,12:31:27,1.15,1800,414000
20231229,12:31:29,1.15,2300,414000
20231229,12:31:30,1.15,150,414000
20231229,12:32:03,1.15,350,414000
20231229,12:32:06,1.15,300,414000
20231229,12:32:22,1.15,250,414000
20231229,12:32:23,1.15,1800,414000
20231229,12:32:30,1.15,250,414000
20231229,12:32:35,1.15,250,413000
20231229,12:32:36,1.15,3750,413000
20231229,12:32:37,1.15,750,413000
20231229,12:36:15,1.15,1050,413000
20231229,12:36:49,1.1,350,413200
20231229,12:37:47,1.15,1450,413200
20231229,12:38:15,1.15,9450,413200
20231229,12:38:16,1.15,3600,413200
20231229,12:38:17,1.15,300,413200
20231229,12:38:45,1.15,2050,414450
20231229,12:41:25,1.2,100,414450
20231229,12:41:26,1.2,50,414450
20231229,12:43:55,1.2,100,414450
20231229,12:44:04,1.2,1800,415700
20231229,12:44:11,1.2,50,415700
20231229,12:44:12,1.2,50,415700
20231229,12:44:13,1.2,100,415700
20231229,12:44:14,1.2,100,415700
20231229,12:44:15,1.2,100,415700
20231229,12:44:27,1.2,650,415700
20231229,12:44:28,1.2,20750,415700
20231229,12:44:52,1.25,50,413150
20231229,12:44:53,1.25,50,413150
20231229,12:44:54,1.25,50,413150
20231229,12:44:55,1.25,50,413150
20231229,12:44:56,1.25,50,413150
20231229,12:44:57,1.25,50,413150
20231229,12:44:58,1.25,50,413150
20231229,12:44:59,1.25,50,413150
20231229,12:45:00,1.25,50,413150
20231229,12:45:01,1.25,50,413150
20231229,12:45:02,1.25,50,413150
20231229,12:45:03,1.25,50,413150
20231229,12:45:04,1.25,50,413150
20231229,12:45:05,1.25,50,413150
20231229,12:45:06,1.25,50,413150
20231229,12:45:07,1.25,50,413150
20231229,12:45:08,1.25,50,413150
20231229,12:45:09,1.25,50,413150
20231229,12:45:10,1.25,1850,413150
20231229,12:45:11,1.25,1850,413150
20231229,12:45:12,1.25,1850,413150
20231229,12:45:13,1.25,50,413150
20231229,12:45:14,1.25,50,413150
20231229,12:45:15,1.25,50,413150
20231229,12:45:16,1.25,50,413150
20231229,12:45:17,1.25,50,413150
20231229,12:45:18,1.25,100,413150
20231229,12:45:19,1.25,100,413150
20231229,12:45:20,1.25,100,413150
20231229,12:45:21,1.25,100,413150
20231229,12:45:22,1.25,100,413150
20231229,12:45:23,1.25,50,413150
20231229,12:45:24,1.25,50,413150
20231229,12:45:25,1.25,50,413150
20231229,12:45:26,1.25,50,413150
20231229,12:45:27,1.25,100,413150
20231229,12:45:28,1.25,100,413150
20231229,12:45:29,1.2,150,413150
20231229,12:45:30,1.25,100,413150
20231229,12:45:31,1.25,50,413150
20231229,12:45:32,1.25,50,413150
20231229,12:45:33,1.25,50,413150
20231229,12:45:34,1.25,50,413150
20231229,12:45:35,1.25,50,413150
20231229,12:45:36,1.25,50,413150
20231229,12:45:37,1.25,50,413150
20231229,12:45:38,1.25,50,413150
20231229,12:45:39,1.25,50,413150
20231229,12:45:40,1.25,50,413150
20231229,12:45:41,1.25,50,413150
20231229,12:45:42,1.25,50,413150
20231229,12:45:43,1.25,50,413150
20231229,12:45:44,1.25,50,413150
20231229,12:45:45,1.25,50,413150
20231229,12:45:46,1.25,50,413150
20231229,12:45:47,1.25,50,413150
20231229,12:45:48,1.25,50,413150
20231229,12:45:49,1.25,50,413150
20231229,12:45:50,1.25,50,413150
20231229,12:45:51,1.25,50,413150
20231229,12:45:52,1.25,50,413150
20231229,12:45:53,1.25,50,413150
20231229,12:45:54,1.25,50,413150
20231229,12:45:55,1.25,50,413150
20231229,12:45:56,1.25,50,413150
20231229,12:45:57,1.25,50,413150
20231229,12:45:58,1.2,12100,413150
20231229,12:46:03,1.25,50,413150
20231229,12:46:04,1.25,50,413150
20231229,12:46:05,1.25,450,413150
20231229,12:46:06,1.25,1850,413150
20231229,12:46:07,1.25,50,413150
20231229,12:46:08,1.25,50,413150
20231229,12:46:09,1.25,50,413150
20231229,12:46:10,1.25,50,413150
20231229,12:46:11,1.25,50,413150
20231229,12:46:12,1.25,50,413150
20231229,12:46:13,1.25,50,413150
20231229,12:46:14,1.25,50,413150
20231229,12:46:15,1.25,50,413150
20231229,12:46:17,1.25,50,413150
20231229,12:46:19,1.25,100,413150
20231229,12:46:22,1.25,50,413150
20231229,12:46:23,1.25,50,413150
20231229,12:46:24,1.25,50,413150
20231229,12:46:25,1.25,50,413150
20231229,12:46:26,1.25,50,413150
20231229,12:46:27,1.25,50,413150
20231229,12:46:28,1.25,50,413150
20231229,12:46:29,1.25,50,413150
20231229,12:46:30,1.25,50,413150
20231229,12:46:31,1.25,50,413150
20231229,12:46:32,1.25,50,413150
20231229,12:46:33,1.25,100,413150
20231229,12:46:34,1.25,100,413150
20231229,12:46:35,1.25,50,413150
20231229,12:46:36,1.25,50,413150
20231229,12:46:37,1.25,50,413150
20231229,12:46:38,1.25,50,413150
20231229,12:46:39,1.25,50,413150
20231229,12:46:40,1.25,50,413150
20231229,12:46:41,1.25,50,413150
20231229,12:46:42,1.25,50,413150
20231229,12:46:43,1.25,50,413150
20231229,12:46:44,1.25,50,413150
20231229,12:46:45,1.25,50,413150
20231229,12:46:46,1.25,50,413150
20231229,12:46:47,1.25,50,413150
20231229,12:46:48,1.25,50,413150
20231229,12:46:49,1.25,50,413150
20231229,12:46:50,1.25,50,413150
20231229,12:46:51,1.25,50,413150
20231229,12:46:52,1.25,50,413150
20231229,12:46:53,1.25,50,413150
20231229,12:46:54,1.25,50,413150
20231229,12:46:55,1.25,50,413150
20231229,12:46:56,1.25,50,413150
20231229,12:46:57,1.25,50,413150
20231229,12:46:58,1.25,50,413150
20231229,12:46:59,1.25,50,413150
20231229,12:47:00,1.25,50,413150
20231229,12:47:01,1.25,50,413150
20231229,12:47:02,1.25,50,413150
20231229,12:47:03,1.25,50,413150
20231229,12:47:04,1.25,50,413150
20231229,12:47:05,1.25,400,413150
20231229,12:47:06,1.25,50,413150
20231229,12:47:07,1.25,50,413150
20231229,12:47:08,1.25,50,413150
20231229,12:47:09,1.25,50,413150
20231229,12:47:10,1.25,50,413150
20231229,12:47:11,1.25,50,413150
20231229,12:47:12,1.25,50,413150
20231229,12:47:13,1.25,50,413150
20231229,12:47:14,1.25,50,413150
20231229,12:47:15,1.25,50,413150
20231229,12:47:16,1.25,50,413150
20231229,12:47:17,1.25,50,413150
20231229,12:47:18,1.25,50,413150
20231229,12:47:19,1.25,50,413150
20231229,12:47:20,1.25,50,413150
20231229,12:47:21,1.25,300,413150
20231229,12:47:22,1.25,50,413150
20231229,12:47:23,1.25,50,413150
20231229,12:47:24,1.25,50,413150
20231229,12:47:25,1.25,50,413150
20231229,12:47:26,1.2,300,413150
20231229,12:47:27,1.25,1050,413150
20231229,12:47:28,1.25,50,413150
20231229,12:47:29,1.25,50,413150
20231229,12:47:30,1.25,50,413150
20231229,12:47:31,1.25,50,413150
20231229,12:47:32,1.25,50,413150
20231229,12:47:33,1.25,50,413150
20231229,12:47:34,1.25,50,413150
20231229,12:47:35,1.25,50,416050
20231229,12:47:36,1.25,50,416050
20231229,12:47:37,1.25,50,416050
20231229,12:47:38,1.25,50,416050
20231229,12:47:39,1.25,50,416050
20231229,12:47:40,1.25,50,416050
20231229,12:47:41,1.25,50,416050
20231229,12:47:42,1.25,50,416050
20231229,12:47:43,1.25,50,416050
20231229,12:47:44,1.25,50,416050
20231229,12:47:45,1.25,50,416050
20231229,12:47:46,1.25,50,416050
20231229,12:47:47,1.25,50,416050
20231229,12:47:48,1.25,50,416050
20231229,12:47:49,1.25,50,416050
20231229,12:47:50,1.25,50,416050
20231229,12:47:51,1.25,50,416050
20231229,12:47:52,1.2,300,416050
20231229,12:47:53,1.25,50,416050
20231229,12:47:54,1.25,50,416050
20231229,12:47:55,1.25,50,416050
20231229,12:47:56,1.25,50,416050
20231229,12:47:57,1.25,50,416050
20231229,12:47:58,1.25,50,416050
20231229,12:47:59,1.25,50,416050
20231229,12:48:00,1.25,50,416050
20231229,12:48:01,1.25,50,416050
20231229,12:48:02,1.25,50,416050
20231229,12:48:03,1.25,50,416050
20231229,12:48:04,1.25,50,416050
20231229,12:48:05,1.25,50,416050
20231229,12:48:06,1.25,50,416050
20231229,12:48:07,1.25,50,416050
20231229,12:48:08,1.25,50,416050
20231229,12:48:09,1.2,100,416050
20231229,12:48:10,1.25,50,416050
20231229,12:48:11,1.25,50,416050
20231229,12:48:12,1.25,50,416050
20231229,12:48:13,1.25,50,416050
20231229,12:48:14,1.25,50,416050
20231229,12:48:15,1.25,50,416050
20231229,12:48:16,1.25,50,416050
20231229,12:48:17,1.25,50,416050
20231229,12:48:18,1.25,50,416050
20231229,12:48:19,1.25,50,416050
20231229,12:48:20,1.25,50,416050
20231229,12:48:21,1.25,50,416050
20231229,12:48:22,1.25,50,416050
20231229,12:48:23,1.25,50,416050
20231229,12:48:24,1.25,50,416050
20231229,12:48:25,1.25,50,416050
20231229,12:48:26,1.25,50,416050
20231229,12:48:27,1.25,50,416050
20231229,12:48:28,1.25,50,416050
20231229,12:48:29,1.25,50,416050
20231229,12:48:30,1.25,50,416050
20231229,12:48:31,1.25,50,416050
20231229,12:48:32,1.25,50,416050
20231229,12:48:33,1.25,50,416050
20231229,12:48:34,1.25,50,416050
20231229,12:48:35,1.25,50,416050
20231229,12:48:36,1.25,50,416050
20231229,12:48:37,1.25,50,416050
20231229,12:48:38,1.25,50,416050
20231229,12:48:39,1.25,50,416050
20231229,12:48:40,1.25,50,416050
20231229,12:48:41,1.25,50,416050
20231229,12:48:42,1.25,50,416050
20231229,12:48:43,1.25,50,416050
20231229,12:48:44,1.25,50,416050
20231229,12:48:45,1.25,50,416050
20231229,12:48:46,1.25,50,416050
20231229,12:48:47,1.25,50,416050
20231229,12:48:48,1.25,50,416050
20231229,12:48:49,1.25,100,416050
20231229,12:48:50,1.25,50,416050
20231229,12:48:51,1.25,50,416050
20231229,12:48:52,1.25,50,416050
20231229,12:48:53,1.25,50,416050
20231229,12:48:54,1.25,50,416050
20231229,12:48:55,1.25,50,416050
20231229,12:48:56,1.25,50,416050
20231229,12:48:57,1.25,50,416050
20231229,12:48:58,1.25,50,416050
20231229,12:48:59,1.25,50,416050
20231229,12:49:00,1.25,50,416050
20231229,12:49:01,1.25,50,416050
20231229,12:49:02,1.25,50,416050
20231229,12:49:04,1.25,50,416050
20231229,12:49:05,1.2,200,416050
20231229,12:49:08,1.25,50,416050
20231229,12:49:09,1.25,50,416050
20231229,12:49:10,1.25,50,416050
20231229,12:49:11,1.25,50,416050
20231229,12:49:12,1.25,50,416050
20231229,12:49:13,1.25,50,416050
20231229,12:49:14,1.25,50,416050
20231229,12:49:15,1.25,50,416050
20231229,12:49:16,1.25,50,416050
20231229,12:49:17,1.25,50,416050
20231229,12:49:18,1.25,100,416050
20231229,12:49:19,1.25,100,416050
20231229,12:49:20,1.25,100,416050
20231229,12:49:21,1.25,100,416050
20231229,12:49:22,1.25,50,416050
20231229,12:49:23,1.25,50,416050
20231229,12:49:24,1.25,50,416050
20231229,12:49:25,1.25,50,416050
20231229,12:49:26,1.25,50,416050
20231229,12:49:27,1.25,100,416050
20231229,12:49:28,1.25,100,416050
20231229,12:49:29,1.25,150,416050
20231229,12:49:30,1.25,50,416050
20231229,12:49:31,1.25,50,416050
20231229,12:49:32,1.25,50,416050
20231229,12:49:33,1.25,50,416050
20231229,12:49:34,1.25,50,416050
20231229,12:49:35,1.25,50,416050
20231229,12:49:36,1.25,50,416050
