date,time,tick_price,volume,open_interest
20240202,09:31:48,13.0,300,1450
20240202,09:31:58,12.5,850,1450
20240202,09:32:09,12.3,300,1450
20240202,09:32:39,12.3,50,1450
20240202,09:32:49,12.45,150,1450
20240202,09:33:00,12.95,50,1450
20240202,09:33:10,12.55,250,1450
20240202,09:33:31,13.1,50,1450
20240202,09:33:42,13.65,400,1450
20240202,09:33:53,12.9,300,1450
20240202,09:34:14,12.95,50,1450
20240202,09:34:35,13.0,150,1450
20240202,09:34:45,13.0,50,1450
20240202,09:34:55,12.9,200,1450
20240202,09:35:15,12.9,50,1450
20240202,09:36:27,12.75,100,2400
20240202,09:36:48,12.7,100,2400
20240202,09:37:09,11.85,250,2400
20240202,09:37:40,11.85,150,2400
20240202,09:40:34,12.1,50,2750
20240202,09:40:44,11.9,50,2750
20240202,09:41:34,12.0,100,2800
20240202,09:41:54,11.9,50,2800
20240202,09:42:05,11.85,100,2800
20240202,09:47:20,10.0,550,2950
20240202,09:48:19,10.8,450,3450
20240202,09:48:38,11.25,50,3450
20240202,09:48:48,11.2,250,3450
20240202,09:49:47,11.1,50,3450
20240202,09:51:27,11.4,150,3100
20240202,09:53:03,11.55,150,3100
20240202,09:54:12,11.85,100,3050
20240202,09:55:32,11.6,150,3050
20240202,09:56:23,11.6,50,3050
20240202,09:59:01,11.7,4250,3050
20240202,09:59:30,11.7,1200,6500
20240202,10:00:19,11.85,50,6500
20240202,10:01:39,12.0,100,6500
20240202,10:01:50,11.9,100,6500
20240202,10:02:21,11.95,300,6650
20240202,10:03:52,11.7,200,6650
20240202,10:04:43,11.7,100,6650
20240202,10:05:02,11.65,100,6650
20240202,10:05:22,11.55,50,6650
20240202,10:05:32,11.6,150,7000
20240202,10:05:43,11.6,50,7000
20240202,10:06:15,11.75,100,7000
20240202,10:06:25,11.6,50,7000
20240202,10:06:46,11.6,50,7000
20240202,10:06:57,11.5,100,7000
20240202,10:08:44,11.65,100,7250
20240202,10:08:54,11.55,100,7250
20240202,10:09:03,11.6,300,7250
20240202,10:10:22,11.95,100,7250
20240202,10:13:23,11.8,50,7750
20240202,10:14:00,11.85,50,7750
20240202,10:15:26,11.75,100,7650
20240202,10:15:35,11.75,150,7650
20240202,10:17:05,11.55,200,7650
20240202,10:19:26,11.25,50,7700
20240202,10:20:35,11.05,150,7750
20240202,10:21:07,11.15,200,7750
20240202,10:22:22,10.95,50,7750
20240202,10:23:02,10.7,150,7750
20240202,10:23:42,10.9,50,7700
20240202,10:25:28,10.9,50,7700
20240202,10:25:44,10.9,50,7700
20240202,10:26:09,10.9,100,7700
20240202,10:27:24,11.0,50,7900
20240202,10:28:55,11.0,100,7900
20240202,10:29:09,11.0,100,7900
20240202,10:29:17,11.0,100,7900
20240202,10:29:48,11.0,50,8250
20240202,10:30:11,11.0,50,8250
20240202,10:30:19,11.0,600,8250
20240202,10:35:28,10.85,50,8400
20240202,10:53:19,10.4,50,8400
20240202,10:53:26,10.45,250,8400
20240202,10:54:38,10.55,50,8300
20240202,10:55:12,10.55,50,8300
20240202,10:55:30,10.5,800,8300
20240202,10:55:53,10.55,50,8300
20240202,10:56:05,10.6,50,8300
20240202,10:58:26,10.85,50,8150
20240202,10:58:43,10.95,50,8150
20240202,10:58:50,10.95,250,8150
20240202,10:59:03,11.0,250,8150
20240202,10:59:13,10.95,50,8150
20240202,11:01:34,11.0,50,8650
20240202,11:01:40,11.0,350,8650
20240202,11:06:57,11.0,50,9050
20240202,11:07:09,11.0,50,9050
20240202,11:08:29,11.0,50,9050
20240202,11:10:17,11.0,50,9150
20240202,11:10:40,11.1,100,9150
20240202,11:11:13,11.2,100,9150
20240202,11:12:20,11.2,50,9350
20240202,11:13:41,11.65,350,9350
20240202,11:13:51,11.75,100,9350
20240202,11:14:01,12.0,150,9350
20240202,11:14:12,11.75,100,9350
20240202,11:14:32,12.2,50,9800
20240202,11:14:43,12.45,400,9800
20240202,11:16:28,14.2,150,9800
20240202,11:17:47,14.5,50,10350
20240202,11:18:21,14.85,500,10350
20240202,11:19:18,14.85,250,10350
20240202,11:19:29,14.5,100,10350
20240202,11:19:40,14.35,50,10350
20240202,11:19:51,14.15,1550,10350
20240202,11:20:02,14.35,100,10350
20240202,11:20:13,13.7,850,10350
20240202,11:20:24,14.0,250,10350
20240202,11:20:35,13.9,450,12100
20240202,11:20:46,14.0,900,12100
20240202,11:21:19,14.05,300,12100
20240202,11:21:30,13.95,400,12100
20240202,11:21:40,13.8,700,12100
20240202,11:22:11,13.9,50,12100
20240202,11:22:22,14.4,300,12100
20240202,11:22:33,14.5,150,12100
20240202,11:22:44,14.7,1500,12100
20240202,11:23:38,14.8,150,15650
20240202,11:24:00,14.75,50,15650
20240202,11:24:11,14.8,50,15650
20240202,11:24:21,14.6,250,15650
20240202,11:24:53,15.1,550,15650
20240202,11:25:25,15.55,550,15650
20240202,11:25:59,15.55,50,15650
20240202,11:26:29,15.05,100,15650
20240202,11:27:06,14.95,100,16500
20240202,11:27:34,14.95,1000,16500
20240202,11:27:53,15.0,100,16500
20240202,11:28:24,15.0,150,16500
20240202,11:28:27,15.1,50,16500
20240202,11:29:11,15.35,250,16500
20240202,11:29:16,15.55,50,16500
20240202,11:29:18,15.6,50,16500
20240202,11:29:23,15.65,50,16500
20240202,11:29:25,15.65,1000,16500
20240202,11:29:59,15.65,50,15250
20240202,11:30:00,15.65,50,15250
20240202,11:30:02,15.7,400,15250
20240202,11:30:25,15.8,400,15250
20240202,11:30:46,16.1,50,15250
20240202,11:30:53,16.3,50,15250
20240202,11:31:11,16.95,250,15250
20240202,11:31:21,16.95,100,15250
20240202,11:31:23,17.0,450,15250
20240202,11:31:30,17.1,350,15250
20240202,11:31:33,17.15,600,15250
20240202,11:31:54,17.55,50,15250
20240202,11:32:03,17.95,50,15250
20240202,11:32:04,17.95,50,15250
20240202,11:32:06,17.95,100,15250
20240202,11:32:11,18.15,50,15250
20240202,11:32:14,18.15,50,15250
20240202,11:32:24,18.1,500,15250
20240202,11:32:27,17.9,550,15250
20240202,11:32:29,17.95,50,15250
20240202,11:32:31,18.0,50,12550
20240202,11:32:34,17.95,300,12550
20240202,11:32:36,17.95,250,12550
20240202,11:32:47,17.85,250,12550
20240202,11:33:28,18.1,50,12550
20240202,11:33:53,18.1,50,12550
20240202,11:33:56,18.1,450,12550
20240202,11:33:58,18.1,250,12550
20240202,11:34:20,18.5,50,12550
20240202,11:34:43,18.55,50,12550
20240202,11:35:08,18.85,100,12550
20240202,11:35:19,18.85,850,12550
20240202,11:35:31,18.55,100,12550
20240202,11:35:43,18.9,300,10650
20240202,11:36:40,18.95,50,10650
20240202,11:36:51,19.05,50,10650
20240202,11:37:14,19.2,100,10650
20240202,11:37:38,19.45,50,10650
20240202,11:38:01,20.15,50,10650
20240202,11:38:14,20.55,250,10650
20240202,11:38:27,21.15,400,10650
20240202,11:38:40,21.15,450,10800
20240202,11:38:51,20.0,3350,10800
20240202,11:39:03,20.45,350,10800
20240202,11:39:16,21.1,250,10800
20240202,11:39:29,21.4,500,10800
20240202,11:39:52,21.7,50,10800
20240202,11:40:04,21.85,100,10800
20240202,11:40:17,22.3,2050,10800
20240202,11:40:30,23.4,600,10800
20240202,11:40:43,23.35,450,10800
20240202,11:40:55,23.35,150,10800
20240202,11:41:08,23.35,100,10800
20240202,11:41:19,22.9,50,10800
20240202,11:42:05,24.0,100,15850
20240202,11:42:16,24.0,350,15850
20240202,11:42:39,24.5,150,15850
20240202,11:42:50,24.5,500,15850
20240202,11:43:02,23.3,2350,15850
20240202,11:43:04,23.1,700,15850
20240202,11:43:07,23.0,100,15850
20240202,11:43:09,22.75,250,15850
20240202,11:43:11,22.5,200,15850
20240202,11:43:12,22.4,250,15850
20240202,11:43:14,22.05,150,15850
20240202,11:43:16,21.95,50,15850
20240202,11:43:17,21.4,100,15850
20240202,11:43:19,21.25,200,15850
20240202,11:43:22,20.6,200,15850
20240202,11:43:24,20.0,300,15850
20240202,11:43:26,20.0,350,15850
20240202,11:43:29,20.0,50,15850
20240202,11:43:31,19.85,50,15850
20240202,11:43:32,19.7,50,15850
20240202,11:43:36,19.6,50,15850
20240202,11:43:37,19.85,50,15850
20240202,11:43:39,20.1,950,15850
20240202,11:43:45,19.9,300,15850
20240202,11:43:47,19.55,350,15850
20240202,11:43:50,19.2,200,15850
20240202,11:43:52,18.9,100,15850
20240202,11:43:54,18.7,100,15850
20240202,11:43:56,18.75,250,15850
20240202,11:43:57,18.85,50,15850
20240202,11:43:59,18.95,100,15850
20240202,11:44:01,18.95,50,15850
20240202,11:44:02,19.15,100,15850
20240202,11:44:04,19.05,500,15850
20240202,11:44:07,19.35,600,15850
20240202,11:44:11,19.3,900,15850
20240202,11:44:16,19.35,300,15850
20240202,11:44:19,19.4,200,15850
20240202,11:44:21,19.5,350,15850
20240202,11:44:22,19.5,400,15850
20240202,11:44:29,19.2,250,15850
20240202,11:44:39,18.9,50,18550
20240202,11:44:53,18.85,50,18550
20240202,11:45:09,18.75,350,18550
20240202,11:45:32,18.85,250,18550
20240202,11:45:55,18.95,250,18550
20240202,11:46:07,18.4,750,18550
20240202,11:46:19,18.55,100,18550
20240202,11:46:30,18.55,100,18550
20240202,11:46:41,18.65,50,18550
20240202,11:47:15,19.55,950,18550
20240202,11:47:27,19.6,100,18550
20240202,11:47:38,19.7,450,18550
20240202,11:47:50,20.05,50,18550
20240202,11:48:01,20.25,50,18550
20240202,11:48:20,20.15,50,18550
20240202,11:48:21,20.1,100,18550
20240202,11:48:25,19.95,200,18550
20240202,11:48:48,20.0,50,18550
20240202,11:48:55,19.95,50,18550
20240202,11:49:10,19.25,200,18550
20240202,11:49:22,19.05,50,18550
20240202,11:49:33,18.55,350,18550
20240202,11:49:56,18.2,250,18550
20240202,11:50:02,17.7,50,18550
20240202,11:50:06,17.65,300,18550
20240202,11:50:11,17.65,200,18550
20240202,11:50:17,17.85,50,18550
20240202,11:50:22,17.95,200,18550
20240202,11:50:28,18.2,50,18550
20240202,11:50:38,17.95,100,18350
20240202,11:50:39,17.85,50,18350
20240202,11:50:43,18.0,50,18350
20240202,11:50:46,18.05,100,18350
20240202,11:50:51,18.15,50,18350
20240202,11:50:54,18.25,150,18350
20240202,11:50:56,18.3,50,18350
20240202,11:51:29,17.9,100,18350
20240202,11:52:12,17.95,50,18350
20240202,11:52:34,18.1,100,18350
20240202,11:52:45,18.15,100,18350
20240202,11:53:41,17.5,150,18600
20240202,11:53:52,17.2,900,18600
20240202,11:54:03,16.7,150,18600
20240202,11:54:04,16.8,50,18600
20240202,11:54:06,16.8,350,18600
20240202,11:54:08,16.85,700,18600
20240202,11:54:13,17.15,1950,18600
20240202,11:54:18,17.4,50,18600
20240202,11:54:23,17.1,150,18600
20240202,11:54:44,17.4,450,18600
20240202,11:54:49,17.55,150,18600
20240202,11:54:54,17.6,100,18600
20240202,11:54:56,17.7,100,18600
20240202,11:55:13,17.85,50,18600
20240202,11:55:16,17.85,50,18600
20240202,11:55:24,17.95,150,18600
20240202,11:55:51,17.85,50,18600
20240202,11:56:32,18.5,150,18600
20240202,11:56:55,18.9,50,18600
20240202,11:57:08,18.85,150,19300
20240202,11:57:49,19.55,600,19300
20240202,11:58:02,19.55,50,19300
20240202,11:58:09,19.8,50,19300
20240202,11:58:44,19.85,150,19300
20240202,11:58:47,19.75,550,19300
20240202,11:58:50,19.7,100,19300
20240202,11:59:00,19.35,100,19300
20240202,11:59:34,20.05,300,19300
20240202,11:59:44,19.85,150,19500
20240202,11:59:45,19.8,50,19500
20240202,11:59:49,19.75,250,19500
20240202,11:59:55,20.05,50,19500
20240202,12:00:04,20.15,450,19500
20240202,12:00:09,19.95,150,19500
20240202,12:00:14,20.05,600,19500
20240202,12:00:44,20.0,350,19500
20240202,12:00:55,20.3,100,19500
20240202,12:01:10,20.25,200,19500
20240202,12:01:20,20.5,100,19500
20240202,12:01:41,20.3,100,19500
20240202,12:01:51,20.3,300,19500
20240202,12:02:50,20.75,50,19500
20240202,12:03:00,20.7,700,19500
20240202,12:03:39,20.4,400,19500
20240202,12:04:19,20.15,50,19500
20240202,12:04:29,20.0,550,19500
20240202,12:04:39,20.25,50,19500
20240202,12:04:50,20.3,50,19500
20240202,12:05:55,19.9,500,19150
20240202,12:06:55,18.85,200,19150
20240202,12:07:03,18.7,50,19150
20240202,12:07:19,18.55,600,19150
20240202,12:07:35,18.5,50,19150
20240202,12:07:43,18.35,50,19150
20240202,12:07:51,18.25,100,19150
20240202,12:08:00,17.9,150,19150
20240202,12:08:15,18.2,250,19150
20240202,12:08:23,18.2,100,19150
20240202,12:08:31,18.25,750,19150
20240202,12:08:39,18.25,50,19600
20240202,12:09:10,18.65,100,19600
20240202,12:09:18,18.7,50,19600
20240202,12:09:26,18.3,150,19600
20240202,12:09:49,18.2,350,19600
20240202,12:10:19,17.95,50,19600
20240202,12:10:34,18.15,50,19600
20240202,12:10:48,18.2,350,19600
20240202,12:11:25,18.25,250,19600
20240202,12:12:11,17.65,50,19600
20240202,12:12:32,17.8,250,19600
20240202,12:12:59,17.75,300,19600
20240202,12:13:14,17.6,300,19600
20240202,12:13:21,17.65,50,19600
20240202,12:14:21,16.8,600,19600
20240202,12:16:11,17.45,350,19700
20240202,12:17:16,17.4,250,19700
20240202,12:18:38,17.5,450,19700
20240202,12:18:48,17.55,400,19700
20240202,12:19:07,17.8,300,19700
20240202,12:19:11,17.75,200,19700
20240202,12:19:21,17.7,100,19700
20240202,12:20:06,17.7,1150,19700
20240202,12:22:07,17.55,1350,18550
20240202,12:22:32,17.65,50,18550
20240202,12:22:43,17.55,100,18550
20240202,12:22:45,17.5,900,18550
20240202,12:23:15,17.4,400,18550
20240202,12:23:23,17.55,50,18550
20240202,12:23:37,17.35,50,18550
20240202,12:23:44,17.3,150,18500
20240202,12:23:58,17.2,400,18500
20240202,12:24:26,17.0,400,18500
20240202,12:24:35,16.85,50,18500
20240202,12:24:43,16.4,50,18500
20240202,12:24:59,16.1,300,18500
20240202,12:25:07,16.0,650,18500
20240202,12:25:15,16.2,100,18500
20240202,12:25:23,16.05,700,18500
20240202,12:25:39,16.0,50,18500
20240202,12:25:46,16.0,550,18500
20240202,12:25:54,16.1,200,18500
20240202,12:26:22,16.15,250,18500
20240202,12:26:30,16.05,350,18500
20240202,12:26:51,15.6,50,17850
20240202,12:27:06,15.5,150,17850
20240202,12:27:11,15.25,50,17850
20240202,12:27:16,15.1,50,17850
20240202,12:27:21,15.0,100,17850
20240202,12:27:29,14.5,300,17850
20240202,12:27:34,14.45,450,17850
20240202,12:27:39,14.5,50,17850
20240202,12:27:43,14.7,50,17850
20240202,12:27:44,14.75,50,17850
20240202,12:27:55,15.05,500,17850
20240202,12:28:11,15.05,250,17850
20240202,12:28:27,14.7,450,17850
20240202,12:28:34,14.5,100,17850
20240202,12:28:43,14.25,1000,17850
20240202,12:28:50,13.95,550,17850
20240202,12:28:59,13.95,1000,17850
20240202,12:29:07,14.05,300,17850
20240202,12:29:16,13.55,150,17850
20240202,12:29:25,13.15,100,17850
20240202,12:29:51,13.5,750,17800
20240202,12:29:59,13.35,300,17800
20240202,12:30:08,13.2,50,17800
20240202,12:30:28,11.35,2850,17800
20240202,12:30:39,10.85,3150,17800
20240202,12:30:49,11.0,1150,17800
20240202,12:30:58,11.2,50,17800
20240202,12:31:07,11.4,100,17800
20240202,12:31:16,11.05,100,17800
20240202,12:31:34,11.1,50,17800
20240202,12:31:44,10.7,750,17800
20240202,12:31:55,10.5,250,17800
20240202,12:32:04,10.1,550,17800
20240202,12:32:15,10.15,700,17800
20240202,12:32:25,10.3,100,17800
20240202,12:33:12,10.55,250,17950
20240202,12:33:22,10.55,150,17950
20240202,12:33:31,10.55,50,17950
20240202,12:33:40,10.7,150,17950
20240202,12:33:59,11.1,50,17950
20240202,12:34:09,11.05,100,17950
20240202,12:34:19,11.65,950,17950
20240202,12:34:39,11.95,50,17950
20240202,12:34:49,12.15,50,17950
20240202,12:35:00,11.9,150,17950
20240202,12:35:10,11.6,850,17950
20240202,12:35:19,11.2,200,17950
20240202,12:35:29,11.0,350,17950
20240202,12:35:38,10.85,200,17950
20240202,12:35:48,10.6,300,17700
20240202,12:35:57,10.1,250,17700
20240202,12:36:07,9.85,100,17700
20240202,12:36:17,9.5,450,17700
20240202,12:36:26,9.45,100,17700
20240202,12:36:36,9.3,250,17700
20240202,12:36:45,9.2,150,17700
20240202,12:36:55,9.45,50,17700
20240202,12:37:04,9.4,100,17700
20240202,12:37:41,9.7,450,17700
20240202,12:37:59,9.9,200,17700
20240202,12:38:08,10.0,150,17700
20240202,12:38:18,9.95,150,17700
20240202,12:38:48,10.0,50,18050
20240202,12:38:57,10.2,1500,18050
20240202,12:39:27,10.1,300,18050
20240202,12:39:37,10.35,1250,18050
20240202,12:39:56,11.2,550,18050
20240202,12:40:07,11.45,1500,18050
20240202,12:40:18,11.85,150,18050
20240202,12:40:28,11.95,300,18050
20240202,12:40:39,12.05,250,18050
20240202,12:40:50,12.4,200,18050
20240202,12:41:01,12.25,150,18050
20240202,12:41:11,12.15,350,18050
20240202,12:41:21,12.1,50,18050
20240202,12:41:31,11.9,50,18050
20240202,12:41:41,11.65,250,18050
20240202,12:41:51,11.7,200,17350
20240202,12:42:00,11.65,500,17350
20240202,12:42:10,11.25,100,17350
20240202,12:42:20,10.9,1250,17350
20240202,12:42:30,10.85,50,17350
20240202,12:42:40,11.5,50,17350
20240202,12:43:09,11.95,350,17350
20240202,12:43:19,11.85,100,17350
20240202,12:44:17,12.25,50,17350
20240202,12:44:27,12.1,50,17350
20240202,12:45:25,12.15,50,15550
20240202,12:45:45,12.45,1600,15550
20240202,12:46:04,12.15,50,15550
20240202,12:46:49,11.8,50,15550
20240202,12:47:36,11.7,100,15550
20240202,12:48:05,11.5,150,17250
20240202,12:48:14,11.5,1000,17250
20240202,12:48:22,11.4,100,17250
20240202,12:49:18,11.25,300,17250
20240202,12:49:45,11.15,50,17250
20240202,12:49:54,11.1,50,17250
20240202,12:50:03,11.4,100,17250
20240202,12:50:12,11.15,100,17250
20240202,12:52:57,11.25,700,17150
20240202,12:53:43,11.05,50,16450
20240202,12:54:37,11.0,100,16450
20240202,12:54:56,11.05,50,16450
20240202,12:57:15,11.4,500,16550
20240202,12:58:32,11.05,100,16550
20240202,12:59:22,10.75,50,16550
20240202,13:00:04,10.45,250,17050
20240202,13:00:13,10.45,200,17050
20240202,13:02:44,10.95,50,17050
20240202,13:07:50,11.1,50,16650
20240202,13:07:59,11.0,50,16650
20240202,13:08:15,10.95,100,16650
20240202,13:10:37,11.05,150,16600
20240202,13:14:15,10.85,1850,16450
20240202,13:14:33,10.6,950,16450
20240202,13:14:43,10.35,200,16450
20240202,13:14:52,10.3,50,16450
20240202,13:15:01,10.4,200,16150
20240202,13:15:09,10.1,50,16150
20240202,13:15:18,10.05,50,16150
20240202,13:15:27,10.15,50,16150
20240202,13:15:55,10.05,350,16150
20240202,13:16:05,10.2,350,16150
20240202,13:16:14,10.3,750,16150
20240202,13:16:33,10.35,50,16150
20240202,13:16:42,10.55,50,16150
20240202,13:16:52,10.45,100,16150
20240202,13:17:40,10.55,150,16150
20240202,13:17:49,10.6,700,15150
20240202,13:18:42,10.7,100,15150
20240202,13:20:28,10.65,50,15150
20240202,13:21:08,10.5,50,14900
20240202,13:21:25,10.65,150,14900
20240202,13:22:20,10.4,50,14900
20240202,13:23:04,10.4,200,14900
20240202,13:23:29,10.35,50,14900
20240202,13:24:07,10.3,50,14750
20240202,13:24:14,10.35,150,14750
20240202,13:24:21,10.35,50,14750
20240202,13:24:52,10.15,50,14750
20240202,13:25:00,9.95,50,14750
20240202,13:25:08,10.25,350,14750
20240202,13:25:16,10.1,50,14750
20240202,13:25:24,10.15,200,14750
20240202,13:26:06,9.85,200,14750
20240202,13:26:16,9.7,100,14750
20240202,13:26:24,9.45,250,14750
20240202,13:26:33,9.45,50,14750
20240202,13:26:42,9.55,50,14750
20240202,13:26:50,9.55,50,14400
20240202,13:27:06,9.5,150,14400
20240202,13:27:14,9.4,50,14400
20240202,13:27:22,9.4,50,14400
20240202,13:28:14,9.35,150,14400
20240202,13:28:37,9.35,200,14400
20240202,13:28:53,9.5,150,14400
20240202,13:29:10,9.7,50,14400
20240202,13:29:19,9.75,100,14400
20240202,13:29:27,9.8,100,14400
20240202,13:30:39,10.05,400,13750
20240202,13:30:46,10.0,50,13750
20240202,13:31:33,9.95,150,13750
20240202,13:32:19,9.65,50,13750
20240202,13:32:43,9.5,100,13750
20240202,13:32:52,9.5,250,13200
20240202,13:33:08,9.7,50,13200
20240202,13:33:30,9.8,200,13200
20240202,13:36:21,9.95,50,13000
20240202,13:37:02,10.15,50,13000
20240202,13:37:18,10.05,50,13000
20240202,13:38:14,10.3,50,13000
20240202,13:40:04,10.3,50,12950
20240202,13:40:50,10.05,50,12950
20240202,13:41:06,9.95,100,12950
20240202,13:42:18,9.8,50,13100
20240202,13:43:35,9.85,100,13100
20240202,13:43:50,9.7,50,13100
20240202,13:44:59,9.55,100,13100
20240202,13:45:12,9.55,50,13100
20240202,13:46:25,10.05,200,13100
20240202,13:46:33,9.8,100,13100
20240202,13:47:12,9.75,50,13100
20240202,13:47:20,9.6,400,13100
20240202,13:47:36,9.55,100,13100
20240202,13:47:44,9.45,400,13100
20240202,13:49:09,9.5,200,14050
20240202,13:49:54,9.3,50,14050
20240202,13:51:46,9.45,200,14200
20240202,13:52:59,9.45,100,14200
20240202,13:55:12,9.6,50,14400
20240202,13:58:59,9.9,1050,14450
20240202,13:59:07,9.75,550,14450
20240202,13:59:15,9.7,50,14450
20240202,13:59:52,9.85,50,14500
20240202,14:00:07,9.65,50,14500
20240202,14:00:14,9.6,150,14500
20240202,14:04:10,9.9,700,14650
20240202,14:06:02,10.2,50,14700
20240202,14:06:39,10.15,50,14700
20240202,14:07:20,10.35,100,14700
20240202,14:07:28,10.4,100,14700
20240202,14:07:36,10.35,200,14700
20240202,14:07:59,10.4,50,14700
20240202,14:08:07,10.35,50,14700
20240202,14:08:39,10.3,200,14700
20240202,14:08:55,10.4,50,14700
20240202,14:09:02,10.45,50,15350
20240202,14:09:10,10.5,50,15350
20240202,14:11:33,10.9,450,15350
20240202,14:11:41,10.55,400,15350
20240202,14:11:50,10.5,1150,15350
20240202,14:11:58,10.35,450,15750
20240202,14:12:06,10.4,50,15750
20240202,14:12:14,10.3,100,15750
20240202,14:12:22,10.25,100,15750
20240202,14:12:37,10.0,350,15750
20240202,14:13:30,10.2,250,15750
20240202,14:14:44,10.55,50,15750
20240202,14:15:33,10.65,50,16400
20240202,14:16:36,10.6,50,16400
20240202,14:19:58,10.1,50,16350
20240202,14:20:37,9.9,750,16350
20240202,14:21:59,10.1,200,16250
20240202,14:24:12,9.55,50,16100
20240202,14:24:35,9.6,50,16100
20240202,14:25:23,9.65,50,16100
20240202,14:25:38,9.75,50,16100
20240202,14:29:00,9.55,50,16200
20240202,14:29:07,9.3,50,16200
20240202,14:29:42,9.1,50,16200
20240202,14:30:57,9.1,50,16100
20240202,14:31:14,9.45,300,16100
20240202,14:33:20,8.8,300,15800
20240202,14:34:02,8.8,150,15800
20240202,14:36:29,9.45,100,16000
20240202,14:36:41,9.65,50,16000
20240202,14:36:47,9.7,100,16000
20240202,14:36:53,9.75,50,16000
20240202,14:37:00,9.8,100,16000
20240202,14:37:06,9.9,50,16000
20240202,14:37:19,9.95,300,16000
20240202,14:37:27,10.1,200,16000
20240202,14:37:35,10.15,200,16000
20240202,14:37:49,10.2,100,16000
20240202,14:38:03,10.1,50,16000
20240202,14:38:11,10.05,50,16000
20240202,14:38:25,10.1,100,16000
20240202,14:38:32,10.05,150,16000
20240202,14:38:39,10.2,200,16000
20240202,14:38:46,10.25,400,16000
20240202,14:38:59,10.3,50,16000
20240202,14:39:06,10.25,50,14600
20240202,14:39:19,10.1,50,14600
20240202,14:39:33,10.1,550,14600
20240202,14:39:51,10.2,50,14600
20240202,14:39:57,10.25,50,14600
20240202,14:40:03,10.15,200,14600
20240202,14:40:21,10.1,200,14600
20240202,14:40:40,10.1,100,14600
20240202,14:41:12,10.15,150,14600
20240202,14:41:18,10.2,200,14600
20240202,14:41:24,10.15,50,14600
20240202,14:41:41,10.4,250,14600
20240202,14:42:49,10.25,50,13600
20240202,14:42:55,10.45,1650,13600
20240202,14:43:41,10.65,50,13600
20240202,14:44:38,10.65,100,13600
20240202,14:45:27,10.85,50,14100
20240202,14:45:47,10.8,50,14100
20240202,14:45:53,10.85,50,14100
20240202,14:45:59,10.75,100,14100
20240202,14:46:05,10.6,350,14100
20240202,14:47:16,10.55,50,14100
20240202,14:47:46,10.8,50,14100
20240202,14:48:27,10.75,50,14150
20240202,14:48:52,10.7,100,14150
20240202,14:49:16,11.15,1800,14150
20240202,14:49:33,10.95,100,14150
20240202,14:49:55,11.05,100,14150
20240202,14:50:02,11.2,100,14150
20240202,14:50:08,11.15,1900,14150
20240202,14:50:39,11.0,550,14150
20240202,14:50:46,11.0,150,14150
20240202,14:50:53,10.85,50,14150
20240202,14:51:01,10.85,150,14150
20240202,14:51:07,10.8,1650,16400
20240202,14:52:04,10.6,1900,16400
20240202,14:52:31,10.75,50,16400
20240202,14:52:58,10.35,350,16400
20240202,14:53:29,10.1,150,16400
20240202,14:53:38,9.75,400,16400
20240202,14:53:57,9.3,350,16400
20240202,14:54:06,9.4,200,15650
20240202,14:54:15,9.45,150,15650
20240202,14:54:23,9.5,50,15650
20240202,14:54:31,9.6,100,15650
20240202,14:54:39,9.55,50,15650
20240202,14:54:54,9.45,50,15650
20240202,14:55:02,9.6,50,15650
20240202,14:55:26,9.5,100,15650
20240202,14:55:33,9.45,50,15650
20240202,14:55:42,9.4,350,15650
20240202,14:55:51,9.65,150,15650
20240202,14:56:09,9.55,50,15650
20240202,14:56:18,9.5,300,15650
20240202,14:56:28,9.35,100,15650
20240202,14:56:37,9.25,50,15650
20240202,14:56:47,9.15,150,15650
20240202,14:56:57,9.05,150,15650
20240202,14:57:07,8.8,50,15650
20240202,14:57:16,8.5,100,14700
20240202,14:58:30,8.95,150,14700
20240202,14:58:49,8.75,100,14700
20240202,14:59:08,8.8,50,14700
20240202,15:00:01,9.1,50,14700
20240202,15:00:20,9.75,250,14600
20240202,15:00:41,9.95,50,14600
20240202,15:01:29,9.95,50,14600
20240202,15:01:48,9.55,50,14600
20240202,15:01:57,9.6,50,14600
20240202,15:02:25,9.4,50,14600
20240202,15:03:03,9.2,100,14550
20240202,15:03:11,9.2,50,14550
20240202,15:03:21,9.0,350,14550
20240202,15:03:30,8.95,150,14550
20240202,15:03:39,9.0,50,14550
20240202,15:03:58,8.95,150,14550
20240202,15:04:17,8.95,150,14550
20240202,15:04:26,8.9,50,14550
20240202,15:04:43,9.05,50,14550
20240202,15:06:37,9.45,50,14550
20240202,15:06:46,9.5,350,14550
20240202,15:06:55,9.45,50,14550
20240202,15:08:07,9.6,100,14550
20240202,15:08:46,9.65,100,14550
20240202,15:09:31,9.55,50,14200
20240202,15:10:08,9.6,50,14200
20240202,15:10:43,9.45,50,14200
20240202,15:11:09,9.55,100,14200
20240202,15:15:54,9.5,50,14300
20240202,15:18:34,9.3,100,14350
20240202,15:20:10,9.0,100,14350
20240202,15:20:27,9.15,50,14350
20240202,15:20:44,9.25,50,14350
20240202,15:22:49,8.85,150,14350
20240202,15:23:22,8.8,50,14350
20240202,15:23:52,8.8,50,14350
20240202,15:24:34,8.65,50,14250
20240202,15:25:16,8.8,50,14250
20240202,15:25:33,8.65,100,14250
20240202,15:25:42,8.55,300,14250
20240202,15:25:51,8.5,100,14250
20240202,15:25:59,8.35,150,14250
20240202,15:26:24,8.35,50,14250
20240202,15:26:57,8.3,250,14250
20240202,15:27:29,8.2,50,14250
20240202,15:27:37,8.2,50,14250
20240202,15:28:00,8.35,650,14250
20240202,15:29:29,8.7,100,14250
20240202,15:29:38,8.65,300,14250
20240202,15:29:47,8.7,100,14250
20240205,09:15:36,9.5,1,13150
20240205,09:15:36,8.9,550,13150
20240205,09:17:08,8.5,100,13100
20240205,09:17:17,8.5,50,13100
20240205,09:17:25,8.9,300,13100
20240205,09:17:36,9.1,350,13100
20240205,09:19:54,8.8,100,13050
20240205,09:20:00,8.85,200,13050
20240205,09:20:08,8.8,50,13050
20240205,09:20:17,8.75,100,13050
20240205,09:21:13,8.8,200,13050
20240205,09:21:21,8.75,200,13050
20240205,09:21:29,8.55,100,13050
20240205,09:21:37,8.5,100,13050
20240205,09:22:06,8.35,450,13050
20240205,09:22:13,8.35,100,13100
20240205,09:22:28,8.45,100,13100
20240205,09:22:51,8.35,50,13100
20240205,09:23:12,8.3,50,13100
20240205,09:23:48,8.3,50,13100
20240205,09:23:55,8.55,350,13100
20240205,09:24:48,8.55,50,13100
20240205,09:24:56,8.6,100,13100
20240205,09:25:04,8.55,50,13100
20240205,09:25:12,8.5,100,13100
20240205,09:25:49,8.55,100,13650
20240205,09:26:06,9.05,300,13650
20240205,09:26:15,9.15,250,13650
20240205,09:26:23,9.35,400,13650
20240205,09:26:30,9.4,650,13650
20240205,09:26:40,9.55,150,13650
20240205,09:26:49,9.55,300,13650
20240205,09:26:56,9.8,850,13650
20240205,09:27:03,9.95,650,13650
20240205,09:27:11,9.85,1100,13650
20240205,09:27:18,9.75,400,13650
20240205,09:27:24,9.95,50,13650
20240205,09:27:46,9.95,50,13650
20240205,09:27:53,9.95,100,13650
20240205,09:28:07,9.65,100,13650
20240205,09:28:14,9.55,400,13650
20240205,09:28:21,9.4,100,16450
20240205,09:28:28,9.3,50,16450
20240205,09:28:36,9.3,550,16450
20240205,09:28:44,9.0,350,16450
20240205,09:28:51,8.85,450,16450
20240205,09:28:59,8.7,250,16450
20240205,09:29:15,9.1,100,16450
20240205,09:29:30,9.25,150,16450
20240205,09:29:53,9.3,250,16450
20240205,09:30:02,9.3,650,16450
20240205,09:30:11,9.25,200,16450
20240205,09:30:26,9.0,100,16450
20240205,09:30:34,8.9,100,16450
20240205,09:30:48,8.75,200,16450
20240205,09:31:10,8.5,300,16450
20240205,09:31:18,8.45,150,17700
20240205,09:31:33,8.65,250,17700
20240205,09:31:46,8.75,50,17700
20240205,09:31:54,8.9,100,17700
20240205,09:32:02,9.0,150,17700
20240205,09:32:09,8.85,50,17700
20240205,09:32:17,8.65,50,17700
20240205,09:32:24,8.65,50,17700
20240205,09:32:39,8.6,50,17700
20240205,09:33:02,8.45,50,17700
20240205,09:33:10,8.3,50,17700
20240205,09:33:33,8.4,100,17700
20240205,09:34:19,8.5,50,17300
20240205,09:34:33,8.5,100,17300
20240205,09:34:47,8.4,100,17300
20240205,09:35:02,8.35,50,17300
20240205,09:35:23,8.45,150,17300
20240205,09:35:31,8.6,200,17300
20240205,09:35:39,8.6,50,17300
20240205,09:36:00,8.65,100,17300
20240205,09:36:06,8.6,100,17300
20240205,09:36:13,8.6,150,17300
20240205,09:36:19,8.65,250,17300
20240205,09:36:33,8.75,100,17300
20240205,09:37:02,9.0,50,17300
20240205,09:37:09,8.85,50,17300
20240205,09:37:24,8.95,50,16950
20240205,09:37:46,9.0,50,16950
20240205,09:38:08,9.05,100,16950
20240205,09:38:43,9.15,50,16950
20240205,09:38:51,9.3,1000,16950
20240205,09:38:58,9.25,400,16950
20240205,09:39:06,9.2,100,16950
20240205,09:39:13,9.35,100,16950
20240205,09:39:28,9.4,100,16950
20240205,09:39:43,9.4,50,16950
20240205,09:39:57,9.5,50,16950
20240205,09:40:13,9.8,250,16950
20240205,09:40:21,9.85,100,15900
20240205,09:40:30,9.85,50,15900
20240205,09:40:38,9.95,150,15900
20240205,09:40:45,9.8,200,15900
20240205,09:40:53,9.8,100,15900
20240205,09:41:00,9.9,150,15900
20240205,09:41:08,9.85,150,15900
20240205,09:41:16,9.7,100,15900
20240205,09:41:39,9.45,50,15900
20240205,09:41:46,9.2,100,15900
20240205,09:41:54,9.15,50,15900
20240205,09:42:02,9.05,150,15900
20240205,09:42:16,9.1,50,15900
20240205,09:42:38,9.4,150,15900
20240205,09:42:46,9.55,100,15900
20240205,09:42:53,9.6,50,15900
20240205,09:43:00,9.65,50,15900
20240205,09:43:07,9.75,200,15900
20240205,09:43:21,9.85,50,15350
20240205,09:43:35,9.9,50,15350
20240205,09:43:42,9.85,250,15350
20240205,09:43:49,9.6,300,15350
20240205,09:44:17,9.4,50,15350
20240205,09:44:23,9.55,50,15350
20240205,09:44:29,9.4,50,15350
20240205,09:44:56,9.35,50,15350
20240205,09:45:03,9.5,100,15350
20240205,09:45:46,9.45,100,15350
20240205,09:47:02,9.7,100,15550
20240205,09:47:21,9.85,100,15550
20240205,09:47:27,9.85,50,15550
20240205,09:48:18,10.1,100,15550
20240205,09:48:26,10.15,50,15550
20240205,09:48:33,10.15,100,15550
20240205,09:48:41,10.4,100,15550
20240205,09:49:03,10.4,300,15550
20240205,09:49:10,10.35,50,15550
20240205,09:49:49,10.45,100,15650
20240205,09:50:02,10.6,50,15650
20240205,09:50:17,10.9,450,15650
20240205,09:50:24,11.3,250,15650
20240205,09:50:34,11.55,300,15650
20240205,09:50:44,11.3,200,15650
20240205,09:50:51,11.35,300,15650
20240205,09:51:01,11.75,200,15650
20240205,09:51:19,11.75,50,15650
20240205,09:51:37,11.5,50,15650
20240205,09:51:46,11.35,100,15650
20240205,09:51:53,11.5,50,15650
20240205,09:52:01,11.55,100,15650
20240205,09:52:08,11.5,150,15650
20240205,09:52:22,11.4,50,16250
20240205,09:52:29,11.65,50,16250
20240205,09:52:54,11.85,50,16250
20240205,09:53:04,12.1,100,16250
20240205,09:53:13,12.15,450,16250
20240205,09:53:20,12.15,600,16250
20240205,09:53:27,12.15,50,16250
20240205,09:53:44,11.8,100,16250
20240205,09:53:52,11.55,200,16250
20240205,09:54:00,11.8,100,16250
20240205,09:54:14,11.7,200,16250
20240205,09:54:28,11.5,100,16250
20240205,09:54:42,11.8,250,16250
20240205,09:54:56,11.6,50,16250
20240205,09:55:03,11.5,50,16250
20240205,09:55:10,11.3,100,16250
20240205,09:55:17,11.25,50,16700
20240205,09:55:24,11.1,550,16700
20240205,09:55:31,11.0,200,16700
20240205,09:56:00,10.4,400,16700
20240205,09:56:02,10.5,100,16700
20240205,09:56:05,10.6,50,16700
20240205,09:56:07,10.65,50,16700
20240205,09:56:08,10.7,50,16700
20240205,09:56:10,10.75,50,16700
20240205,09:56:13,10.8,50,16700
20240205,09:56:15,10.9,50,16700
20240205,09:56:17,10.9,50,16700
20240205,09:56:22,11.0,100,16700
20240205,09:56:28,11.1,300,16700
20240205,09:56:42,11.05,50,16700
20240205,09:56:52,11.15,100,16700
20240205,09:57:44,10.65,100,16700
20240205,09:57:56,10.8,50,16700
20240205,09:58:02,10.9,50,16700
20240205,09:58:14,11.1,100,16700
20240205,09:58:21,11.2,350,17050
20240205,09:58:27,11.25,100,17050
20240205,09:58:33,11.2,50,17050
20240205,09:58:52,11.45,250,17050
20240205,09:59:12,11.4,100,17050
20240205,09:59:26,11.65,50,17050
20240205,10:00:05,11.5,150,17050
20240205,10:00:06,11.55,50,17050
20240205,10:01:00,11.35,50,17050
20240205,10:01:03,11.25,50,17050
20240205,10:01:11,11.35,50,17050
20240205,10:01:14,11.35,100,17050
20240205,10:01:21,11.4,50,17400
20240205,10:01:31,11.65,50,17400
20240205,10:02:14,11.9,150,17400
20240205,10:02:29,11.9,50,17400
20240205,10:02:42,11.75,50,17400
20240205,10:02:57,11.55,50,17400
20240205,10:03:12,11.4,100,17400
20240205,10:03:25,11.4,450,17400
20240205,10:03:27,11.3,150,17400
20240205,10:03:35,11.35,1350,17400
20240205,10:03:39,11.4,50,17400
20240205,10:03:40,11.45,50,17400
20240205,10:03:48,11.25,50,17400
20240205,10:04:00,11.4,50,17400
20240205,10:04:06,11.15,1400,17400
20240205,10:04:13,11.1,50,17400
20240205,10:04:22,10.95,200,19100
20240205,10:04:32,10.9,50,19100
20240205,10:04:54,10.4,1900,19100
20240205,10:05:04,10.45,100,19100
20240205,10:05:23,10.5,300,19100
20240205,10:05:34,10.75,300,19100
20240205,10:05:44,11.05,200,19100
20240205,10:06:15,11.0,50,19100
20240205,10:06:25,10.7,150,19100
20240205,10:06:35,10.75,1000,19100
20240205,10:06:44,10.9,300,19100
20240205,10:07:11,11.3,100,19100
20240205,10:07:31,11.4,200,19700
20240205,10:07:42,11.4,100,19700
20240205,10:08:12,11.45,50,19700
20240205,10:08:22,11.45,100,19700
20240205,10:08:31,11.3,50,19700
20240205,10:08:49,11.55,50,19700
20240205,10:09:23,11.45,100,19700
20240205,10:09:55,11.45,50,19700
20240205,10:10:04,11.3,50,19700
20240205,10:10:23,11.45,50,19150
20240205,10:12:00,11.3,450,19150
20240205,10:12:05,11.25,50,19150
20240205,10:12:26,11.15,50,19150
20240205,10:13:53,10.8,200,18650
20240205,10:14:11,10.8,50,18650
20240205,10:14:13,10.8,100,18650
20240205,10:15:01,10.75,200,18650
20240205,10:15:56,10.8,150,18650
20240205,10:16:16,11.0,50,18650
20240205,10:17:25,10.4,50,18200
20240205,10:17:35,10.2,200,18200
20240205,10:17:45,9.95,100,18200
20240205,10:17:56,9.55,200,18200
20240205,10:18:06,9.15,100,18200
20240205,10:18:17,9.2,50,18200
20240205,10:18:27,9.05,200,18200
20240205,10:18:38,9.05,350,18200
20240205,10:18:48,9.05,200,18200
20240205,10:19:08,8.7,1250,18200
20240205,10:19:19,8.7,400,18200
20240205,10:19:39,8.6,550,18450
20240205,10:19:49,8.6,100,18450
20240205,10:19:59,8.45,550,18450
20240205,10:20:09,8.45,50,18450
20240205,10:20:19,8.45,50,18450
20240205,10:20:29,8.55,200,18450
20240205,10:20:39,8.75,150,18450
20240205,10:20:49,8.7,100,18450
20240205,10:21:08,8.65,150,18450
20240205,10:21:18,8.8,100,18450
20240205,10:21:28,8.95,800,18450
20240205,10:21:38,8.9,300,18450
20240205,10:21:48,8.9,700,18450
20240205,10:21:57,8.85,550,18450
20240205,10:22:06,8.85,150,18450
20240205,10:22:16,8.85,200,18450
20240205,10:23:20,9.0,50,17200
20240205,10:23:48,9.05,100,17200
20240205,10:23:56,9.0,50,17200
20240205,10:24:05,9.0,50,17200
20240205,10:24:15,9.25,50,17200
20240205,10:24:24,9.2,50,17200
20240205,10:24:33,9.2,100,17200
20240205,10:24:43,9.3,100,17200
20240205,10:24:53,9.25,100,17200
20240205,10:25:03,9.3,100,17200
20240205,10:25:12,9.35,200,17200
20240205,10:25:21,9.25,100,17200
20240205,10:25:54,9.45,150,17050
20240205,10:26:14,9.5,50,17050
20240205,10:27:13,9.55,1900,17050
20240205,10:27:31,9.5,2400,17050
20240205,10:27:40,9.5,1400,17050
20240205,10:27:48,9.45,3650,17050
20240205,10:27:55,9.4,50,17050
20240205,10:28:04,9.5,900,17050
20240205,10:28:29,9.55,100,24650
20240205,10:28:38,9.6,150,24650
20240205,10:28:47,9.65,1750,24650
20240205,10:28:55,9.55,100,24650
20240205,10:29:04,9.55,100,24650
20240205,10:29:12,9.5,50,24650
20240205,10:29:27,9.65,650,24650
20240205,10:30:02,9.65,950,24650
20240205,10:30:12,9.5,1700,24650
20240205,10:30:20,9.65,750,24650
20240205,10:30:37,9.45,450,24650
20240205,10:30:45,9.5,1000,24650
20240205,10:31:00,9.4,150,24650
20240205,10:31:07,9.45,50,24650
20240205,10:31:15,9.35,100,24650
20240205,10:31:24,9.3,500,31550
20240205,10:31:32,9.3,300,31550
20240205,10:32:14,9.15,100,31550
20240205,10:32:57,9.05,200,31550
20240205,10:33:05,9.2,50,31550
20240205,10:33:13,9.3,50,31550
20240205,10:33:30,9.2,50,31550
20240205,10:33:53,9.3,50,31550
20240205,10:34:01,9.3,50,31550
20240205,10:34:16,9.35,6650,31550
20240205,10:34:24,9.3,4650,31550
20240205,10:34:32,9.25,50,42600
20240205,10:35:02,9.25,50,42600
20240205,10:35:09,9.25,50,42600
20240205,10:35:25,9.2,100,42600
20240205,10:35:48,9.15,100,42600
20240205,10:36:04,9.2,50,42600
20240205,10:36:12,9.2,100,42600
20240205,10:36:44,9.2,150,42600
20240205,10:37:00,9.3,100,42600
20240205,10:37:09,9.3,100,42600
20240205,10:37:17,9.3,100,42600
20240205,10:38:49,9.4,50,42450
20240205,10:39:44,9.4,100,42450
20240205,10:40:18,9.4,50,42450
20240205,10:40:49,9.25,12800,42550
20240205,10:40:56,9.25,400,42550
20240205,10:41:26,9.35,50,42550
20240205,10:41:34,9.55,2750,42550
20240205,10:41:42,9.65,2900,42550
20240205,10:41:50,9.6,50,42550
20240205,10:42:05,9.65,100,42550
20240205,10:42:21,9.6,100,42550
20240205,10:42:45,9.55,150,42550
20240205,10:43:07,9.55,50,42550
20240205,10:43:29,9.65,450,48100
20240205,10:43:37,9.6,250,48100
20240205,10:43:45,9.75,2300,48100
20240205,10:43:54,9.85,100,48100
20240205,10:44:02,9.75,50,48100
20240205,10:44:34,9.95,150,48100
20240205,10:44:50,10.2,100,48100
20240205,10:44:59,10.2,100,48100
20240205,10:45:08,10.15,350,48100
20240205,10:45:16,10.1,550,48100
20240205,10:45:25,10.2,50,48100
20240205,10:45:34,10.3,100,48100
20240205,10:46:08,10.35,200,48100
20240205,10:46:17,10.5,1800,48100
20240205,10:46:26,10.45,2350,48100
20240205,10:46:34,10.5,6700,51600
20240205,10:46:43,10.65,100,51600
20240205,10:46:52,10.7,2350,51600
20240205,10:47:00,10.7,9000,51600
20240205,10:47:09,10.6,550,51600
20240205,10:47:18,10.65,1400,51600
20240205,10:47:26,10.65,50,51600
20240205,10:47:34,10.7,300,51600
20240205,10:47:42,10.65,200,51600
20240205,10:47:50,10.6,150,51600
20240205,10:47:57,10.8,1800,51600
20240205,10:48:04,10.6,15950,51600
20240205,10:48:12,10.6,6350,51600
20240205,10:48:19,10.55,300,51600
20240205,10:48:26,10.5,100,51600
20240205,10:48:34,10.4,200,51600
20240205,10:48:48,10.35,50,51600
20240205,10:48:56,10.5,2650,51600
20240205,10:49:03,10.5,5400,51600
20240205,10:49:10,10.55,2700,51600
20240205,10:49:17,10.6,4650,51600
20240205,10:49:23,10.65,100,51600
20240205,10:49:29,10.65,50,98050
20240205,10:49:50,10.65,50,98050
20240205,10:50:19,10.5,300,98050
20240205,10:50:26,10.55,150,98050
20240205,10:50:46,10.4,50,98050
20240205,10:51:31,10.15,50,98050
20240205,10:53:39,10.35,50,98050
20240205,10:53:47,10.35,50,98050
20240205,10:53:55,10.4,50,98050
20240205,10:54:02,10.45,50,98050
20240205,10:54:29,10.3,50,98050
20240205,10:54:49,10.25,50,98050
20240205,10:54:55,10.3,50,98050
20240205,10:55:07,10.3,200,98050
20240205,10:55:13,10.3,150,98050
20240205,10:55:28,10.5,100,98000
20240205,10:55:37,10.55,1000,98000
20240205,10:55:46,10.55,100,98000
20240205,10:56:11,10.6,100,98000
20240205,10:56:32,10.6,100,98000
20240205,10:56:52,10.5,50,98000
20240205,10:56:59,10.6,150,98000
20240205,10:57:07,10.5,250,98000
20240205,10:57:14,10.55,100,98000
20240205,10:57:21,10.65,50,98000
20240205,10:58:10,10.5,550,98000
20240205,10:59:03,10.45,50,97900
20240205,10:59:10,10.4,50,97900
20240205,10:59:17,10.35,150,97900
20240205,10:59:23,10.3,50,97900
20240205,10:59:37,10.3,750,97900
20240205,11:00:10,10.4,50,97900
20240205,11:00:23,10.35,100,97900
20240205,11:00:36,10.4,50,97900
20240205,11:00:43,10.3,100,97900
20240205,11:00:49,10.3,50,97900
20240205,11:02:12,10.5,750,98550
20240205,11:02:18,10.45,50,98550
20240205,11:02:23,10.4,100,98550
20240205,11:02:29,10.35,50,98550
20240205,11:02:47,10.5,350,98550
20240205,11:03:03,10.5,50,98550
20240205,11:03:04,10.45,50,98550
20240205,11:03:06,10.45,50,98550
20240205,11:03:14,10.55,600,98550
20240205,11:03:21,10.55,150,98550
20240205,11:03:33,10.35,50,98550
20240205,11:04:07,10.3,50,98550
20240205,11:04:12,10.3,100,98550
20240205,11:04:22,10.35,50,98550
20240205,11:04:45,10.25,50,98100
20240205,11:05:42,10.2,150,98100
20240205,11:06:34,10.25,50,98100
20240205,11:07:46,10.15,50,98150
20240205,11:07:52,10.2,50,98150
20240205,11:08:11,10.1,150,98150
20240205,11:09:59,9.85,100,98150
20240205,11:10:15,9.95,50,98150
20240205,11:10:20,9.95,50,98150
20240205,11:10:25,10.0,50,98150
20240205,11:11:02,10.1,50,98300
20240205,11:11:30,10.1,100,98300
20240205,11:11:44,10.05,100,98300
20240205,11:11:54,10.1,50,98300
20240205,11:12:04,10.15,1000,98300
20240205,11:12:11,10.2,1150,98300
20240205,11:12:18,10.2,700,98300
20240205,11:12:45,10.3,50,98300
20240205,11:12:52,10.3,600,98300
20240205,11:13:00,10.3,100,98300
20240205,11:13:08,10.3,50,98300
20240205,11:13:33,10.5,200,98550
20240205,11:13:54,10.35,50,98550
20240205,11:14:02,10.35,50,98550
20240205,11:14:08,10.45,2000,98550
20240205,11:14:14,10.45,50,98550
20240205,11:14:39,10.5,2800,98550
20240205,11:15:02,10.55,1350,98550
20240205,11:15:10,10.5,2750,98550
20240205,11:15:33,10.45,100,98550
20240205,11:15:54,10.55,50,98550
20240205,11:16:14,10.5,100,98550
20240205,11:16:32,10.6,50,98550
20240205,11:16:39,10.65,50,98400
20240205,11:16:47,10.65,150,98400
20240205,11:17:15,10.85,50,98400
20240205,11:17:44,10.85,400,98400
20240205,11:17:53,10.85,100,98400
20240205,11:18:52,10.35,100,98400
20240205,11:19:00,10.2,500,98400
20240205,11:20:34,10.15,750,98600
20240205,11:20:49,10.15,100,98600
20240205,11:21:24,10.4,50,98600
20240205,11:21:36,10.5,50,98600
20240205,11:22:10,10.2,50,98600
20240205,11:25:00,10.05,300,97850
20240205,11:25:52,9.85,50,97800
20240205,11:26:01,9.85,50,97800
20240205,11:26:11,9.8,350,97800
20240205,11:26:15,9.8,100,97800
20240205,11:26:20,9.8,100,97800
20240205,11:26:33,9.8,200,97800
20240205,11:26:38,9.8,400,97800
20240205,11:26:53,9.85,100,97800
20240205,11:27:21,9.7,50,97800
20240205,11:27:37,9.7,200,97800
20240205,11:29:00,9.8,50,98000
20240205,11:29:11,9.8,50,98000
20240205,11:29:20,9.8,1700,98000
20240205,11:29:26,9.85,1650,98000
20240205,11:29:31,9.75,50,98000
20240205,11:29:45,9.75,50,98000
20240205,11:30:00,9.8,400,98000
20240205,11:30:05,9.8,50,98000
20240205,11:30:17,9.75,50,98000
20240205,11:30:48,9.8,50,98000
20240205,11:30:55,9.8,50,98000
20240205,11:31:09,9.8,100,98000
20240205,11:32:10,9.8,50,99250
20240205,11:32:35,9.8,100,99250
20240205,11:32:44,9.9,450,99250
20240205,11:33:15,9.9,200,99250
20240205,11:33:30,9.85,100,99250
20240205,11:33:38,9.85,300,99250
20240205,11:33:51,9.85,50,99250
20240205,11:33:56,9.95,100,99250
20240205,11:34:02,9.9,100,99250
20240205,11:34:48,9.85,50,99750
20240205,11:34:53,9.85,50,99750
20240205,11:35:04,9.95,50,99750
20240205,11:35:10,9.95,50,99750
20240205,11:35:22,9.9,50,99750
20240205,11:36:18,9.9,50,99750
20240205,11:37:44,10.05,100,99750
20240205,11:37:53,10.05,50,99750
20240205,11:38:01,10.1,50,99750
20240205,11:38:34,10.4,500,99750
20240205,11:38:43,10.25,150,99750
20240205,11:38:49,10.15,50,99750
20240205,11:38:55,10.15,50,99750
20240205,11:39:05,10.25,100,99750
20240205,11:39:21,10.35,200,99750
20240205,11:39:30,10.35,100,99750
20240205,11:39:37,10.25,100,99750
20240205,11:39:44,10.3,50,99750
20240205,11:39:54,10.35,50,99750
20240205,11:40:00,10.35,50,99750
20240205,11:40:10,10.35,50,99750
20240205,11:40:15,10.4,50,99750
20240205,11:40:24,10.5,100,99750
20240205,11:40:31,10.55,50,99750
20240205,11:40:44,10.45,50,99800
20240205,11:40:49,10.3,50,99800
20240205,11:41:10,10.2,50,99800
20240205,11:41:17,10.2,450,99800
20240205,11:41:31,10.25,350,99800
20240205,11:41:36,10.1,550,99800
20240205,11:41:41,10.05,100,99800
20240205,11:41:46,10.05,100,99800
20240205,11:41:57,10.15,50,99800
20240205,11:42:01,10.2,300,99800
20240205,11:42:06,10.2,50,99800
20240205,11:42:46,10.0,200,99800
20240205,11:42:51,10.0,50,99800
20240205,11:42:56,10.0,250,99800
20240205,11:43:01,10.0,250,99800
20240205,11:43:06,10.0,250,99800
20240205,11:43:16,10.05,150,99800
20240205,11:43:21,10.1,100,99800
20240205,11:43:44,10.05,200,99750
20240205,11:43:55,9.95,50,99750
20240205,11:44:26,9.8,350,99750
20240205,11:44:33,9.8,1400,99750
20240205,11:44:39,9.8,750,99750
20240205,11:44:46,9.7,1000,99750
20240205,11:44:53,9.7,250,99750
20240205,11:44:59,9.7,100,99750
20240205,11:45:05,9.7,450,99750
20240205,11:45:19,9.75,100,99750
20240205,11:46:07,9.45,700,99750
20240205,11:46:15,9.4,1450,99750
20240205,11:46:23,9.4,150,99750
20240205,11:46:31,9.45,4650,99750
20240205,11:46:38,9.45,100,98050
20240205,11:46:46,9.55,50,98050
20240205,11:46:53,9.55,50,98050
20240205,11:47:20,9.6,900,98050
20240205,11:47:50,9.7,900,98050
20240205,11:48:38,9.6,150,98050
20240205,11:48:44,9.65,50,98050
20240205,11:50:12,9.85,100,99800
20240205,11:50:17,9.85,100,99800
20240205,11:50:54,9.9,50,99800
20240205,11:51:19,9.85,50,99800
20240205,11:51:24,9.55,200,99800
20240205,11:51:36,9.45,50,99800
20240205,11:51:41,9.5,300,99800
20240205,11:54:26,9.4,50,100400
20240205,11:55:08,9.5,50,100400
20240205,11:55:18,9.5,200,100400
20240205,11:55:23,9.45,50,100400
20240205,11:55:34,9.4,200,100800
20240205,11:55:48,9.4,250,100800
20240205,11:56:05,9.35,50,100800
20240205,11:56:09,9.4,300,100800
20240205,11:56:18,9.35,50,100800
20240205,11:56:33,9.4,150,100800
20240205,11:56:47,9.4,550,100800
20240205,11:57:08,9.5,50,100800
20240205,11:57:17,9.5,100,100800
20240205,11:57:22,9.5,400,100800
20240205,11:57:27,9.45,50,100800
20240205,11:57:55,9.4,50,100800
20240205,11:58:03,9.45,100,100800
20240205,11:58:13,9.45,50,100800
20240205,11:58:18,9.45,250,100800
20240205,11:58:24,9.45,300,100800
20240205,11:58:29,9.45,50,100800
20240205,11:58:34,9.45,550,100800
20240205,11:58:40,9.55,50,101400
20240205,11:59:07,9.45,550,101400
20240205,11:59:25,9.5,100,101400
20240205,11:59:34,9.45,150,101400
20240205,11:59:44,9.5,500,101400
20240205,12:00:22,9.45,100,101400
20240205,12:00:32,9.5,50,101400
20240205,12:00:48,9.35,50,101400
20240205,12:01:06,9.35,50,101400
20240205,12:01:49,9.35,50,101300
20240205,12:02:00,9.3,100,101300
20240205,12:02:48,9.25,150,101300
20240205,12:02:52,9.25,250,101300
20240205,12:03:00,9.3,50,101300
20240205,12:03:19,9.3,100,101300
20240205,12:04:33,9.2,250,101300
20240205,12:04:37,9.2,500,100700
20240205,12:04:42,9.1,50,100700
20240205,12:05:12,8.95,500,100700
20240205,12:05:52,9.0,50,100700
20240205,12:06:15,8.95,500,100700
20240205,12:06:40,8.85,300,100700
20240205,12:07:47,8.95,50,100400
20240205,12:08:06,8.8,100,100400
20240205,12:09:52,8.6,50,100400
20240205,12:09:57,8.6,200,100400
20240205,12:10:55,8.55,50,100300
20240205,12:11:05,8.55,150,100300
20240205,12:11:40,8.7,200,100300
20240205,12:11:45,8.7,50,100300
20240205,12:11:50,8.7,50,100300
20240205,12:11:58,8.7,50,100300
20240205,12:12:23,8.65,200,100300
20240205,12:12:39,8.65,200,100300
20240205,12:12:49,8.65,150,100300
20240205,12:12:59,8.7,550,100300
20240205,12:13:09,8.8,50,100300
20240205,12:14:10,8.9,100,100850
20240205,12:14:41,8.95,100,100850
20240205,12:14:51,8.95,100,100850
20240205,12:14:56,8.95,200,100850
20240205,12:15:01,8.95,50,100850
20240205,12:16:04,9.0,250,100850
20240205,12:16:10,9.05,100,100850
20240205,12:17:28,9.05,50,100800
20240205,12:18:05,9.0,100,100800
20240205,12:18:16,9.05,50,100800
20240205,12:18:29,9.1,100,100800
20240205,12:18:53,9.1,300,100800
20240205,12:19:05,9.15,50,100800
20240205,12:19:42,9.2,50,100850
20240205,12:20:41,9.05,300,100850
20240205,12:21:03,9.1,100,100850
20240205,12:21:10,9.1,150,100850
20240205,12:22:29,9.15,50,100850
20240205,12:22:37,9.25,150,100850
20240205,12:23:00,9.25,100,100950
20240205,12:23:15,9.05,50,100950
20240205,12:24:17,9.2,50,100950
20240205,12:24:51,9.3,50,100950
20240205,12:25:19,8.8,100,100950
20240205,12:25:46,8.65,50,100750
20240205,12:26:20,8.55,50,100750
20240205,12:26:45,8.65,50,100750
20240205,12:27:20,8.5,50,100750
20240205,12:27:24,8.5,50,100750
20240205,12:27:55,8.65,50,100750
20240205,12:28:47,8.5,500,100700
20240205,12:30:00,8.4,50,100700
20240205,12:30:12,8.4,100,100700
20240205,12:31:14,8.45,50,100700
20240205,12:31:19,8.5,150,100700
20240205,12:31:28,8.55,100,100700
20240205,12:31:59,8.5,100,100650
20240205,12:32:04,8.55,200,100650
20240205,12:33:08,8.4,1700,100650
20240205,12:33:41,8.45,150,100650
20240205,12:33:50,8.45,150,100650
20240205,12:35:04,8.55,50,100750
20240205,12:35:13,8.55,100,100750
20240205,12:35:22,8.55,50,100750
20240205,12:36:20,8.65,50,100750
20240205,12:36:33,8.65,250,100750
20240205,12:37:03,8.7,50,100750
20240205,12:37:22,8.6,50,100750
20240205,12:38:11,8.75,50,101000
20240205,12:38:15,8.75,50,101000
20240205,12:38:45,8.8,100,101000
20240205,12:39:36,8.65,50,101000
20240205,12:40:07,8.65,50,101000
20240205,12:40:19,8.55,50,101000
20240205,12:40:57,8.7,50,101000
20240205,12:41:31,8.7,50,101000
20240205,12:41:46,8.65,200,101000
20240205,12:43:04,8.8,50,101000
20240205,12:43:09,8.7,50,101000
20240205,12:43:26,8.7,150,101000
20240205,12:43:36,8.75,100,101000
20240205,12:44:56,8.7,50,100850
20240205,12:45:06,8.6,100,100850
20240205,12:48:43,8.75,50,100900
20240205,12:49:10,8.85,50,100900
20240205,12:49:20,8.85,50,100900
20240205,12:50:58,8.5,50,100850
20240205,12:51:15,8.4,50,100850
20240205,12:52:02,8.35,450,100850
20240205,12:52:09,8.35,50,100850
20240205,12:52:12,8.35,50,100850
20240205,12:52:18,8.5,4400,100850
20240205,12:52:22,8.55,50,100850
20240205,12:53:30,8.55,950,105300
20240205,12:53:47,8.55,1350,105300
20240205,12:54:41,8.6,3700,105300
20240205,12:54:44,8.6,1300,105300
20240205,12:54:50,8.7,2150,105300
20240205,12:54:53,8.7,50,105300
20240205,12:54:57,8.7,3800,105300
20240205,12:54:59,8.75,5600,105300
20240205,12:55:06,8.9,3600,105300
20240205,12:55:19,8.9,50,105300
20240205,12:55:28,9.0,200,105300
20240205,12:55:47,9.1,50,105300
20240205,12:56:33,9.2,3150,123450
20240205,12:56:54,9.15,100,123450
20240205,12:57:34,9.15,50,123450
20240205,12:58:11,9.2,50,123450
20240205,12:58:28,9.2,50,123450
20240205,12:59:22,9.2,100,125600
20240205,13:00:58,9.45,5100,125600
20240205,13:01:12,9.4,300,125600
20240205,13:01:17,9.45,1400,125600
20240205,13:01:22,9.35,100,125600
20240205,13:01:30,9.35,750,125600
20240205,13:01:37,9.3,50,125600
20240205,13:03:31,9.2,50,131950
20240205,13:03:37,9.15,50,131950
20240205,13:03:55,9.2,50,131950
20240205,13:04:01,9.15,200,131950
20240205,13:06:02,9.2,100,132000
20240205,13:06:55,9.4,200,132000
20240205,13:08:57,9.8,250,132100
20240205,13:09:19,9.75,200,132100
20240205,13:09:33,9.7,350,132100
20240205,13:09:44,9.7,350,132100
20240205,13:09:50,9.7,150,132100
20240205,13:10:07,9.6,100,132100
20240205,13:10:42,9.65,50,132100
20240205,13:11:18,9.45,250,132300
20240205,13:11:29,9.4,250,132300
20240205,13:11:32,9.4,500,132300
20240205,13:11:36,9.55,50,132300
20240205,13:11:43,9.45,50,132300
20240205,13:11:49,9.55,50,132300
20240205,13:12:02,9.6,50,132300
20240205,13:12:40,9.4,1800,132300
20240205,13:13:14,9.45,250,132300
20240205,13:13:28,9.35,200,132300
20240205,13:14:21,9.5,50,132100
20240205,13:17:35,9.25,250,132150
20240205,13:17:51,9.3,50,132150
20240205,13:19:16,9.3,200,132150
20240205,13:20:06,9.5,50,132200
20240205,13:21:44,9.35,200,132200
20240205,13:22:18,9.4,200,132200
20240205,13:22:22,9.4,200,132200
20240205,13:22:27,9.45,100,132200
20240205,13:24:44,9.15,50,132300
20240205,13:25:24,8.85,450,132300
20240205,13:25:26,8.9,300,132300
20240205,13:25:39,8.75,200,132300
20240205,13:25:58,8.65,1050,132200
20240205,13:26:03,8.7,250,132200
20240205,13:26:07,8.6,50,132200
20240205,13:26:34,8.55,50,132200
20240205,13:27:05,8.8,250,132200
20240205,13:27:33,8.85,100,132200
20240205,13:27:56,8.85,50,132200
20240205,13:28:26,8.7,50,132200
20240205,13:28:35,8.7,50,132200
20240205,13:29:17,8.35,150,132200
20240205,13:29:22,8.3,450,132200
20240205,13:29:33,8.3,100,132200
20240205,13:29:39,8.4,100,132200
20240205,13:29:52,8.3,200,132200
20240205,13:29:58,8.25,300,132200
20240205,13:30:05,8.25,100,132200
20240205,13:30:11,8.3,150,132200
20240205,13:30:24,8.4,100,132200
20240205,13:30:31,8.4,100,132200
20240205,13:30:37,8.45,100,132200
20240205,13:31:48,8.5,200,132200
20240205,13:31:52,8.5,300,132400
20240205,13:32:44,8.75,50,132400
20240205,13:37:51,8.85,50,132350
20240205,13:39:45,8.7,50,132350
20240205,13:39:54,8.7,50,132350
20240205,13:40:06,8.75,50,132350
20240205,13:42:01,8.8,100,132450
20240205,13:42:05,8.7,100,132450
20240205,13:42:35,8.75,100,132450
20240205,13:42:42,8.8,300,132450
20240205,13:43:48,8.8,150,132450
20240205,13:44:59,8.8,50,132450
20240205,13:45:44,8.8,50,132450
20240205,13:46:09,8.8,700,132450
20240205,13:46:12,8.8,200,132450
20240205,13:46:59,8.8,100,132450
20240205,13:47:17,8.75,200,132450
20240205,13:47:21,8.75,50,132450
20240205,13:51:38,9.0,400,132450
20240205,13:51:59,8.9,200,132450
20240205,13:53:50,8.95,50,132450
20240205,13:55:32,8.95,200,132450
20240205,13:59:30,8.8,600,132400
20240205,13:59:58,8.75,350,132400
20240205,14:00:49,8.8,200,132400
20240205,14:01:01,8.8,50,132400
20240205,14:02:29,8.9,250,132400
20240205,14:02:32,8.85,100,132400
20240205,14:06:12,8.4,1250,132650
20240205,14:06:18,8.4,100,132650
20240205,14:06:31,8.45,250,132650
20240205,14:06:52,8.35,250,132650
20240205,14:08:03,8.4,100,132650
20240205,14:08:22,8.25,500,132650
20240205,14:08:29,8.25,400,132650
20240205,14:08:35,8.25,100,132650
20240205,14:08:48,8.2,150,132650
20240205,14:09:02,8.1,7650,132650
20240205,14:09:34,8.0,250,132650
20240205,14:09:41,8.0,250,132650
20240205,14:10:38,8.0,150,132650
20240205,14:10:52,7.9,400,140400
20240205,14:11:00,8.0,100,140400
20240205,14:11:07,7.95,550,140400
20240205,14:11:28,7.8,100,140400
20240205,14:11:34,7.75,150,140400
20240205,14:11:40,7.75,200,140400
20240205,14:11:55,7.5,1050,140400
20240205,14:12:01,7.5,50,140400
20240205,14:12:14,7.75,100,140400
20240205,14:12:23,7.75,200,140400
20240205,14:12:30,7.8,600,140400
20240205,14:12:44,7.8,250,140400
20240205,14:13:03,8.0,500,140400
20240205,14:13:11,8.0,500,140400
20240205,14:13:51,8.1,100,140400
20240205,14:14:11,8.2,50,139400
20240205,14:14:44,8.45,200,139400
20240205,14:14:55,8.45,100,139400
20240205,14:15:00,8.4,600,139400
20240205,14:15:06,8.45,200,139400
20240205,14:15:19,8.6,300,139400
20240205,14:15:41,8.35,100,139400
20240205,14:15:53,8.35,100,139400
20240205,14:15:58,8.35,350,139400
20240205,14:16:09,8.45,1600,139400
20240205,14:16:18,8.4,700,139400
20240205,14:16:23,8.5,350,139400
20240205,14:16:28,8.4,250,139400
20240205,14:16:32,8.4,100,139400
20240205,14:16:45,8.5,5450,139400
20240205,14:16:50,8.45,350,139400
20240205,14:16:56,8.45,4650,139600
20240205,14:17:00,8.45,700,139600
20240205,14:17:04,8.45,800,139600
20240205,14:17:28,8.5,200,139600
20240205,14:17:34,8.65,24400,139600
20240205,14:17:39,8.65,3400,139600
20240205,14:17:44,8.6,3400,139600
20240205,14:18:05,8.55,750,139600
20240205,14:18:28,8.55,550,139600
20240205,14:18:36,8.6,200,139600
20240205,14:19:08,8.65,400,139600
20240205,14:19:13,8.7,2100,139600
20240205,14:19:30,8.6,200,139600
20240205,14:19:34,8.75,1800,139600
20240205,14:19:38,8.65,6800,139600
20240205,14:19:42,8.6,100,139600
20240205,14:19:46,8.6,450,139600
20240205,14:19:49,8.65,1400,139600
20240205,14:19:56,8.75,400,179000
20240205,14:20:03,8.65,600,179000
20240205,14:20:07,8.65,100,179000
20240205,14:20:11,8.65,300,179000
20240205,14:20:40,8.6,250,179000
20240205,14:20:44,8.65,700,179000
20240205,14:20:48,8.6,300,179000
20240205,14:21:08,8.55,250,179000
20240205,14:21:13,8.6,500,179000
20240205,14:21:23,8.5,250,179000
20240205,14:21:29,8.5,50,179000
20240205,14:21:35,8.5,3950,179000
20240205,14:21:53,8.4,300,179000
20240205,14:22:34,8.4,300,179000
20240205,14:23:11,8.45,200,182650
20240205,14:23:16,8.45,200,182650
20240205,14:23:31,8.45,200,182650
20240205,14:23:50,8.4,50,182650
20240205,14:24:16,8.4,1150,182650
20240205,14:24:23,8.35,1650,182650
20240205,14:24:30,8.4,1150,182650
20240205,14:24:38,8.4,1750,182650
20240205,14:24:44,8.35,1550,182650
20240205,14:24:51,8.35,5300,182650
20240205,14:24:58,8.45,1300,182650
20240205,14:25:03,8.5,1000,182650
20240205,14:25:09,8.45,1850,182650
20240205,14:25:15,8.45,1050,182650
20240205,14:25:23,8.45,2150,182650
20240205,14:25:31,8.4,1150,182650
20240205,14:25:38,8.4,1150,182650
20240205,14:25:44,8.45,950,182650
20240205,14:25:50,8.45,650,182650
20240205,14:26:02,8.5,650,182600
20240205,14:26:07,8.5,650,182600
20240205,14:26:13,8.55,250,182600
20240205,14:26:20,8.55,300,182600
20240205,14:26:26,8.6,1050,182600
20240205,14:26:32,8.55,1400,182600
20240205,14:26:38,8.55,1000,182600
20240205,14:26:44,8.45,1150,182600
20240205,14:26:50,8.55,750,182600
20240205,14:27:14,8.5,50,182600
20240205,14:27:19,8.55,200,182600
20240205,14:27:26,8.5,50,182600
20240205,14:27:33,8.4,100,182600
20240205,14:27:40,8.4,300,182600
20240205,14:27:47,8.4,100,182600
20240205,14:27:54,8.45,500,182600
20240205,14:28:20,8.45,400,182600
20240205,14:28:44,8.45,50,182600
20240205,14:28:50,8.4,50,182600
20240205,14:29:54,8.6,400,182600
20240205,14:31:36,8.55,350,182600
20240205,14:31:49,8.5,100,182600
20240205,14:31:56,8.5,50,182600
20240205,14:32:04,8.55,150,182650
20240205,14:32:12,8.45,50,182650
20240205,14:32:21,8.35,400,182650
20240205,14:32:31,8.3,300,182650
20240205,14:32:40,8.2,950,182650
20240205,14:32:48,8.15,200,182650
20240205,14:32:57,8.15,150,182650
20240205,14:33:05,8.1,450,182650
20240205,14:33:14,8.05,700,182650
20240205,14:33:23,8.0,50,182650
20240205,14:33:32,8.1,100,182650
20240205,14:34:23,8.0,50,182650
20240205,14:34:49,8.0,500,182650
20240205,14:34:57,7.95,850,182700
20240205,14:35:06,8.0,1000,182700
20240205,14:35:14,7.9,200,182700
20240205,14:35:30,7.9,50,182700
20240205,14:35:38,7.85,600,182700
20240205,14:35:47,7.85,1300,182700
20240205,14:35:57,7.85,50,182700
20240205,14:36:06,7.85,300,182700
20240205,14:36:24,7.75,350,182700
20240205,14:36:33,7.75,250,182700
20240205,14:36:43,7.8,400,182700
20240205,14:37:03,7.7,50,182700
20240205,14:37:13,7.7,300,182700
20240205,14:37:40,7.65,300,182700
20240205,14:37:50,7.65,150,182700
20240205,14:37:59,7.6,750,182700
20240205,14:38:44,7.7,800,182700
20240205,14:38:54,7.6,1500,182700
20240205,14:39:03,7.6,1000,182700
20240205,14:39:12,7.75,1250,182700
20240205,14:39:22,7.65,300,182700
20240205,14:39:31,7.75,100,182700
20240205,14:39:40,7.65,50,182700
20240205,14:39:58,7.7,100,182700
20240205,14:40:07,7.65,550,182700
20240205,14:40:24,7.6,2000,182700
20240205,14:40:33,7.75,700,182700
20240205,14:40:42,7.8,200,182700
20240205,14:40:51,7.75,50,182700
20240205,14:41:08,7.85,50,184450
20240205,14:41:17,7.8,450,184450
20240205,14:41:51,7.7,100,184450
20240205,14:42:00,7.8,100,184450
20240205,14:42:10,7.75,250,184450
20240205,14:42:21,7.65,150,184450
20240205,14:42:31,7.65,1200,184450
20240205,14:42:45,7.6,1250,184450
20240205,14:42:55,7.55,50,184450
20240205,14:43:05,7.55,400,184450
20240205,14:43:15,7.6,300,184450
20240205,14:43:25,7.75,850,184450
20240205,14:43:35,7.6,600,184450
20240205,14:43:45,7.5,200,184450
20240205,14:43:56,7.45,50,184450
20240205,14:44:05,7.35,1200,184950
20240205,14:44:15,7.5,1300,184950
20240205,14:44:27,7.45,1150,184950
20240205,14:44:37,7.65,1500,184950
20240205,14:44:47,7.5,2350,184950
20240205,14:44:58,7.4,1800,184950
20240205,14:45:08,7.35,900,184950
20240205,14:45:18,7.4,150,184950
20240205,14:45:29,7.3,150,184950
20240205,14:45:41,7.3,100,184950
20240205,14:45:52,7.1,450,184950
20240205,14:46:03,7.1,200,184950
20240205,14:46:14,7.1,900,184950
20240205,14:46:55,7.1,50,184950
20240205,14:47:15,7.1,300,184900
20240205,14:47:25,7.2,350,184900
20240205,14:47:36,7.15,1200,184900
20240205,14:47:46,7.25,650,184900
20240205,14:47:56,7.2,500,184900
20240205,14:48:07,7.25,950,184900
20240205,14:48:28,7.3,2250,184900
20240205,14:48:38,7.35,1900,184900
20240205,14:48:58,7.2,1550,184900
20240205,14:49:08,7.2,950,184900
20240205,14:49:18,7.3,50,184900
20240205,14:49:28,7.35,300,184900
20240205,14:49:48,7.3,300,184900
20240205,14:49:58,7.3,350,184900
20240205,14:50:08,7.25,150,184950
20240205,14:50:17,7.2,1000,184950
20240205,14:50:28,7.3,200,184950
20240205,14:50:37,7.15,400,184950
20240205,14:51:07,7.25,50,184950
20240205,14:51:45,7.05,500,184950
20240205,14:51:54,7.05,250,184950
20240205,14:52:03,7.1,400,184950
20240205,14:52:12,7.1,350,184950
20240205,14:52:31,7.15,100,184950
20240205,14:52:41,7.1,350,184950
20240205,14:52:51,7.1,550,184950
20240205,14:53:01,7.0,500,184000
20240205,14:53:31,7.15,150,184000
20240205,14:53:40,7.15,500,184000
20240205,14:53:50,7.15,50,184000
20240205,14:53:59,7.1,50,184000
20240205,14:54:27,7.05,600,184000
20240205,14:54:37,7.05,1000,184000
20240205,14:54:46,6.95,750,184000
20240205,14:54:56,6.95,1050,184000
20240205,14:55:05,6.9,2800,184000
20240205,14:55:14,6.95,2000,184000
20240205,14:55:23,6.85,750,184000
20240205,14:55:33,6.85,500,184000
20240205,14:55:53,6.85,50,184000
20240205,14:56:12,6.85,50,184050
20240205,14:56:30,6.85,50,184050
20240205,14:56:40,6.85,100,184050
20240205,14:56:50,6.9,150,184050
20240205,14:57:01,6.85,250,184050
20240205,14:58:09,6.75,50,184050
20240205,14:58:27,6.75,100,184050
20240205,14:58:47,6.7,500,184050
20240205,14:59:42,6.7,150,182750
20240205,15:01:25,6.8,600,182750
20240205,15:01:34,6.8,200,182750
20240205,15:01:51,6.85,300,182750
20240205,15:03:29,6.95,50,182150
20240205,15:03:38,6.95,100,182150
20240205,15:03:55,6.95,100,182150
20240205,15:04:51,7.15,300,182150
20240205,15:05:10,7.05,150,182250
20240205,15:05:38,7.05,100,182250
20240205,15:05:47,7.1,300,182250
20240205,15:06:39,7.15,450,182250
20240205,15:06:49,7.05,300,182250
20240205,15:06:58,7.1,50,182250
20240205,15:07:17,7.25,250,182250
20240205,15:07:26,7.25,650,182250
20240205,15:07:37,7.15,750,182250
20240205,15:07:47,7.2,150,182250
20240205,15:07:56,7.25,50,182250
20240205,15:08:32,7.25,150,183450
20240205,15:08:41,7.25,50,183450
20240205,15:08:51,7.25,50,183450
20240205,15:09:01,7.2,100,183450
20240205,15:09:10,7.25,50,183450
20240205,15:09:26,7.25,100,183450
20240205,15:09:35,7.3,100,183450
20240205,15:09:43,7.3,500,183450
20240205,15:09:52,7.2,300,183450
20240205,15:10:01,7.2,750,183450
20240205,15:10:10,7.25,750,183450
20240205,15:10:18,7.3,1500,183450
20240205,15:10:27,7.45,1300,183450
20240205,15:10:37,7.25,2300,183450
20240205,15:10:47,7.2,50,183450
20240205,15:11:06,7.1,550,185050
20240205,15:11:17,7.0,1450,185050
20240205,15:11:28,7.1,1450,185050
20240205,15:12:07,7.1,400,185050
20240205,15:12:26,7.1,50,185050
20240205,15:12:36,6.95,200,185050
20240205,15:12:46,7.0,50,185050
20240205,15:13:06,7.05,200,185050
20240205,15:13:44,6.9,450,185050
20240205,15:13:54,6.95,300,185050
20240205,15:14:02,6.95,850,185050
20240205,15:14:29,6.9,1500,184950
20240205,15:15:26,6.95,400,184950
20240205,15:15:36,7.0,400,184950
20240205,15:15:46,7.0,100,184950
20240205,15:15:56,7.0,1200,184950
20240205,15:16:15,7.0,150,184950
20240205,15:17:03,7.0,1000,184950
20240205,15:17:12,7.0,800,184950
20240205,15:17:32,7.0,100,184950
20240205,15:17:42,7.05,550,184950
20240205,15:18:01,7.05,2400,184950
20240205,15:18:28,7.0,900,184950
20240205,15:18:38,6.85,50,184950
20240205,15:18:55,6.95,400,184950
20240205,15:19:05,6.95,250,184950
20240205,15:19:24,7.05,150,184950
20240205,15:19:42,6.95,100,184950
20240205,15:20:08,7.0,500,184800
20240205,15:20:17,7.0,200,184800
20240205,15:20:27,7.0,400,184800
20240205,15:20:45,6.95,600,184800
20240205,15:20:54,6.95,750,184800
20240205,15:21:03,7.0,200,184800
20240205,15:21:31,7.05,1150,184800
20240205,15:21:40,7.0,2550,184800
20240205,15:21:49,6.9,2100,184800
20240205,15:22:25,6.85,1000,184800
20240205,15:22:35,6.85,200,184800
20240205,15:23:03,6.8,600,184800
20240205,15:23:12,6.75,50,184950
20240205,15:23:20,6.85,100,184950
20240205,15:24:12,6.8,100,184950
20240205,15:24:29,6.95,350,184950
20240205,15:24:38,6.8,750,184950
20240205,15:24:47,6.85,450,184950
20240205,15:24:55,6.85,450,184950
20240205,15:25:03,6.85,650,184950
20240205,15:25:12,6.85,350,184950
20240205,15:25:31,6.8,2200,184950
20240205,15:25:40,6.75,50,184950
20240205,15:25:48,6.65,100,184950
20240205,15:25:57,6.6,300,184950
20240205,15:26:06,6.6,700,184950
20240205,15:26:14,6.55,500,184850
20240205,15:26:22,6.65,200,184850
20240205,15:26:31,6.55,100,184850
20240205,15:26:57,6.55,300,184850
20240205,15:27:07,6.55,400,184850
20240205,15:27:15,6.6,150,184850
20240205,15:27:33,6.6,100,184850
20240205,15:27:41,6.65,500,184850
20240205,15:27:50,6.6,1100,184850
20240205,15:27:58,6.6,450,184850
20240205,15:28:16,6.6,100,184850
20240205,15:29:01,6.6,250,184850
20240205,15:29:10,6.65,200,182550
20240205,15:29:45,6.5,350,182550
20240206,09:15:05,7.0,1,182150
20240206,09:15:05,10.8,100,182150
20240206,09:15:17,7.1,200,182150
20240206,09:15:29,7.05,50,182150
20240206,09:16:20,6.65,50,182150
20240206,09:16:53,6.6,100,182350
20240206,09:17:16,6.55,50,182350
20240206,09:18:15,6.55,50,182350
20240206,09:19:41,6.2,100,182500
20240206,09:19:50,6.2,100,182500
20240206,09:20:00,6.35,100,182500
20240206,09:20:18,6.2,50,182500
20240206,09:22:38,6.35,100,182350
20240206,09:22:59,6.45,50,182350
20240206,09:23:17,6.35,100,182350
20240206,09:23:36,6.45,50,182350
20240206,09:26:25,6.2,200,182500
20240206,09:26:59,6.4,150,182500
20240206,09:27:34,6.45,200,182500
20240206,09:29:46,6.35,50,182500
20240206,09:31:35,6.35,500,182500
20240206,09:31:56,6.35,100,182500
20240206,09:32:51,6.4,500,182500
20240206,09:34:55,6.4,250,182500
20240206,09:36:40,6.6,50,182500
20240206,09:37:50,6.75,50,182450
20240206,09:38:01,6.7,50,182450
20240206,09:39:39,6.9,100,182450
20240206,09:40:36,6.9,100,182450
20240206,09:41:10,6.9,50,182600
20240206,09:42:19,6.75,100,182600
20240206,09:43:13,6.7,200,182600
20240206,09:44:25,6.75,500,182700
20240206,09:45:27,6.75,300,182700
20240206,09:45:39,6.75,500,182700
20240206,09:45:50,6.85,100,182700
20240206,09:46:13,6.75,100,182700
20240206,09:46:25,6.6,3350,182700
20240206,09:47:07,6.6,200,182700
20240206,09:47:39,6.6,300,182700
20240206,09:47:49,6.6,750,182700
20240206,09:49:02,6.55,50,182700
20240206,09:49:44,6.65,200,182700
20240206,09:50:31,6.6,300,182700
20240206,09:51:37,6.7,50,182700
20240206,09:54:03,6.75,500,182700
20240206,09:55:04,6.7,100,182700
20240206,09:55:15,6.6,350,182700
20240206,09:55:37,6.55,50,183350
20240206,09:56:12,6.5,200,183350
20240206,09:56:32,6.55,200,183350
20240206,09:57:32,6.45,250,183350
20240206,09:58:03,6.65,50,183350
20240206,09:58:38,6.65,50,183350
20240206,09:59:55,6.6,50,183400
20240206,10:01:07,6.7,200,183400
20240206,10:01:27,6.8,200,183400
20240206,10:01:37,6.75,650,183400
20240206,10:01:46,6.75,1050,183400
20240206,10:02:05,6.9,400,183400
20240206,10:02:15,6.8,300,183400
20240206,10:02:25,6.8,300,183400
20240206,10:02:44,6.8,800,183400
20240206,10:03:07,6.95,450,183400
20240206,10:03:33,6.95,350,183400
20240206,10:03:56,7.0,50,183400
20240206,10:04:07,7.0,900,183400
20240206,10:04:18,7.05,250,183400
20240206,10:04:29,6.95,100,183400
20240206,10:04:40,7.1,500,183400
20240206,10:05:03,7.0,450,183850
20240206,10:06:34,6.75,150,183850
20240206,10:06:54,6.8,250,183850
20240206,10:07:04,6.75,1200,183850
20240206,10:08:05,6.65,200,183900
20240206,10:08:26,6.65,50,183900
20240206,10:08:37,6.55,200,183900
20240206,10:08:58,6.65,150,183900
20240206,10:09:28,6.7,100,183900
20240206,10:10:27,6.75,50,183900
20240206,10:10:58,6.7,50,183750
20240206,10:11:28,6.85,50,183750
20240206,10:12:19,6.75,100,183750
20240206,10:12:29,6.75,50,183750
20240206,10:12:59,6.65,50,183750
20240206,10:13:09,6.75,50,183750
20240206,10:13:38,6.9,150,183750
20240206,10:15:20,6.65,100,183800
20240206,10:15:31,6.65,50,183800
20240206,10:16:04,6.7,50,183800
20240206,10:16:37,6.7,50,183800
20240206,10:17:38,6.7,50,183950
20240206,10:20:00,6.55,50,183950
20240206,10:21:09,6.6,50,183950
20240206,10:22:51,6.45,50,183950
20240206,10:23:09,6.5,100,183950
20240206,10:23:18,6.5,100,183950
20240206,10:23:48,6.45,50,183950
20240206,10:24:44,6.4,50,183950
20240206,10:25:24,6.25,50,183950
20240206,10:25:35,6.2,50,183950
20240206,10:25:56,6.1,200,183850
20240206,10:26:27,6.1,100,183850
20240206,10:26:37,6.1,50,183850
20240206,10:26:47,6.0,50,183850
20240206,10:26:57,6.0,100,183850
20240206,10:28:50,5.9,100,183800
20240206,10:29:11,5.85,50,183800
20240206,10:30:03,5.7,50,183800
20240206,10:30:14,5.6,150,183800
20240206,10:30:35,5.6,50,183800
20240206,10:31:05,5.6,50,183800
20240206,10:31:57,5.85,50,183850
20240206,10:32:16,5.75,100,183850
20240206,10:33:13,5.55,50,183850
20240206,10:34:38,5.55,50,183850
20240206,10:34:47,5.55,500,184000
20240206,10:35:15,5.55,100,184000
20240206,10:38:50,5.7,200,183550
20240206,10:39:08,5.7,50,183550
20240206,10:39:54,5.65,250,183550
20240206,10:40:11,5.8,1100,183550
20240206,10:40:20,5.7,200,183550
20240206,10:40:37,5.7,900,183550
20240206,10:40:45,5.7,50,183650
20240206,10:42:19,5.75,50,183650
20240206,10:45:45,5.8,100,183700
20240206,10:48:01,5.75,400,183600
20240206,10:52:09,5.75,150,183600
20240206,10:52:19,5.8,50,183600
20240206,10:52:29,5.7,200,183600
20240206,10:52:55,5.75,150,183700
20240206,10:53:03,5.75,50,183700
20240206,10:54:26,5.75,250,183700
20240206,10:55:10,5.8,50,183700
20240206,10:55:46,5.75,200,183700
20240206,10:56:01,5.8,50,183650
20240206,10:56:16,5.85,50,183650
20240206,10:56:23,5.75,200,183650
20240206,10:57:00,5.85,50,183650
20240206,10:57:07,5.8,400,183650
20240206,10:58:06,5.8,1200,183650
20240206,10:58:17,5.85,50,183650
20240206,10:58:26,5.85,1500,183650
20240206,10:59:35,5.85,1250,183700
20240206,10:59:45,5.85,150,183700
20240206,11:00:05,5.9,400,183700
20240206,11:00:26,5.9,50,183700
20240206,11:00:48,5.95,50,183700
20240206,11:01:34,5.8,50,183700
20240206,11:01:43,5.9,50,183700
20240206,11:02:53,5.85,50,183650
20240206,11:04:51,5.7,50,183650
20240206,11:06:01,5.6,100,183700
20240206,11:06:10,5.6,100,183700
20240206,11:07:15,5.6,50,183700
20240206,11:10:14,5.9,50,183800
20240206,11:15:50,5.75,50,183800
20240206,11:16:16,5.75,100,183800
20240206,11:17:01,5.65,1350,183750
20240206,11:17:11,5.7,250,183750
20240206,11:20:29,5.55,50,184150
20240206,11:22:39,5.65,50,184150
20240206,11:24:45,5.6,200,184100
20240206,11:26:25,5.55,600,184100
20240206,11:26:36,5.55,800,184100
20240206,11:26:58,5.6,100,184100
20240206,11:27:27,5.6,100,184100
20240206,11:28:37,5.5,250,184100
20240206,11:29:29,5.5,250,185600
20240206,11:30:28,5.5,250,185600
20240206,11:30:40,5.5,250,185600
20240206,11:31:38,5.5,250,185600
20240206,11:33:22,5.6,600,185000
20240206,11:33:49,5.5,100,185000
20240206,11:34:01,5.5,950,185000
20240206,11:34:15,5.6,50,185000
20240206,11:35:11,5.95,50,185050
20240206,11:35:25,5.9,200,185050
20240206,11:35:50,5.8,50,185050
20240206,11:36:40,5.55,50,185050
20240206,11:36:52,5.45,150,185050
20240206,11:37:52,5.6,50,185200
20240206,11:39:00,5.65,50,185200
20240206,11:39:11,5.55,50,185200
20240206,11:41:10,5.6,100,185250
20240206,11:42:55,5.65,100,185250
20240206,11:44:53,5.5,50,185350
20240206,11:45:33,5.55,50,185350
20240206,11:46:45,5.45,50,185350
20240206,11:47:04,5.55,100,185250
20240206,11:47:15,5.65,850,185250
20240206,11:47:35,5.6,200,185250
20240206,11:48:23,5.65,250,185250
20240206,11:48:32,5.65,250,185250
20240206,11:48:59,5.75,100,185250
20240206,11:49:08,5.75,250,185250
20240206,11:49:15,5.8,100,185250
20240206,11:49:52,5.8,200,184450
20240206,11:49:59,5.75,150,184450
20240206,11:50:23,5.75,50,184450
20240206,11:51:33,5.85,200,184450
20240206,11:54:23,5.95,50,184600
20240206,11:55:36,5.9,250,184600
20240206,11:55:46,6.0,350,184600
20240206,11:56:10,5.9,350,184800
20240206,11:58:39,5.95,200,184800
20240206,11:59:02,5.95,50,184800
20240206,11:59:48,6.0,50,184900
20240206,12:01:22,5.85,50,184900
20240206,12:02:56,5.85,50,184800
20240206,12:04:26,5.7,50,184800
20240206,12:05:20,5.8,50,184750
20240206,12:09:21,5.75,150,184750
20240206,12:10:22,5.85,50,184750
20240206,12:10:40,5.9,150,184750
20240206,12:11:40,6.15,50,184700
20240206,12:12:34,6.1,50,184700
20240206,12:12:58,6.2,150,184700
20240206,12:13:33,6.15,50,184700
20240206,12:13:43,6.1,100,184700
20240206,12:14:15,6.15,300,184650
20240206,12:16:18,6.25,300,184650
20240206,12:19:32,6.05,50,184550
20240206,12:20:15,6.15,50,184550
20240206,12:21:46,6.25,150,184550
20240206,12:22:39,6.15,200,184550
20240206,12:25:19,5.7,50,184400
20240206,12:26:20,5.8,150,184400
20240206,12:26:38,5.85,200,184400
20240206,12:26:46,5.85,300,184400
20240206,12:29:13,5.7,50,184450
20240206,12:34:50,6.15,50,184500
20240206,12:34:57,6.15,50,184500
20240206,12:35:56,6.2,50,184450
20240206,12:36:52,6.55,200,184450
20240206,12:39:14,6.05,100,184550
20240206,12:41:52,5.95,50,184450
20240206,12:42:21,6.05,100,184450
20240206,12:43:04,6.05,50,184450
20240206,12:43:16,6.0,100,184450
20240206,12:43:58,6.0,200,184450
20240206,12:46:57,6.3,50,184550
20240206,12:48:09,6.2,1800,184600
20240206,12:48:17,6.1,150,184600
20240206,12:48:43,6.0,50,184600
20240206,12:48:52,6.05,100,184600
20240206,12:49:07,6.05,100,184600
20240206,12:51:22,6.05,150,184600
20240206,12:51:40,6.05,150,184600
20240206,12:52:21,5.95,50,184600
20240206,12:52:34,5.9,100,184600
20240206,12:53:03,5.9,150,184600
20240206,12:53:27,5.8,100,184500
20240206,12:53:35,5.75,100,184500
20240206,12:54:06,5.65,100,184500
20240206,12:57:29,5.75,150,184650
20240206,12:57:41,5.75,150,184650
20240206,12:57:59,5.75,1050,184650
20240206,12:58:33,5.65,150,184650
20240206,13:01:43,5.8,100,184550
20240206,13:03:00,5.8,100,184550
20240206,13:03:11,5.75,100,184550
20240206,13:03:18,5.85,300,184550
20240206,13:04:15,5.9,1450,184550
20240206,13:04:35,5.85,100,184550
20240206,13:06:01,5.8,1450,186000
20240206,13:06:19,5.95,400,186000
20240206,13:07:04,6.0,200,186000
20240206,13:07:19,6.05,150,186000
20240206,13:08:00,6.1,100,186000
20240206,13:08:14,6.1,100,184550
20240206,13:08:21,6.1,800,184550
20240206,13:08:34,6.1,150,184550
20240206,13:08:40,6.1,600,184550
20240206,13:11:45,5.9,50,184450
20240206,13:12:26,5.9,50,184450
20240206,13:15:21,5.9,450,184400
20240206,13:17:13,5.8,50,184400
20240206,13:18:18,5.85,50,184400
20240206,13:24:39,6.05,50,184400
20240206,13:25:01,6.1,50,184400
20240206,13:29:27,6.2,50,184400
20240206,13:30:08,6.2,350,184400
20240206,13:30:21,6.3,200,184400
20240206,13:31:21,6.15,1450,184400
20240206,13:31:45,6.15,200,184400
20240206,13:32:51,6.2,550,184900
20240206,13:34:08,6.2,400,184900
20240206,13:36:22,5.75,50,184500
20240206,13:36:47,5.7,50,184500
20240206,13:36:59,5.5,100,184500
20240206,13:37:11,5.45,600,184500
20240206,13:37:22,5.4,150,184500
20240206,13:37:32,5.35,50,184500
20240206,13:38:08,5.35,50,184500
20240206,13:39:05,5.55,50,184650
20240206,13:40:07,5.6,100,184650
20240206,13:40:17,5.6,600,184650
20240206,13:40:27,5.6,1150,184650
20240206,13:43:14,5.8,650,184750
20240206,13:43:24,5.8,150,184750
20240206,13:44:20,5.8,50,184750
20240206,13:44:30,5.8,50,184750
20240206,13:45:09,5.75,900,184750
20240206,13:45:34,5.75,50,184750
20240206,13:46:23,5.75,50,184750
20240206,13:46:40,5.65,50,184750
20240206,13:47:04,5.55,150,184750
20240206,13:47:12,5.45,150,184950
20240206,13:48:03,5.55,50,184950
20240206,13:48:35,5.4,300,184950
20240206,13:50:20,5.5,500,185250
20240206,13:51:39,5.6,50,185250
20240206,13:52:16,5.65,50,185250
20240206,13:52:45,5.6,850,185250
20240206,13:52:55,5.65,100,185250
20240206,13:55:53,5.6,50,185150
20240206,13:59:04,5.7,50,185150
20240206,14:01:13,5.85,100,185150
20240206,14:01:36,5.9,50,185150
20240206,14:03:13,5.7,300,185050
20240206,14:03:41,5.8,200,185050
20240206,14:06:27,5.8,150,185250
20240206,14:06:37,5.7,3350,185250
20240206,14:07:03,5.7,100,185250
20240206,14:07:46,5.7,700,185250
20240206,14:07:54,5.8,350,185250
20240206,14:09:35,5.85,150,185600
20240206,14:13:02,5.6,150,185600
20240206,14:13:12,5.65,50,185600
20240206,14:13:34,5.6,150,185600
20240206,14:15:18,5.7,150,185450
20240206,14:15:54,5.7,50,185450
20240206,14:16:48,5.8,50,185450
20240206,14:17:34,5.7,3750,185550
20240206,14:20:02,5.6,100,185550
20240206,14:20:37,5.55,50,188850
20240206,14:20:55,5.55,50,188850
20240206,14:22:06,5.65,200,188850
20240206,14:23:00,5.6,100,188850
20240206,14:23:28,5.7,50,188700
20240206,14:24:41,5.7,150,188700
20240206,14:24:49,5.7,600,188700
20240206,14:24:58,5.7,250,188700
20240206,14:25:07,5.8,2550,188700
20240206,14:25:24,5.85,1800,188700
20240206,14:25:47,5.8,200,188700
20240206,14:26:24,5.8,200,190300
20240206,14:26:55,5.75,50,190300
20240206,14:27:11,5.75,50,190300
20240206,14:27:30,5.6,3700,190300
20240206,14:28:52,5.75,100,190300
20240206,14:30:29,5.8,250,188000
20240206,14:30:43,5.8,50,188000
20240206,14:31:12,5.8,50,188000
20240206,14:31:46,5.85,150,188000
20240206,14:39:23,6.15,100,187750
20240206,14:39:44,6.15,50,187750
20240206,14:40:13,5.95,250,187750
20240206,14:40:28,6.05,700,187750
20240206,14:40:37,5.85,2150,187750
20240206,14:40:46,5.8,200,187750
20240206,14:40:54,5.85,1000,187750
20240206,14:41:10,5.9,900,187750
20240206,14:41:26,5.9,250,187550
20240206,14:41:33,5.95,700,187550
20240206,14:42:10,6.0,250,187550
20240206,14:42:19,6.05,450,187550
20240206,14:42:43,6.05,1100,187550
20240206,14:42:58,6.0,50,187550
20240206,14:43:31,6.1,100,187550
20240206,14:44:29,6.05,100,188000
20240206,14:44:41,6.1,100,188000
20240206,14:44:53,6.05,500,188000
20240206,14:46:03,5.95,150,188000
20240206,14:46:26,6.0,200,188000
20240206,14:47:11,6.0,600,188000
20240206,14:47:44,6.0,100,187300
20240206,14:49:59,5.7,150,187300
20240206,14:50:26,5.8,150,187300
20240206,14:50:53,5.8,50,187300
20240206,14:51:13,5.7,50,187300
20240206,14:51:20,5.7,50,187300
20240206,14:53:17,5.6,100,187300
20240206,14:54:45,5.35,150,187550
20240206,14:54:52,5.4,50,187550
20240206,14:55:28,5.3,300,187550
20240206,14:55:59,5.3,50,187550
20240206,14:56:21,5.45,150,187900
20240206,14:57:59,5.45,250,187900
20240206,14:58:05,5.45,50,187900
20240206,14:58:41,5.45,50,187900
20240206,14:59:42,5.35,50,187900
20240206,15:00:55,5.5,50,187850
20240206,15:01:11,5.45,50,187850
20240206,15:01:57,5.35,150,187850
20240206,15:02:05,5.4,50,187850
20240206,15:02:22,5.4,50,187900
20240206,15:02:45,5.55,100,187900
20240206,15:03:07,5.45,50,187900
20240206,15:04:29,5.3,600,187900
20240206,15:05:02,5.25,1800,187900
20240206,15:06:11,5.5,50,188800
20240206,15:06:27,5.6,100,188800
20240206,15:06:53,5.7,650,188800
20240206,15:07:36,5.6,100,188800
20240206,15:08:20,5.5,100,188800
20240206,15:09:56,5.5,50,187900
20240206,15:10:30,5.55,150,187900
20240206,15:12:05,5.6,200,187800
20240206,15:12:10,5.7,200,187800
20240206,15:12:15,5.7,200,187800
20240206,15:13:01,5.6,300,187800
20240206,15:14:52,5.5,150,188200
20240206,15:16:50,5.55,350,188200
20240206,15:16:58,5.55,150,188200
20240206,15:17:05,5.55,100,188200
20240206,15:17:53,5.45,150,188600
20240206,15:18:31,5.55,100,188600
20240206,15:19:11,5.55,200,188600
20240206,15:19:50,5.6,1100,188600
20240206,15:20:10,5.55,50,188600
20240206,15:20:29,5.65,1100,189550
20240206,15:20:44,5.55,2100,189550
20240206,15:20:56,5.7,50,189550
20240206,15:21:12,5.6,10100,189550
20240206,15:21:20,5.7,500,189550
20240206,15:21:56,5.7,600,189550
20240206,15:22:02,5.65,150,189550
20240206,15:22:07,5.7,250,189550
20240206,15:23:13,5.65,50,189550
20240206,15:23:42,5.7,100,190950
20240206,15:23:56,5.7,100,190950
20240206,15:24:17,5.75,250,190950
20240206,15:24:48,5.8,1150,190950
20240206,15:25:13,5.8,250,190950
20240206,15:25:30,5.85,600,190950
20240206,15:25:41,5.85,750,190950
20240206,15:26:14,5.9,50,190950
20240206,15:26:24,5.9,750,190950
20240206,15:26:33,5.9,800,191350
20240206,15:26:56,6.0,50,191350
20240206,15:27:17,6.0,200,191350
20240206,15:27:24,6.05,150,191350
20240206,15:27:31,6.05,150,191350
20240206,15:27:39,6.05,300,191350
20240206,15:27:49,6.0,4400,191350
20240206,15:28:08,5.95,300,191350
20240206,15:28:29,5.95,150,191350
20240206,15:28:39,5.9,250,191350
20240206,15:29:03,5.8,1400,191350
20240206,15:29:16,5.95,50,191350
20240206,15:29:55,5.85,4900,190600
20240207,09:15:05,7.1,1,190750
20240207,09:15:05,7.1,150,190750
20240207,09:15:21,6.9,50,190750
20240207,09:15:26,6.9,50,190750
20240207,09:15:27,7.7,250,190750
20240207,09:15:42,7.65,150,190750
20240207,09:15:44,7.2,150,190750
20240207,09:15:45,6.95,550,190750
20240207,09:15:47,7.15,100,190750
20240207,09:16:00,7.4,50,190750
20240207,09:16:03,7.35,500,190750
20240207,09:16:05,7.35,200,190750
20240207,09:16:07,7.2,100,190750
20240207,09:16:08,7.35,400,190750
20240207,09:16:09,7.6,500,190750
20240207,09:16:11,7.3,100,190750
20240207,09:16:12,7.2,500,190750
20240207,09:16:26,7.45,350,190750
20240207,09:16:27,7.45,300,190750
20240207,09:16:29,7.45,1600,190550
20240207,09:16:30,7.45,500,190550
20240207,09:16:34,7.45,1550,190550
20240207,09:16:37,7.45,550,190550
20240207,09:16:38,7.45,200,190550
20240207,09:16:39,7.45,250,190550
20240207,09:16:41,7.45,50,190550
20240207,09:17:02,7.5,200,190550
20240207,09:17:11,7.5,50,190550
20240207,09:17:15,7.5,200,190550
20240207,09:17:17,7.4,150,190550
20240207,09:17:24,7.45,400,190550
20240207,09:17:28,7.45,400,190550
20240207,09:17:29,7.45,50,190550
20240207,09:17:30,7.5,100,190550
20240207,09:17:36,7.45,100,190550
20240207,09:17:41,7.5,50,190550
20240207,09:17:42,7.45,1100,190550
20240207,09:17:44,7.45,50,190550
20240207,09:17:52,7.6,100,190550
20240207,09:17:53,7.5,100,190550
20240207,09:18:01,7.55,700,190550
20240207,09:18:04,7.55,100,190550
20240207,09:18:05,7.55,100,190550
20240207,09:18:06,7.65,200,190550
20240207,09:18:22,7.65,150,190550
20240207,09:18:43,7.15,1400,190550
20240207,09:18:55,7.1,350,190550
20240207,09:19:15,7.1,850,190550
20240207,09:19:33,7.2,300,190800
20240207,09:19:42,7.25,300,190800
20240207,09:19:51,7.3,900,190800
20240207,09:20:11,7.2,750,190800
20240207,09:20:22,7.25,600,190800
20240207,09:20:42,7.3,100,190800
20240207,09:20:51,7.4,50,190800
20240207,09:21:01,7.3,250,190800
20240207,09:21:09,7.25,350,190800
20240207,09:21:20,7.15,2350,190800
20240207,09:21:30,7.1,50,190800
20240207,09:21:41,7.1,50,190800
20240207,09:21:51,7.2,50,190800
20240207,09:22:02,7.15,400,190800
20240207,09:22:12,7.2,150,190800
20240207,09:22:42,7.1,50,192800
20240207,09:22:53,7.2,600,192800
20240207,09:23:03,7.0,200,192800
20240207,09:23:33,7.0,100,192800
20240207,09:24:02,7.15,650,192800
20240207,09:24:24,7.3,450,192800
20240207,09:24:45,7.15,200,192800
20240207,09:25:08,7.2,150,192800
20240207,09:25:20,7.1,400,192800
20240207,09:25:31,7.2,1050,193300
20240207,09:25:54,7.2,150,193300
20240207,09:26:15,7.2,150,193300
20240207,09:26:58,7.0,500,193300
20240207,09:27:09,6.8,100,193300
20240207,09:27:20,6.95,150,193300
20240207,09:27:54,6.75,150,193300
20240207,09:28:04,6.75,100,193300
20240207,09:28:16,6.75,500,193300
20240207,09:28:37,6.9,250,192950
20240207,09:28:47,6.9,1850,192950
20240207,09:28:58,7.0,750,192950
20240207,09:29:19,6.95,250,192950
20240207,09:29:29,7.05,100,192950
20240207,09:30:09,7.1,250,192950
20240207,09:30:19,7.05,350,192950
20240207,09:30:30,7.1,450,192950
20240207,09:30:39,7.05,700,192950
20240207,09:30:49,7.1,1000,192950
20240207,09:30:59,7.15,1150,192950
20240207,09:31:10,7.15,50,192950
20240207,09:31:20,7.3,200,192950
20240207,09:31:31,7.3,200,192950
20240207,09:31:42,7.35,450,191450
20240207,09:31:53,7.45,1550,191450
20240207,09:32:03,7.4,2200,191450
20240207,09:32:33,7.4,250,191450
20240207,09:32:52,7.3,50,191450
20240207,09:33:48,7.2,100,191450
20240207,09:34:07,7.15,1300,191450
20240207,09:34:17,7.25,700,191450
20240207,09:34:35,7.15,100,191450
20240207,09:35:37,7.35,50,192950
20240207,09:35:57,7.35,50,192950
20240207,09:36:16,7.4,50,192950
20240207,09:36:55,7.3,500,192950
20240207,09:37:41,7.25,50,193050
20240207,09:38:11,7.25,50,193050
20240207,09:38:22,7.35,50,193050
20240207,09:38:33,7.25,100,193050
20240207,09:38:54,7.35,250,193050
20240207,09:39:16,7.35,50,193050
20240207,09:39:36,7.4,50,193050
20240207,09:39:47,7.35,750,193050
20240207,09:39:58,7.3,300,193050
20240207,09:40:30,7.35,100,193050
20240207,09:41:05,7.4,500,192800
20240207,09:41:15,7.3,900,192800
20240207,09:41:33,7.3,50,192800
20240207,09:41:44,7.2,1500,192800
20240207,09:41:55,7.2,10500,192800
20240207,09:42:04,7.2,6400,192800
20240207,09:42:14,7.15,50,192800
20240207,09:42:25,7.15,100,192800
20240207,09:42:36,7.0,350,192800
20240207,09:42:47,6.9,850,192800
20240207,09:42:57,6.7,650,192800
20240207,09:43:07,6.6,850,192800
20240207,09:43:18,6.6,1400,192800
20240207,09:43:27,6.55,1650,192800
20240207,09:43:37,6.6,2250,195950
20240207,09:43:57,6.6,250,195950
20240207,09:44:18,6.5,100,195950
20240207,09:44:40,6.5,4150,195950
20240207,09:44:50,6.4,14500,195950
20240207,09:45:00,6.4,100,195950
20240207,09:45:21,6.4,450,195950
20240207,09:45:32,6.35,500,195950
20240207,09:45:51,6.35,1050,195950
20240207,09:46:00,6.5,5250,195950
20240207,09:46:28,6.5,50,195950
20240207,09:46:37,6.5,350,202950
20240207,09:46:46,6.5,300,202950
20240207,09:46:55,6.35,1800,202950
20240207,09:47:05,6.25,350,202950
20240207,09:47:15,6.25,800,202950
20240207,09:47:25,6.25,1800,202950
20240207,09:47:35,6.3,500,202950
20240207,09:47:44,6.25,700,202950
20240207,09:48:01,6.25,1100,202950
20240207,09:48:11,6.3,250,202950
20240207,09:48:20,6.3,250,202950
20240207,09:48:28,6.4,300,202950
20240207,09:48:45,6.3,1250,202950
20240207,09:49:13,6.15,950,202950
20240207,09:49:22,6.15,500,202950
20240207,09:49:32,6.25,50,202950
20240207,09:50:19,6.3,600,201500
20240207,09:50:29,6.3,1200,201500
20240207,09:50:48,6.25,250,201500
20240207,09:50:58,6.25,1050,201500
20240207,09:51:08,6.2,200,201500
20240207,09:51:18,6.2,1000,201500
20240207,09:51:37,6.15,800,201500
20240207,09:51:46,6.25,350,201500
20240207,09:52:15,6.25,300,201500
20240207,09:52:32,6.15,50,201500
20240207,09:52:41,6.25,400,202750
20240207,09:53:15,6.2,200,202750
20240207,09:53:23,6.15,600,202750
20240207,09:53:31,6.1,100,202750
20240207,09:53:48,6.1,300,202750
20240207,09:53:58,6.2,400,202750
20240207,09:54:26,6.1,50,202750
20240207,09:54:42,6.1,300,202750
20240207,09:55:15,6.15,250,202750
20240207,09:55:25,6.1,750,202750
20240207,09:55:36,6.1,250,202750
20240207,09:56:15,6.2,600,202650
20240207,09:57:25,6.25,800,202650
20240207,09:57:44,6.2,200,202650
20240207,09:57:54,6.3,100,202650
20240207,09:58:03,6.4,500,202650
20240207,09:58:24,6.5,1550,202650
20240207,09:58:34,6.55,250,202650
20240207,09:59:12,6.45,100,201350
20240207,09:59:31,6.4,300,201350
20240207,09:59:56,6.5,100,201350
20240207,10:00:25,6.4,50,201350
20240207,10:01:18,6.45,1050,201350
20240207,10:01:36,6.45,150,201350
20240207,10:01:45,6.45,1200,201500
20240207,10:02:10,6.4,300,201500
20240207,10:02:37,6.4,950,201500
20240207,10:02:45,6.45,450,201500
20240207,10:02:54,6.45,50,201500
20240207,10:03:03,6.35,1250,201500
20240207,10:03:13,6.25,250,201500
20240207,10:03:50,6.25,50,201500
20240207,10:04:17,6.15,100,201500
20240207,10:04:34,6.0,350,201500
20240207,10:04:52,6.0,50,201700
20240207,10:05:02,6.0,350,201700
20240207,10:05:12,5.9,500,201700
20240207,10:05:23,5.75,300,201700
20240207,10:05:34,5.8,600,201700
20240207,10:05:52,5.65,600,201700
20240207,10:06:02,5.65,350,201700
20240207,10:06:57,5.55,50,201700
20240207,10:08:17,5.55,150,201150
20240207,10:08:51,5.55,100,201150
20240207,10:08:59,5.8,50,201150
20240207,10:09:16,5.7,50,201150
20240207,10:09:33,5.75,50,201150
20240207,10:10:46,5.8,650,201300
20240207,10:10:53,5.8,600,201300
20240207,10:11:01,5.8,50,201300
20240207,10:11:08,5.8,250,201300
20240207,10:11:16,5.75,2450,201300
20240207,10:11:32,5.8,250,201300
20240207,10:11:40,5.75,750,201300
20240207,10:11:48,5.75,600,201300
20240207,10:12:03,5.8,1250,201300
20240207,10:12:11,5.8,250,201300
20240207,10:12:20,5.85,50,201300
20240207,10:12:47,5.9,150,201300
20240207,10:13:02,5.8,150,201300
20240207,10:13:09,5.8,1150,201300
20240207,10:13:38,5.9,150,201300
20240207,10:14:01,6.0,150,202800
20240207,10:14:40,6.25,10350,202800
20240207,10:14:47,6.25,300,202800
20240207,10:15:02,6.3,900,202800
20240207,10:16:02,6.3,400,202800
20240207,10:16:16,6.3,1000,202800
20240207,10:16:30,6.35,250,202800
20240207,10:17:52,6.25,850,202050
20240207,10:18:25,6.3,50,202050
20240207,10:18:35,6.35,100,202050
20240207,10:19:03,6.35,100,202050
20240207,10:19:22,6.35,2000,202050
20240207,10:19:31,6.35,700,202050
20240207,10:19:41,6.35,1550,202050
20240207,10:19:49,6.35,350,202050
20240207,10:19:57,6.35,1000,202050
20240207,10:20:04,6.35,100,202050
20240207,10:20:21,6.3,600,202050
20240207,10:22:22,6.25,900,202050
20240207,10:22:37,6.2,150,202050
20240207,10:22:54,6.25,750,200400
20240207,10:23:02,6.3,400,200400
20240207,10:23:24,6.3,50,200400
20240207,10:23:54,6.3,250,200400
20240207,10:24:00,6.3,300,200400
20240207,10:24:06,6.3,50,200400
20240207,10:24:13,6.4,250,200400
20240207,10:24:47,6.3,100,200400
20240207,10:24:55,6.3,50,200400
20240207,10:25:03,6.3,100,200400
20240207,10:25:32,6.25,100,200400
20240207,10:25:53,6.3,50,199700
20240207,10:26:07,6.3,100,199700
20240207,10:26:45,6.35,250,199700
20240207,10:28:05,6.3,250,199700
20240207,10:28:27,6.35,1600,199700
20240207,10:29:12,6.35,50,199950
20240207,10:29:38,6.4,150,199950
20240207,10:31:11,6.25,50,199950
20240207,10:31:17,6.25,200,199950
20240207,10:31:31,6.2,800,199950
20240207,10:31:38,6.25,150,199950
20240207,10:31:46,6.3,250,200150
20240207,10:33:08,6.25,550,200150
20240207,10:33:35,6.3,100,200150
20240207,10:33:58,6.3,500,200150
20240207,10:34:22,6.3,50,200150
20240207,10:35:14,6.3,100,200650
20240207,10:35:36,6.25,50,200650
20240207,10:36:19,6.05,1050,200650
20240207,10:37:19,6.1,250,200650
20240207,10:37:49,5.9,300,199550
20240207,10:38:09,6.0,50,199550
20240207,10:39:11,5.9,250,199550
20240207,10:39:48,6.0,400,199550
20240207,10:40:04,5.95,300,199550
20240207,10:40:43,5.95,50,200150
20240207,10:40:51,6.05,100,200150
20240207,10:41:18,6.1,50,200150
20240207,10:41:30,6.2,50,200150
20240207,10:42:11,6.05,50,200150
20240207,10:42:27,6.05,600,200150
20240207,10:43:01,5.95,450,200150
20240207,10:43:13,5.95,50,200150
20240207,10:43:35,6.1,350,200150
20240207,10:43:42,6.25,13300,209800
20240207,10:43:49,6.15,2300,209800
20240207,10:43:56,6.15,800,209800
20240207,10:44:04,6.2,9000,209800
20240207,10:44:24,6.2,500,209800
20240207,10:44:44,6.2,100,209800
20240207,10:44:56,6.2,100,209800
20240207,10:45:26,6.25,300,209800
20240207,10:45:44,6.25,50,209800
20240207,10:45:58,6.35,100,209800
20240207,10:47:11,6.3,50,218650
20240207,10:47:22,6.2,50,218650
20240207,10:47:32,6.25,50,218650
20240207,10:47:53,6.2,50,218650
20240207,10:48:08,6.2,500,218650
20240207,10:48:51,6.2,150,218650
20240207,10:51:51,6.25,250,218200
20240207,10:51:57,6.2,350,218200
20240207,10:52:04,6.2,500,218200
20240207,10:52:15,6.25,750,218200
20240207,10:52:49,6.3,50,219300
20240207,10:53:06,6.4,1400,219300
20240207,10:53:13,6.45,1650,219300
20240207,10:53:22,6.45,700,219300
20240207,10:53:44,6.5,1600,219300
20240207,10:53:51,6.55,850,219300
20240207,10:53:57,6.6,5600,219300
20240207,10:54:26,6.55,450,219300
20240207,10:54:30,6.6,1400,219300
20240207,10:54:34,6.7,3800,219300
20240207,10:54:47,6.7,200,219300
20240207,10:54:58,6.65,300,219300
20240207,10:55:22,6.65,900,219300
20240207,10:55:27,6.6,100,219300
20240207,10:55:51,6.6,1900,216450
20240207,10:56:18,6.5,250,216450
20240207,10:56:31,6.5,150,216450
20240207,10:56:35,6.5,200,216450
20240207,10:56:39,6.5,5650,216450
20240207,10:57:21,6.35,1250,216450
20240207,10:57:40,6.4,100,216450
20240207,10:57:46,6.35,250,216450
20240207,10:58:41,6.2,50,216450
20240207,10:58:53,6.2,50,215500
20240207,10:59:09,6.2,200,215500
20240207,10:59:13,6.25,50,215500
20240207,10:59:18,6.2,200,215500
20240207,10:59:29,6.2,500,215500
20240207,10:59:34,6.15,50,215500
20240207,11:00:18,6.1,50,215500
20240207,11:00:25,6.15,1250,215500
20240207,11:02:25,6.15,100,216400
20240207,11:02:36,6.15,100,216400
20240207,11:02:45,6.15,300,216400
20240207,11:03:19,6.1,850,216400
20240207,11:03:32,6.05,750,216400
20240207,11:03:46,6.1,1000,216400
20240207,11:05:25,6.0,200,216400
20240207,11:05:33,6.0,100,216400
20240207,11:05:54,6.0,800,216400
20240207,11:06:09,6.0,100,216400
20240207,11:06:17,5.9,1000,216400
20240207,11:07:44,5.9,2250,216400
20240207,11:07:51,5.85,1850,219500
20240207,11:08:28,5.8,1400,219500
20240207,11:08:35,5.8,600,219500
20240207,11:08:56,5.8,50,219500
20240207,11:09:02,5.8,3600,219500
20240207,11:09:09,5.8,50,219500
20240207,11:09:15,5.8,1850,219500
20240207,11:09:42,5.8,50,219500
20240207,11:11:16,5.8,50,223650
20240207,11:12:01,5.85,500,223650
20240207,11:12:07,5.9,750,223650
20240207,11:12:13,5.9,50,223650
20240207,11:12:43,5.9,200,223650
20240207,11:12:55,5.9,900,223650
20240207,11:13:01,5.9,250,223650
20240207,11:13:06,5.9,200,223650
20240207,11:13:17,5.9,300,223650
20240207,11:13:32,5.85,300,223650
20240207,11:14:05,5.9,200,224200
20240207,11:16:05,5.9,200,224200
20240207,11:16:22,5.85,50,224200
20240207,11:16:32,5.9,150,224200
20240207,11:16:39,5.9,300,224200
20240207,11:17:07,5.95,950,224200
20240207,11:17:33,6.0,50,224200
20240207,11:17:59,6.0,200,224200
20240207,11:18:03,6.0,100,224200
20240207,11:22:09,6.0,1000,224250
20240207,11:22:31,5.9,1500,224250
20240207,11:23:00,6.05,150,223750
20240207,11:24:11,6.0,550,223750
20240207,11:24:29,5.9,500,223750
20240207,11:24:49,5.9,1000,223750
20240207,11:25:04,5.85,650,223750
20240207,11:25:20,5.9,150,223750
20240207,11:25:41,6.0,50,223750
20240207,11:26:37,5.95,450,224400
20240207,11:26:45,5.95,1350,224400
20240207,11:26:54,5.9,50,224400
20240207,11:27:11,5.9,50,224400
20240207,11:27:48,5.9,150,224400
20240207,11:29:33,5.7,4000,224500
20240207,11:30:20,5.75,100,224500
20240207,11:31:04,5.8,100,224500
20240207,11:31:10,5.8,650,224500
20240207,11:31:21,5.8,1800,224500
20240207,11:31:45,5.75,1800,224500
20240207,11:31:55,5.75,900,224800
20240207,11:32:16,5.65,450,224800
20240207,11:32:25,5.65,350,224800
20240207,11:32:34,5.7,2150,224800
20240207,11:32:43,5.7,650,224800
20240207,11:33:00,5.6,100,224800
20240207,11:33:09,5.6,100,224800
20240207,11:33:19,5.65,350,224800
20240207,11:33:38,5.6,550,224800
20240207,11:33:56,5.65,100,224800
20240207,11:34:20,5.55,50,224800
20240207,11:35:08,5.55,200,225000
20240207,11:35:16,5.6,350,225000
20240207,11:35:25,5.6,50,225000
20240207,11:35:33,5.6,750,225000
20240207,11:36:00,5.65,100,225000
20240207,11:36:09,5.65,100,225000
20240207,11:36:17,5.6,1750,225000
20240207,11:36:40,5.65,1350,225000
20240207,11:36:56,5.7,250,225000
20240207,11:37:47,5.6,350,225000
20240207,11:38:04,5.55,150,225450
20240207,11:38:15,5.5,850,225450
20240207,11:38:26,5.5,200,225450
20240207,11:38:35,5.55,300,225450
20240207,11:39:10,5.55,50,225450
20240207,11:40:04,5.5,900,225450
20240207,11:40:36,5.45,50,225450
20240207,11:40:51,5.45,350,225450
20240207,11:40:58,5.45,50,227350
20240207,11:41:12,5.45,50,227350
20240207,11:41:20,5.55,450,227350
20240207,11:41:27,5.5,150,227350
20240207,11:41:35,5.5,750,227350
20240207,11:41:57,5.55,150,227350
20240207,11:42:03,5.5,100,227350
20240207,11:42:10,5.5,150,227350
20240207,11:42:25,5.5,1150,227350
20240207,11:42:32,5.5,200,227350
20240207,11:42:40,5.5,1200,227350
20240207,11:42:48,5.5,300,227350
20240207,11:43:41,5.5,250,227350
20240207,11:43:48,5.45,150,227350
20240207,11:45:02,5.5,150,231450
20240207,11:45:44,5.45,300,231450
20240207,11:46:01,5.55,50,231450
20240207,11:46:41,5.55,550,231450
20240207,11:46:57,5.6,650,232050
20240207,11:47:05,5.6,300,232050
20240207,11:48:01,5.5,250,232050
20240207,11:48:08,5.6,250,232050
20240207,11:48:36,5.6,800,232050
20240207,11:49:00,5.6,150,232050
20240207,11:49:17,5.6,400,232050
20240207,11:49:25,5.6,200,232050
20240207,11:49:33,5.55,350,232050
20240207,11:49:41,5.6,350,232050
20240207,11:49:49,5.7,4550,232050
20240207,11:50:21,5.6,250,227050
20240207,11:50:28,5.6,50,227050
20240207,11:50:58,5.7,50,227050
20240207,11:51:06,5.7,50,227050
20240207,11:51:22,5.55,400,227050
20240207,11:52:13,5.65,150,227050
20240207,11:52:20,5.7,450,227050
20240207,11:52:27,5.75,2100,227050
20240207,11:52:34,5.8,500,227050
20240207,11:52:49,5.75,350,227050
20240207,11:53:23,5.75,1700,227000
20240207,11:53:46,5.75,200,227000
20240207,11:53:54,5.8,1100,227000
20240207,11:54:02,5.85,1150,227000
20240207,11:54:10,5.9,700,227000
20240207,11:54:18,5.85,100,227000
20240207,11:54:25,5.8,100,227000
20240207,11:54:33,5.75,150,227000
20240207,11:54:48,5.8,100,227000
20240207,11:54:56,5.9,100,227000
20240207,11:55:04,5.75,50,227000
20240207,11:55:11,5.75,150,227000
20240207,11:55:19,5.75,50,227000
20240207,11:55:27,5.7,200,227000
20240207,11:55:44,5.75,300,227000
20240207,11:55:52,5.7,550,227000
20240207,11:56:00,5.7,50,226600
20240207,11:56:09,5.7,50,226600
20240207,11:56:17,5.7,50,226600
20240207,11:56:26,5.6,150,226600
20240207,11:56:35,5.6,150,226600
20240207,11:56:45,5.6,150,226600
20240207,11:57:02,5.5,250,226600
20240207,11:57:11,5.55,100,226600
20240207,11:57:19,5.5,1050,226600
20240207,11:57:45,5.45,350,226600
20240207,11:59:15,5.4,2000,226500
20240207,11:59:46,5.4,50,226500
20240207,12:00:15,5.35,100,226500
20240207,12:00:30,5.35,100,226500
