date,time,tick_price,volume,open_interest
20240202,12:04:23,9.85,50,300
20240202,12:05:32,8.6,250,300
20240202,12:06:32,8.2,250,300
20240202,12:06:40,8.55,50,300
20240202,12:07:06,8.5,200,300
20240202,12:07:55,8.35,2100,300
20240202,12:08:03,8.35,50,300
20240202,12:08:10,8.3,150,300
20240202,12:08:18,8.35,50,300
20240202,12:08:26,8.35,50,300
20240202,12:09:52,8.4,50,3000
20240202,12:10:58,8.15,50,3000
20240202,12:11:44,8.15,50,3100
20240202,12:12:07,8.2,50,3100
20240202,12:12:21,8.2,250,3100
20240202,12:12:55,7.85,1950,3100
20240202,12:13:17,8.15,2150,3100
20240202,12:14:09,8.25,50,3100
20240202,12:14:24,8.3,150,3100
20240202,12:14:31,8.3,100,3100
20240202,12:14:46,8.3,50,5600
20240202,12:15:38,8.1,50,5600
20240202,12:15:52,8.0,50,5600
20240202,12:16:13,8.0,100,5600
20240202,12:16:21,8.0,50,5600
20240202,12:18:38,8.2,50,5800
20240202,12:20:47,8.2,50,5850
20240202,12:23:54,8.15,100,5800
20240202,12:24:30,8.25,50,5800
20240202,12:24:54,8.3,100,5800
20240202,12:25:18,8.2,50,5800
20240202,12:25:34,8.2,100,5800
20240202,12:27:26,8.15,100,5900
20240202,12:29:38,8.25,200,5900
20240202,12:30:44,9.15,50,5850
20240202,12:31:49,9.0,50,5850
20240202,12:31:59,8.95,50,5850
20240202,12:32:09,8.95,50,5850
20240202,12:33:07,9.0,100,5800
20240202,12:34:54,8.1,50,5800
20240202,12:36:31,9.35,50,5800
20240202,12:41:26,9.0,700,5800
20240202,12:41:36,9.05,50,5800
20240202,12:42:15,6.05,150,5450
20240202,12:42:44,6.05,150,5450
20240202,12:43:14,9.05,50,5450
20240202,12:43:24,9.05,50,5450
20240202,12:46:35,9.0,50,5450
20240202,12:50:16,9.7,50,5400
20240202,12:50:34,9.95,50,5400
20240202,12:50:58,9.95,200,5400
20240202,12:51:07,9.6,450,5400
20240202,12:51:16,9.55,100,5400
20240202,12:51:24,9.4,300,5400
20240202,12:53:10,9.45,50,5400
20240202,12:53:20,9.3,50,5400
20240202,12:54:51,9.1,50,5500
20240202,12:56:00,9.1,300,5500
20240202,12:56:43,9.25,200,5500
20240202,12:58:02,9.2,100,5500
20240202,13:00:42,9.75,100,5400
20240202,13:02:14,9.4,100,5400
20240202,13:02:57,9.15,100,5300
20240202,13:08:19,9.3,100,5300
20240202,13:12:46,9.65,100,5200
20240202,13:14:28,9.6,500,5200
20240202,13:15:04,10.2,200,5200
20240202,13:15:31,10.8,50,5200
20240202,13:16:56,10.8,100,5200
20240202,13:25:12,11.5,50,5100
20240202,13:25:19,11.55,100,5100
20240202,13:25:27,11.85,400,5100
20240202,13:26:11,11.85,50,5100
20240202,13:29:30,10.25,400,5500
20240202,13:30:03,11.0,1600,5350
20240202,13:30:34,11.2,50,5350
20240202,13:30:58,11.4,200,5350
20240202,13:31:06,11.4,200,5350
20240202,13:31:52,11.8,50,5350
20240202,13:33:26,11.95,1800,6000
20240202,13:33:34,12.2,200,6000
20240202,13:33:42,12.2,50,6000
20240202,13:33:57,11.75,200,6000
20240202,13:34:37,11.6,200,6000
20240202,13:35:09,11.95,500,6000
20240202,13:35:41,11.2,200,6000
20240202,13:35:51,11.05,50,6000
20240202,13:36:33,11.1,200,6450
20240202,13:37:53,11.0,800,6450
20240202,13:38:09,10.9,200,6450
20240202,13:38:27,10.75,250,6450
20240202,13:40:45,10.1,200,6750
20240202,13:41:34,10.4,200,6750
20240202,13:41:57,10.4,50,6600
20240202,13:42:21,10.4,100,6600
20240202,13:44:02,10.55,350,6600
20240202,13:47:24,10.05,50,6400
20240202,13:47:39,10.15,200,6400
20240202,13:48:21,10.15,100,6350
20240202,13:48:42,10.0,200,6350
20240202,13:50:57,10.65,50,6500
20240202,13:51:04,10.65,50,6500
20240202,13:51:41,10.6,100,6500
20240202,13:53:30,10.25,100,6500
20240202,13:53:52,9.9,50,6550
20240202,13:54:22,9.75,150,6550
20240202,13:55:37,9.85,100,6550
20240202,13:55:51,9.8,50,6550
20240202,13:55:58,9.7,100,6550
20240202,13:57:05,9.9,50,6850
20240202,13:57:24,9.9,50,6850
20240202,13:57:51,10.05,100,6850
20240202,14:05:35,9.25,100,6850
20240202,14:10:21,7.1,400,6850
20240202,14:10:39,8.85,350,6850
20240202,14:11:53,9.2,100,7250
20240202,14:12:02,9.25,100,7250
20240202,14:13:04,9.45,50,7250
20240202,14:13:11,9.55,100,7250
20240202,14:13:18,9.6,150,7250
20240202,14:13:33,9.6,100,7250
20240202,14:13:40,9.55,200,7250
20240202,14:13:47,9.45,100,7250
20240202,14:14:02,9.5,50,7250
20240202,14:14:23,9.45,50,7250
20240202,14:16:11,9.7,1000,7300
20240202,14:16:47,9.5,100,7300
20240202,14:20:54,9.6,50,7300
20240202,14:24:01,9.45,400,7250
20240202,14:24:08,9.3,1900,7250
20240202,14:24:15,9.3,2250,7250
20240202,14:24:23,9.2,500,7250
20240202,14:24:31,9.0,500,7250
20240202,14:25:12,9.0,50,7250
20240202,14:25:42,8.9,50,7250
20240202,14:28:43,9.2,50,10750
20240202,14:30:14,9.3,900,10750
20240202,14:30:28,9.35,50,10750
20240202,14:31:17,9.1,150,10750
20240202,14:31:50,9.05,250,10750
20240202,14:31:58,9.05,50,10750
20240202,14:32:03,9.0,50,10750
20240202,14:33:28,8.95,50,11600
20240202,14:34:10,8.85,900,11600
20240202,14:35:05,8.9,250,11600
20240202,14:35:34,9.15,50,11600
20240202,14:35:51,9.1,200,11600
20240202,14:35:56,9.15,350,12550
20240202,14:36:00,9.0,250,12550
20240202,14:36:06,9.0,500,12550
20240202,14:36:19,8.85,50,12550
20240202,14:38:14,8.7,50,12550
20240202,14:40:12,8.6,900,12500
20240202,14:40:43,8.45,1800,12500
20240202,14:42:14,8.55,300,15200
20240202,14:42:46,8.6,150,15200
20240202,14:42:58,8.5,150,15200
20240202,14:43:58,8.1,200,15200
20240202,14:44:19,8.0,200,15200
20240202,14:44:27,7.95,100,15200
20240202,14:46:40,8.3,50,14750
20240202,14:52:34,8.7,100,14750
20240202,14:52:53,8.7,600,14750
20240202,14:53:02,8.9,200,14750
20240202,14:53:43,8.95,200,14750
20240202,14:54:01,9.3,150,14850
20240202,14:54:10,9.15,50,14850
20240202,14:54:34,9.05,50,14850
20240202,14:56:04,9.55,200,14850
20240202,14:57:11,9.9,150,14850
20240202,14:58:07,10.25,200,14850
20240202,14:59:03,10.1,150,14850
20240202,15:00:05,9.6,50,14950
20240202,15:00:25,9.25,100,14950
20240202,15:01:43,9.1,200,14950
20240202,15:02:29,9.5,50,14950
20240202,15:03:34,9.8,300,15000
20240202,15:03:44,9.75,50,15000
20240202,15:04:11,9.8,50,15000
20240202,15:04:21,9.8,100,15000
20240202,15:04:29,9.7,600,15000
20240202,15:06:14,9.35,50,15850
20240202,15:06:23,9.25,50,15850
20240202,15:06:50,8.85,50,15850
20240202,15:08:22,8.8,100,15850
20240202,15:11:13,8.9,50,15850
20240202,15:12:40,8.85,200,15850
20240202,15:13:25,8.95,50,15850
20240202,15:14:35,9.1,200,15850
20240202,15:16:34,9.6,300,16150
20240202,15:16:42,9.55,200,16150
20240202,15:17:35,9.3,150,16150
20240202,15:18:29,9.3,850,16600
20240202,15:23:25,9.3,50,17450
20240202,15:23:48,9.4,50,17450
20240202,15:25:12,9.4,50,17500
20240202,15:26:03,9.75,50,17500
20240202,15:28:11,9.25,50,17500
20240202,15:28:27,9.35,500,17500
20240202,15:29:24,7.15,100,17500
20240205,09:27:34,9.3,1,17050
20240205,09:27:34,9.3,100,17050
20240205,09:27:42,9.35,300,17050
20240205,09:27:56,9.4,50,17050
20240205,09:28:03,9.4,50,17050
20240205,09:28:17,9.5,50,17250
20240205,09:28:23,9.5,300,17250
20240205,09:28:31,9.25,300,17250
20240205,09:28:39,9.5,50,17250
20240205,09:28:47,9.6,50,17250
20240205,09:28:55,9.7,50,17250
20240205,09:30:06,9.7,500,17250
20240205,09:30:14,9.65,50,17250
20240205,09:30:52,9.95,100,17250
20240205,09:31:06,9.95,50,17250
20240205,09:31:43,9.8,50,17650
20240205,09:31:50,9.75,300,17650
20240205,09:31:57,9.55,100,17650
20240205,09:32:05,9.5,100,17650
20240205,09:33:05,9.9,100,17650
20240205,09:33:36,9.8,50,17650
20240205,09:34:07,9.85,150,17650
20240205,09:34:29,9.5,350,17650
20240205,09:34:36,9.7,50,17650
20240205,09:35:12,9.95,500,17650
20240205,09:35:27,9.8,100,17650
20240205,09:35:34,9.7,150,17650
20240205,09:35:42,9.65,50,17650
20240205,09:37:42,9.55,50,18400
20240205,09:37:49,9.5,150,18400
20240205,09:38:11,9.25,250,18400
20240205,09:38:17,9.4,50,18400
20240205,09:38:54,9.15,250,18400
20240205,09:39:09,9.05,250,18400
20240205,09:39:24,9.25,50,18400
20240205,09:40:00,9.2,50,18400
20240205,09:40:08,9.05,100,18400
20240205,09:40:16,9.05,100,19100
20240205,09:40:33,9.05,100,19100
20240205,09:40:41,9.1,600,19100
20240205,09:40:49,9.05,150,19100
20240205,09:40:56,9.05,50,19100
20240205,09:41:03,8.9,50,19100
20240205,09:41:11,8.9,150,19100
20240205,09:41:19,9.05,150,19100
20240205,09:41:26,9.1,50,19100
20240205,09:41:34,9.1,1150,19100
20240205,09:41:57,9.25,200,19100
20240205,09:42:26,9.15,200,19100
20240205,09:42:41,9.1,150,19100
20240205,09:43:10,9.1,100,19100
20240205,09:43:38,9.05,50,21350
20240205,09:43:45,9.2,50,21350
20240205,09:43:52,9.3,50,21350
20240205,09:43:59,9.35,150,21350
20240205,09:44:06,9.3,100,21350
20240205,09:44:59,9.35,200,21350
20240205,09:46:48,9.25,50,21600
20240205,09:48:22,9.0,50,21600
20240205,09:49:20,8.9,50,21550
20240205,09:49:34,8.85,150,21550
20240205,09:50:12,8.85,200,21550
20240205,09:50:20,8.85,700,21550
20240205,09:50:29,8.85,350,21550
20240205,09:50:39,8.85,100,21550
20240205,09:51:06,8.8,100,21550
20240205,09:51:14,8.9,50,21550
20240205,09:51:24,8.8,50,21550
20240205,09:51:33,8.75,50,21550
20240205,09:52:25,8.75,50,21850
20240205,09:53:08,8.6,1000,21850
20240205,09:53:16,8.6,50,21850
20240205,09:53:23,8.6,100,21850
20240205,09:53:32,8.65,100,21850
20240205,09:53:40,8.6,200,21850
20240205,09:53:47,8.8,50,21850
20240205,09:53:55,8.8,50,21850
20240205,09:54:17,8.85,50,21850
20240205,09:54:24,8.85,150,21850
20240205,09:54:38,8.8,250,21850
20240205,09:54:45,8.7,50,21850
20240205,09:54:52,8.65,800,21850
20240205,09:55:06,8.75,50,21850
20240205,09:55:27,8.8,300,23600
20240205,09:55:42,8.85,400,23600
20240205,09:55:49,8.75,1200,23600
20240205,09:55:56,8.85,100,23600
20240205,09:56:29,8.75,250,23600
20240205,09:56:37,8.8,300,23600
20240205,09:57:00,8.85,50,23600
20240205,09:57:13,8.85,50,23600
20240205,09:57:20,8.8,100,23600
20240205,09:57:27,8.85,700,23600
20240205,09:57:40,8.85,400,23600
20240205,09:57:47,8.85,50,23600
20240205,09:58:05,8.75,200,23600
20240205,09:58:29,8.65,200,24800
20240205,09:58:35,8.7,50,24800
20240205,09:58:49,8.6,100,24800
20240205,09:58:55,8.6,400,24800
20240205,09:59:41,8.7,100,24800
20240205,10:00:01,8.7,50,24800
20240205,10:00:08,8.7,50,24800
20240205,10:00:14,8.65,50,24800
20240205,10:00:52,8.8,50,24800
20240205,10:01:04,8.8,100,24800
20240205,10:01:23,8.8,50,25350
20240205,10:01:37,8.65,50,25350
20240205,10:02:00,8.55,50,25350
20240205,10:02:25,8.55,50,25350
20240205,10:03:00,8.75,100,25350
20240205,10:03:13,8.8,50,25350
20240205,10:03:21,8.7,50,25350
20240205,10:03:35,8.75,50,25350
20240205,10:04:27,8.95,50,25400
20240205,10:04:37,8.95,50,25400
20240205,10:04:48,9.0,50,25400
20240205,10:04:59,9.0,50,25400
20240205,10:05:19,9.0,50,25400
20240205,10:05:59,8.7,50,25400
20240205,10:06:48,8.9,50,25400
20240205,10:07:07,8.85,50,25400
20240205,10:10:37,8.6,50,25500
20240205,10:11:40,8.65,50,25500
20240205,10:11:51,8.7,50,25500
20240205,10:12:01,8.65,400,25500
20240205,10:12:10,8.7,50,25500
20240205,10:12:19,8.7,50,25500
20240205,10:13:05,8.65,50,25500
20240205,10:13:32,8.65,100,25100
20240205,10:14:01,8.65,50,25100
20240205,10:14:20,8.6,100,25100
20240205,10:14:47,8.55,100,25100
20240205,10:15:25,8.55,150,25100
20240205,10:15:33,8.55,100,25100
20240205,10:15:42,8.7,50,25100
20240205,10:16:11,8.75,50,25100
20240205,10:16:22,8.6,50,25550
20240205,10:16:51,8.7,50,25550
20240205,10:17:10,8.8,50,25550
20240205,10:17:30,9.0,200,25550
20240205,10:17:40,9.05,50,25550
20240205,10:18:01,9.1,50,25550
20240205,10:18:11,9.2,650,25550
20240205,10:18:43,9.35,50,25550
20240205,10:19:13,9.5,50,25550
20240205,10:20:04,9.85,50,25100
20240205,10:20:14,9.95,400,25100
20240205,10:20:24,9.95,50,25100
20240205,10:20:44,9.4,150,25100
20240205,10:20:54,9.15,50,25100
20240205,10:21:03,9.4,200,25100
20240205,10:21:13,9.7,200,25100
20240205,10:21:33,9.75,100,25100
20240205,10:21:43,9.8,150,25100
20240205,10:22:11,9.45,50,25100
20240205,10:22:20,9.15,400,25100
20240205,10:22:29,9.45,50,24600
20240205,10:22:48,9.35,1050,24600
20240205,10:22:57,9.35,150,24600
20240205,10:23:24,9.2,50,24600
20240205,10:23:52,9.45,50,24600
20240205,10:24:10,9.2,250,24600
20240205,10:24:29,9.15,50,24600
20240205,10:24:38,9.0,200,24600
20240205,10:25:07,8.8,50,24600
20240205,10:25:25,9.05,600,25100
20240205,10:25:34,8.95,150,25100
20240205,10:25:50,9.0,50,25100
20240205,10:25:59,8.9,150,25100
20240205,10:26:09,8.8,50,25100
20240205,10:26:26,8.8,550,25100
20240205,10:27:09,8.75,50,25100
20240205,10:27:44,9.0,50,25100
20240205,10:28:08,8.95,50,25100
20240205,10:29:00,8.85,100,25550
20240205,10:29:08,8.8,300,25550
20240205,10:29:24,8.8,500,25550
20240205,10:29:32,8.8,100,25550
20240205,10:29:40,8.8,100,25550
20240205,10:29:49,8.95,50,25550
20240205,10:30:33,8.85,50,25550
20240205,10:30:41,9.0,100,25550
20240205,10:30:56,9.0,200,25550
20240205,10:31:20,9.3,50,25550
20240205,10:31:28,9.3,100,26050
20240205,10:31:45,9.45,50,26050
20240205,10:32:01,9.5,50,26050
20240205,10:32:27,9.55,50,26050
20240205,10:33:01,9.6,50,26050
20240205,10:33:17,9.45,100,26050
20240205,10:34:20,9.55,50,26050
20240205,10:34:43,9.4,100,26200
20240205,10:34:51,9.45,50,26200
20240205,10:34:58,9.45,200,26200
20240205,10:35:59,9.6,50,26200
20240205,10:37:04,9.15,100,26200
20240205,10:37:54,8.95,1050,26650
20240205,10:38:03,8.95,50,26650
20240205,10:38:54,8.8,50,26650
20240205,10:40:30,8.85,50,27450
20240205,10:41:00,8.85,100,27450
20240205,10:41:07,8.75,50,27450
20240205,10:41:22,8.85,100,27450
20240205,10:42:25,8.7,50,27450
20240205,10:43:25,8.6,100,27450
20240205,10:43:50,8.6,150,27450
20240205,10:45:12,8.35,50,27450
20240205,10:45:21,8.35,150,27450
20240205,10:45:38,8.35,50,27450
20240205,10:46:30,8.45,50,27650
20240205,10:46:47,8.4,100,27650
20240205,10:46:56,8.4,100,27650
20240205,10:47:05,8.5,300,27650
20240205,10:47:14,8.5,50,27650
20240205,10:49:14,8.65,100,27650
20240205,10:51:35,8.8,50,27550
20240205,10:52:42,8.95,100,27550
20240205,10:53:06,8.8,50,27550
20240205,10:53:42,8.7,100,27550
20240205,10:55:41,8.55,50,27600
20240205,10:56:36,8.6,50,27600
20240205,10:56:56,8.55,100,27600
20240205,10:57:03,8.5,200,27600
20240205,10:59:26,8.6,50,27650
20240205,10:59:47,8.55,50,27650
20240205,10:59:53,8.6,100,27650
20240205,10:59:59,8.6,50,27650
20240205,11:00:06,8.6,350,27650
20240205,11:00:20,8.6,50,27650
20240205,11:03:07,8.3,50,28150
20240205,11:03:15,8.3,150,28150
20240205,11:03:23,8.3,150,28150
20240205,11:08:56,8.65,50,28150
20240205,11:12:07,8.4,100,28350
20240205,11:12:14,8.4,50,28350
20240205,11:12:30,8.4,50,28350
20240205,11:13:37,8.15,150,28450
20240205,11:13:44,8.15,150,28450
20240205,11:16:12,8.15,50,28450
20240205,11:16:28,8.25,200,28450
20240205,11:16:52,8.2,50,28450
20240205,11:17:11,8.2,50,28350
20240205,11:17:28,8.15,50,28350
20240205,11:17:48,8.1,500,28350
20240205,11:17:57,8.05,50,28350
20240205,11:18:15,8.05,300,28350
20240205,11:18:56,8.05,50,28350
20240205,11:20:05,8.2,50,29200
20240205,11:20:15,8.25,50,29200
20240205,11:21:43,8.2,300,29200
20240205,11:26:59,8.3,50,29000
20240205,11:27:17,8.4,50,29000
20240205,11:29:38,8.2,1000,29050
20240205,11:29:43,8.2,50,29050
20240205,11:29:48,8.2,50,29050
20240205,11:31:46,8.05,50,28950
20240205,11:32:20,8.15,1000,28950
20240205,11:32:37,8.1,50,28950
20240205,11:32:42,8.1,50,28950
20240205,11:33:59,8.15,50,28950
20240205,11:34:32,8.05,150,29250
20240205,11:35:53,8.05,100,29250
20240205,11:36:11,7.95,50,29250
20240205,11:36:55,7.95,100,29250
20240205,11:37:00,8.0,50,29250
20240205,11:37:15,8.0,50,29250
20240205,11:37:22,8.05,50,29250
20240205,11:37:29,8.05,50,29250
20240205,11:37:49,7.9,50,29450
20240205,11:38:13,7.9,50,29450
20240205,11:39:41,7.75,50,29450
20240205,11:40:28,7.7,100,29450
20240205,11:41:39,7.7,500,29600
20240205,11:42:34,7.85,50,29600
20240205,11:42:53,7.9,50,29600
20240205,11:43:40,7.95,50,29700
20240205,11:43:46,8.0,50,29700
20240205,11:44:36,8.1,100,29700
20240205,11:45:02,8.0,50,29700
20240205,11:45:35,8.05,50,29700
20240205,11:46:19,8.2,50,29700
20240205,11:46:26,8.2,100,29700
20240205,11:47:29,8.1,100,29600
20240205,11:48:22,7.95,50,29600
20240205,11:48:28,8.0,50,29600
20240205,11:48:34,8.05,100,29600
20240205,11:50:09,7.9,1850,29600
20240205,11:50:37,7.85,300,29600
20240205,11:51:01,7.9,50,29600
20240205,11:51:11,7.85,100,29600
20240205,11:51:21,7.85,50,29600
20240205,11:51:27,7.85,100,29600
20240205,11:52:15,7.85,50,29600
20240205,11:52:30,7.85,50,29600
20240205,11:52:53,7.85,50,31750
20240205,11:54:06,7.9,50,31750
20240205,11:54:14,7.9,50,31750
20240205,11:55:15,7.9,50,31750
20240205,11:55:20,7.85,50,31750
20240205,11:55:31,7.85,50,31750
20240205,11:55:59,7.85,250,31800
20240205,11:56:49,7.85,50,31800
20240205,11:57:04,7.85,50,31800
20240205,11:58:05,7.85,150,31800
20240205,11:58:47,7.85,50,32000
20240205,11:59:29,7.7,50,32000
20240205,11:59:39,7.7,350,32000
20240205,12:01:15,7.7,50,32000
20240205,12:02:06,7.75,50,32150
20240205,12:03:09,7.75,50,32150
20240205,12:04:03,7.85,50,32150
20240205,12:04:53,7.95,50,32200
20240205,12:05:09,7.9,50,32200
20240205,12:05:38,7.95,50,32200
20240205,12:06:12,8.0,50,32200
20240205,12:06:42,8.1,50,32200
20240205,12:08:55,8.2,100,32300
20240205,12:09:12,8.2,150,32300
20240205,12:09:32,8.15,900,32300
20240205,12:09:38,8.15,1100,32300
20240205,12:10:00,8.0,350,32300
20240205,12:10:22,7.8,1150,32300
20240205,12:10:27,7.95,2500,32300
20240205,12:10:33,7.95,400,32300
20240205,12:10:43,7.95,100,36850
20240205,12:10:47,7.9,100,36850
20240205,12:10:52,7.95,150,36850
20240205,12:11:07,7.9,150,36850
20240205,12:11:12,7.9,100,36850
20240205,12:12:14,7.7,50,36850
20240205,12:12:56,7.6,50,36850
20240205,12:13:16,7.5,600,36850
20240205,12:13:44,7.45,50,37650
20240205,12:13:52,7.45,50,37650
20240205,12:14:02,7.45,350,37650
20240205,12:14:06,7.45,50,37650
20240205,12:14:12,7.4,100,37650
20240205,12:14:23,7.35,50,37650
20240205,12:14:29,7.35,50,37650
20240205,12:14:34,7.4,2300,37650
20240205,12:15:04,7.35,50,37650
20240205,12:15:15,7.25,50,37650
20240205,12:15:27,7.25,50,37650
20240205,12:15:57,7.2,100,37650
20240205,12:16:07,7.15,100,37650
20240205,12:16:21,7.15,50,37650
20240205,12:16:31,7.25,50,37650
20240205,12:16:44,7.25,400,39900
20240205,12:17:30,7.2,100,39900
20240205,12:18:33,7.15,100,39900
20240205,12:18:40,7.2,250,39900
20240205,12:18:55,7.15,150,39900
20240205,12:19:01,7.15,100,39900
20240205,12:19:07,7.2,200,39900
20240205,12:19:18,7.15,100,39900
20240205,12:19:27,7.15,50,39900
20240205,12:20:03,7.2,50,40700
20240205,12:21:07,7.3,50,40700
20240205,12:22:00,7.25,150,40700
20240205,12:24:41,7.35,100,40650
20240205,12:26:28,7.7,50,40150
20240205,12:26:56,7.7,100,40150
20240205,12:31:10,7.7,50,40000
20240205,12:32:25,7.65,350,39900
20240205,12:33:01,7.7,100,39900
20240205,12:33:06,7.8,100,39900
20240205,12:33:11,7.8,50,39900
20240205,12:33:20,7.8,50,39900
20240205,12:34:11,7.9,600,39900
20240205,12:34:20,7.9,50,39900
20240205,12:34:29,7.9,50,39900
20240205,12:35:11,7.8,50,40450
20240205,12:35:40,7.65,50,40450
20240205,12:36:08,7.55,50,40450
20240205,12:36:44,7.5,50,40450
20240205,12:37:41,7.55,50,40300
20240205,12:38:34,7.35,100,40300
20240205,12:39:33,7.55,150,40300
20240205,12:40:45,7.6,50,40350
20240205,12:40:51,7.6,100,40350
20240205,12:42:34,7.5,50,40350
20240205,12:43:11,7.4,100,40350
20240205,12:43:24,7.45,50,40350
20240205,12:43:28,7.4,150,40350
20240205,12:43:42,7.4,50,40200
20240205,12:44:49,7.35,50,40200
20240205,12:47:58,7.45,50,40200
20240205,12:48:01,7.4,50,40200
20240205,12:49:31,7.3,100,40200
20240205,12:53:31,7.3,100,40200
20240205,12:56:30,7.25,250,40350
20240205,12:59:01,7.3,50,40500
20240205,13:00:16,7.25,50,40500
20240205,13:00:20,7.25,50,40500
20240205,13:00:35,7.25,50,40500
20240205,13:00:55,7.25,50,40500
20240205,13:00:59,7.2,50,40500
20240205,13:03:13,7.15,300,40500
20240205,13:03:35,7.2,100,40500
20240205,13:04:33,7.3,50,40500
20240205,13:04:40,7.3,50,40500
20240205,13:04:48,7.25,50,40700
20240205,13:04:57,7.2,50,40700
20240205,13:05:00,7.2,250,40700
20240205,13:06:25,7.1,50,40700
20240205,13:06:32,7.1,50,40700
20240205,13:06:41,7.0,1250,40700
20240205,13:07:42,6.8,50,40700
20240205,13:07:52,6.8,50,41100
20240205,13:08:00,6.8,50,41100
20240205,13:08:38,6.7,100,41100
20240205,13:08:47,6.65,300,41100
20240205,13:09:09,6.65,100,41100
20240205,13:09:15,6.6,50,41100
20240205,13:09:22,6.6,150,41100
20240205,13:11:00,6.6,50,40350
20240205,13:12:47,6.9,750,40350
20240205,13:13:01,6.9,350,40350
20240205,13:13:06,6.95,50,40350
20240205,13:15:20,6.95,100,40900
20240205,13:16:20,6.95,50,40900
20240205,13:17:36,7.0,50,40850
20240205,13:17:40,7.0,100,40850
20240205,13:17:44,7.0,50,40850
20240205,13:17:48,7.05,50,40850
20240205,13:18:08,7.15,50,40850
20240205,13:18:52,7.0,50,40850
20240205,13:18:55,7.0,50,40850
20240205,13:19:01,7.0,50,40850
20240205,13:19:05,6.95,50,40850
20240205,13:21:04,6.9,50,41200
20240205,13:21:42,6.9,50,41200
20240205,13:22:28,6.85,100,41200
20240205,13:22:43,6.9,50,41200
20240205,13:24:08,6.95,50,41050
20240205,13:24:18,6.9,150,41050
20240205,13:24:44,6.9,50,41050
20240205,13:24:47,6.9,50,41050
20240205,13:24:50,7.0,50,41050
20240205,13:24:55,6.95,50,41050
20240205,13:25:56,7.05,50,40800
20240205,13:26:18,6.95,100,40800
20240205,13:26:28,7.15,50,40800
20240205,13:28:49,7.3,150,40900
20240205,13:29:19,7.35,50,40900
20240205,13:30:50,7.15,50,40900
20240205,13:32:15,7.2,100,40900
20240205,13:33:14,6.9,150,40900
20240205,13:35:34,6.95,150,40950
20240205,13:35:36,6.95,100,40950
20240205,13:35:52,6.95,500,40950
20240205,13:36:06,6.9,50,40950
20240205,13:36:49,6.8,50,40950
20240205,13:41:34,6.9,100,41550
20240205,13:43:36,6.9,150,41550
20240205,13:46:18,7.05,100,41550
20240205,13:47:22,6.95,150,41750
20240205,13:47:26,6.95,100,41750
20240205,13:49:36,6.75,50,41750
20240205,13:50:06,6.75,50,41700
20240205,13:51:09,6.65,150,41700
20240205,13:51:12,6.65,150,41700
20240205,13:51:16,6.55,700,41700
20240205,13:51:19,6.65,50,41700
20240205,13:51:21,6.65,150,41700
20240205,13:51:24,6.6,150,41700
20240205,13:51:36,6.6,200,41700
20240205,13:51:55,6.6,50,41700
20240205,13:52:00,6.6,50,41700
20240205,13:52:03,6.65,200,41700
20240205,13:52:50,6.55,150,42250
20240205,13:54:07,6.5,150,42250
20240205,13:54:27,6.5,250,42250
20240205,13:55:33,6.55,100,42250
20240205,13:56:46,6.6,50,42550
20240205,13:56:58,6.65,100,42550
20240205,13:58:04,6.7,100,42550
20240205,13:58:47,6.65,50,42550
20240205,13:59:13,6.65,1950,42550
20240205,13:59:20,6.65,50,42550
20240205,13:59:42,6.7,50,42550
20240205,13:59:48,6.7,50,42550
20240205,14:00:50,6.65,600,42550
20240205,14:01:03,6.75,50,42550
20240205,14:01:14,6.75,100,42550
20240205,14:01:20,6.75,200,42550
20240205,14:02:57,6.7,50,43350
20240205,14:03:01,6.7,1800,43350
20240205,14:05:25,6.8,50,42600
20240205,14:05:34,6.75,100,42600
20240205,14:07:45,6.95,50,42600
20240205,14:07:52,7.1,850,42600
20240205,14:08:00,7.05,50,42600
20240205,14:08:32,7.2,100,42600
20240205,14:08:51,7.35,50,42600
20240205,14:09:24,7.3,50,42600
20240205,14:09:37,7.4,50,42600
20240205,14:10:16,7.4,100,42600
20240205,14:10:48,7.6,50,42600
20240205,14:10:55,7.65,400,42600
20240205,14:11:03,7.75,150,42600
20240205,14:11:24,7.8,50,42600
20240205,14:11:58,7.8,50,42600
20240205,14:13:15,7.3,100,42600
20240205,14:13:23,7.3,50,42600
20240205,14:13:36,7.3,50,42600
20240205,14:13:42,7.3,800,42600
20240205,14:14:01,7.2,50,43100
20240205,14:14:08,7.15,50,43100
20240205,14:14:14,7.15,50,43100
20240205,14:14:27,6.95,50,43100
20240205,14:14:34,6.95,50,43100
20240205,14:15:02,6.85,900,43100
20240205,14:15:27,7.0,50,43100
20240205,14:15:33,7.0,100,43100
20240205,14:16:53,6.9,50,43000
20240205,14:17:15,6.9,250,43000
20240205,14:17:31,6.8,100,43000
20240205,14:17:41,6.75,100,43000
20240205,14:17:50,6.75,100,43000
20240205,14:17:59,6.8,50,43000
20240205,14:18:03,6.8,550,43000
20240205,14:19:10,6.7,50,43000
20240205,14:19:44,6.7,100,43000
20240205,14:19:58,6.8,400,43100
20240205,14:20:13,6.8,100,43100
20240205,14:20:59,7.0,50,43100
20240205,14:21:38,7.15,50,43100
20240205,14:22:01,7.2,100,43100
20240205,14:22:25,7.25,400,43100
20240205,14:22:58,7.15,500,43350
20240205,14:23:58,7.15,50,43350
20240205,14:24:54,7.45,750,43350
20240205,14:25:01,7.5,300,43350
20240205,14:25:06,7.5,100,43350
20240205,14:25:12,7.65,300,43350
20240205,14:25:18,7.6,450,43350
20240205,14:26:10,7.7,2000,43550
20240205,14:26:17,7.7,2900,43550
20240205,14:26:23,7.7,100,43550
20240205,14:26:29,7.85,100,43550
20240205,14:26:35,7.9,100,43550
20240205,14:26:40,7.85,550,43550
20240205,14:26:46,7.9,150,43550
20240205,14:26:53,7.8,400,43550
20240205,14:26:59,7.9,650,43550
20240205,14:27:11,7.95,100,43550
20240205,14:27:17,7.95,50,43550
20240205,14:27:22,7.9,50,43550
20240205,14:27:29,7.95,50,43550
20240205,14:27:50,7.95,50,43550
20240205,14:27:57,7.95,50,43550
20240205,14:28:04,7.9,50,43550
20240205,14:28:17,7.85,50,43550
20240205,14:28:23,7.75,200,43550
20240205,14:29:00,7.85,100,43550
20240205,14:29:05,7.8,100,43550
20240205,14:29:12,7.8,800,43550
20240205,14:29:17,7.8,500,43550
20240205,14:29:22,7.8,50,43550
20240205,14:29:28,7.8,250,43550
20240205,14:29:33,7.75,150,43550
20240205,14:29:39,7.75,1550,43550
20240205,14:29:45,7.7,50,43550
20240205,14:29:56,7.7,50,43550
20240205,14:30:02,7.65,50,43550
20240205,14:30:36,7.65,750,43550
20240205,14:30:43,7.6,650,43550
20240205,14:30:48,7.75,50,43550
20240205,14:30:54,7.75,100,43550
20240205,14:31:05,7.65,50,43550
20240205,14:31:26,7.75,900,43550
20240205,14:31:39,7.85,150,43550
20240205,14:31:46,7.8,100,43550
20240205,14:32:08,7.9,150,44500
20240205,14:32:16,8.0,100,44500
20240205,14:32:26,8.05,150,44500
20240205,14:32:35,8.05,50,44500
20240205,14:32:44,8.0,50,44500
20240205,14:32:52,8.1,100,44500
20240205,14:33:01,8.0,200,44500
20240205,14:33:09,8.0,200,44500
20240205,14:33:28,7.95,300,44500
20240205,14:33:36,7.75,150,44500
20240205,14:33:44,7.85,50,44500
20240205,14:33:52,7.9,50,44500
20240205,14:34:00,7.9,150,44500
20240205,14:34:09,7.95,850,44500
20240205,14:34:26,8.0,550,44500
20240205,14:34:35,8.0,500,44500
20240205,14:35:01,7.9,150,44400
20240205,14:35:10,7.95,50,44400
20240205,14:35:34,8.05,100,44400
20240205,14:35:43,8.3,800,44400
20240205,14:35:52,8.2,100,44400
20240205,14:36:01,8.2,350,44400
20240205,14:36:10,8.3,100,44400
20240205,14:36:19,8.15,150,44400
20240205,14:36:29,8.35,50,44400
20240205,14:36:38,8.35,300,44400
20240205,14:37:27,8.35,100,44400
20240205,14:38:03,8.3,100,43950
20240205,14:38:39,8.4,50,43950
20240205,14:38:49,8.55,100,43950
20240205,14:38:58,8.75,100,43950
20240205,14:39:07,8.6,300,43950
20240205,14:39:17,8.4,350,43950
20240205,14:39:35,8.4,300,43950
20240205,14:39:44,8.55,100,43950
20240205,14:39:53,8.45,250,43950
20240205,14:40:11,8.65,50,43950
20240205,14:40:19,8.5,150,43950
20240205,14:40:28,8.6,600,43950
20240205,14:40:47,8.4,300,43950
20240205,14:41:12,8.55,100,43800
20240205,14:41:21,8.45,50,43800
20240205,14:41:30,8.25,100,43800
20240205,14:41:38,8.25,100,43800
20240205,14:41:47,8.4,100,43800
20240205,14:42:04,8.4,500,43800
20240205,14:42:15,8.55,200,43800
20240205,14:42:25,8.8,400,43800
20240205,14:42:36,9.2,1050,43800
20240205,14:42:49,9.05,400,43800
20240205,14:42:59,9.4,350,43800
20240205,14:43:09,9.6,100,43800
20240205,14:43:20,10.0,400,43800
20240205,14:43:29,10.5,2000,43800
20240205,14:43:39,10.4,1850,43800
20240205,14:43:50,10.2,100,43800
20240205,14:44:00,10.25,600,43450
20240205,14:44:09,10.5,50,43450
20240205,14:44:20,10.55,1200,43450
20240205,14:44:31,10.0,250,43450
20240205,14:44:41,9.25,4300,43450
20240205,14:44:52,9.25,350,43450
20240205,14:45:02,9.7,750,43450
20240205,14:45:12,10.45,1250,43450
20240205,14:45:22,10.8,2800,43450
20240205,14:45:34,11.1,750,43450
20240205,14:45:46,11.1,350,43450
20240205,14:45:56,11.45,800,43450
20240205,14:46:03,11.5,400,43450
20240205,14:46:04,10.8,650,43450
20240205,14:46:06,10.8,200,43450
20240205,14:46:11,11.0,700,43450
20240205,14:46:16,11.0,150,43450
20240205,14:46:18,10.6,100,43450
20240205,14:46:19,10.45,800,43450
20240205,14:46:21,10.4,600,43450
20240205,14:46:26,10.6,250,43450
20240205,14:46:31,10.7,100,43450
20240205,14:46:34,10.45,50,43450
20240205,14:46:39,10.4,150,43450
20240205,14:46:53,10.55,50,43450
20240205,14:47:01,10.75,100,45200
20240205,14:47:09,10.55,1050,45200
20240205,14:47:30,9.65,50,45200
20240205,14:47:50,9.55,350,45200
20240205,14:48:01,9.15,200,45200
20240205,14:48:12,8.7,50,45200
20240205,14:48:42,8.85,50,45200
20240205,14:48:52,9.05,1050,45200
20240205,14:49:02,9.15,100,45200
20240205,14:49:12,9.35,750,45200
20240205,14:49:22,9.2,450,45200
20240205,14:49:33,9.3,50,45200
20240205,14:49:42,9.35,50,45200
20240205,14:50:12,9.2,50,45500
20240205,14:50:22,9.4,350,45500
20240205,14:50:32,9.8,200,45500
20240205,14:50:42,9.95,250,45500
20240205,14:50:52,10.0,50,45500
20240205,14:51:02,10.4,400,45500
20240205,14:51:12,10.35,250,45500
20240205,14:51:22,10.45,900,45500
20240205,14:51:31,10.4,450,45500
20240205,14:51:40,10.65,50,45500
20240205,14:51:49,10.4,50,45500
20240205,14:51:58,10.4,50,45500
20240205,14:52:07,10.4,50,45500
20240205,14:52:16,10.25,200,45500
20240205,14:52:26,10.15,100,45500
20240205,14:52:35,9.85,1200,45500
20240205,14:52:46,9.55,150,45500
20240205,14:52:55,9.8,300,45500
20240205,14:53:05,10.05,200,45350
20240205,14:53:15,10.2,50,45350
20240205,14:53:25,9.9,350,45350
20240205,14:53:45,9.7,200,45350
20240205,14:53:54,9.9,200,45350
20240205,14:54:04,9.95,50,45350
20240205,14:54:22,9.65,400,45350
20240205,14:54:32,9.5,450,45350
20240205,14:54:41,9.65,150,45350
20240205,14:54:50,9.7,250,45350
20240205,14:55:00,9.5,250,45350
20240205,14:55:09,9.55,1050,45350
20240205,14:55:19,9.7,50,45350
20240205,14:55:37,10.1,150,45350
20240205,14:55:47,9.9,1500,45350
20240205,14:55:57,10.15,100,45350
20240205,14:56:07,10.3,100,46950
20240205,14:56:16,10.4,700,46950
20240205,14:56:25,10.5,700,46950
20240205,14:56:34,10.4,150,46950
20240205,14:56:44,10.5,150,46950
20240205,14:56:54,10.7,50,46950
20240205,14:57:05,10.45,350,46950
20240205,14:57:15,10.65,50,46950
20240205,14:57:25,10.6,150,46950
20240205,14:57:34,10.7,150,46950
20240205,14:57:54,10.35,150,46950
20240205,14:58:13,10.65,550,46950
20240205,14:58:22,10.8,250,46950
20240205,14:58:32,11.0,250,46950
20240205,14:58:41,10.85,250,46950
20240205,14:58:51,10.95,600,46950
20240205,14:59:00,11.05,400,46950
20240205,14:59:09,10.8,200,48800
20240205,14:59:19,10.75,350,48800
20240205,14:59:28,10.75,350,48800
20240205,14:59:37,10.75,100,48800
20240205,14:59:46,10.85,100,48800
20240205,15:00:03,10.9,100,48800
20240205,15:00:12,10.65,700,48800
20240205,15:00:22,10.55,400,48800
20240205,15:00:32,10.2,150,48800
20240205,15:00:42,10.15,350,48800
20240205,15:00:51,10.65,200,48800
20240205,15:01:00,10.85,1050,48800
20240205,15:01:10,10.75,50,48800
20240205,15:01:12,10.55,50,48800
20240205,15:01:17,10.4,50,48800
20240205,15:01:26,10.45,150,48800
20240205,15:01:31,10.5,50,48800
20240205,15:01:32,10.65,50,48800
20240205,15:01:34,10.7,350,48800
20240205,15:01:36,10.75,300,48800
20240205,15:01:41,10.7,50,48800
20240205,15:01:42,10.75,50,48800
20240205,15:01:46,10.55,200,48800
20240205,15:01:47,10.45,50,48800
20240205,15:01:52,10.35,50,48800
20240205,15:01:57,10.35,100,48800
20240205,15:02:01,10.45,150,49150
20240205,15:02:14,10.7,200,49150
20240205,15:02:22,10.6,500,49150
20240205,15:02:31,10.55,1100,49150
20240205,15:02:39,10.6,50,49150
20240205,15:02:48,10.5,200,49150
20240205,15:03:05,10.35,200,49150
20240205,15:03:14,9.95,100,49150
20240205,15:03:24,9.9,250,49150
20240205,15:03:33,9.95,200,49150
20240205,15:04:00,9.8,100,49150
20240205,15:04:09,9.8,150,49150
20240205,15:04:19,9.65,50,49150
20240205,15:04:28,9.8,150,49150
20240205,15:04:46,9.7,50,49150
20240205,15:04:55,9.65,50,49150
20240205,15:05:05,9.5,550,49250
20240205,15:05:32,9.8,250,49250
20240205,15:05:42,9.7,50,49250
20240205,15:05:52,9.6,350,49250
20240205,15:06:03,9.5,250,49250
20240205,15:06:13,9.25,100,49250
20240205,15:06:32,9.35,50,49250
20240205,15:06:43,9.45,50,49250
20240205,15:06:53,9.4,50,49250
20240205,15:07:02,9.45,50,49250
20240205,15:07:11,9.5,100,49250
20240205,15:07:31,9.25,50,49250
20240205,15:07:41,9.1,50,49250
20240205,15:08:01,9.15,2050,49250
20240205,15:08:18,9.2,50,47850
20240205,15:08:36,9.05,300,47850
20240205,15:08:46,8.65,100,47850
20240205,15:09:05,8.4,250,47850
20240205,15:09:48,8.3,200,47850
20240205,15:10:05,8.4,150,47850
20240205,15:10:14,8.35,1100,47850
20240205,15:10:23,8.2,450,47850
20240205,15:10:32,8.2,1900,47850
20240205,15:10:42,8.25,250,47850
20240205,15:10:51,8.3,200,47850
20240205,15:11:22,8.45,2200,49250
20240205,15:11:32,8.55,450,49250
20240205,15:11:42,8.6,50,49250
20240205,15:11:52,8.55,50,49250
20240205,15:12:11,8.65,2550,49250
20240205,15:12:21,8.45,800,49250
20240205,15:12:31,8.9,250,49250
20240205,15:12:40,8.95,50,49250
20240205,15:13:00,8.85,50,49250
20240205,15:13:10,9.0,100,49250
20240205,15:13:58,9.0,1000,49250
20240205,15:14:15,9.15,50,53200
20240205,15:14:43,9.25,100,53200
20240205,15:14:52,9.35,450,53200
20240205,15:15:01,9.25,300,53200
20240205,15:15:10,9.3,150,53200
20240205,15:15:20,9.35,1300,53200
20240205,15:15:30,9.35,2500,53200
20240205,15:15:40,9.45,300,53200
20240205,15:15:50,9.45,100,53200
20240205,15:16:10,9.45,50,53200
20240205,15:16:19,9.35,750,53200
20240205,15:17:46,8.9,50,54650
20240205,15:17:55,8.95,50,54650
20240205,15:18:05,8.95,200,54650
20240205,15:18:41,9.15,150,54650
20240205,15:19:09,9.4,100,54650
20240205,15:19:28,9.35,100,54650
20240205,15:20:12,9.4,550,54750
20240205,15:20:49,9.65,100,54750
20240205,15:20:58,9.65,50,54750
20240205,15:21:25,9.7,50,54750
20240205,15:22:01,9.5,50,54750
20240205,15:22:10,9.4,200,54750
20240205,15:22:19,9.35,100,54750
20240205,15:22:48,9.45,100,54750
20240205,15:23:15,9.45,1050,54750
20240205,15:23:51,9.35,2150,54750
20240205,15:24:15,9.6,900,54750
20240205,15:24:42,9.6,1400,54750
20240205,15:24:50,9.65,200,54750
20240205,15:24:59,9.65,1350,54750
20240205,15:25:07,9.7,1200,54750
20240205,15:25:16,9.8,200,54750
20240205,15:25:25,9.9,350,54750
20240205,15:25:34,9.85,1600,54750
20240205,15:25:43,9.85,700,54750
20240205,15:25:52,9.9,250,54750
20240205,15:26:00,10.0,1000,54750
20240205,15:26:09,10.0,850,53000
20240205,15:26:18,10.0,50,53000
20240205,15:26:25,10.0,300,53000
20240205,15:26:34,10.0,300,53000
20240205,15:27:10,10.05,200,53000
20240205,15:27:19,10.1,1250,53000
20240205,15:27:27,10.1,200,53000
20240205,15:27:36,10.05,50,53000
20240205,15:27:45,10.0,950,53000
20240205,15:27:53,10.0,100,53000
20240205,15:28:20,9.85,500,53000
20240205,15:28:29,9.85,150,53000
20240205,15:28:38,9.85,150,53000
20240205,15:28:47,9.8,50,53000
20240205,15:29:04,9.95,500,52550
20240205,15:29:14,10.0,350,52550
20240205,15:29:31,9.95,1400,52550
20240205,15:29:39,9.85,300,52550
20240205,15:29:49,9.95,200,52550
20240206,09:15:10,9.95,1,51650
20240206,09:15:10,9.95,50,51650
20240206,09:15:23,9.3,500,51650
20240206,09:15:33,9.3,350,51650
20240206,09:15:44,9.15,400,51650
20240206,09:16:03,8.8,100,51650
20240206,09:16:14,8.55,2000,51650
20240206,09:16:46,8.55,1200,50200
20240206,09:16:57,9.1,1200,50200
20240206,09:17:09,9.1,600,50200
20240206,09:17:20,9.25,1000,50200
20240206,09:17:30,9.4,350,50200
20240206,09:17:40,9.7,1300,50200
20240206,09:17:49,9.95,100,50200
20240206,09:17:59,10.1,250,50200
20240206,09:18:09,10.15,350,50200
20240206,09:18:18,10.2,200,50200
20240206,09:18:28,10.45,100,50200
20240206,09:18:39,10.5,100,50200
20240206,09:18:58,10.5,1400,50200
20240206,09:19:07,10.5,150,50200
20240206,09:19:25,9.95,300,50200
20240206,09:19:35,9.95,100,50300
20240206,09:19:44,9.7,100,50300
20240206,09:19:54,9.8,400,50300
20240206,09:20:03,9.95,1550,50300
20240206,09:20:12,10.3,3700,50300
20240206,09:20:21,10.45,2550,50300
20240206,09:20:30,10.75,4200,50300
20240206,09:20:40,10.65,3600,50300
20240206,09:20:49,10.65,650,50300
20240206,09:20:58,10.8,3600,50300
20240206,09:21:00,10.8,250,50300
20240206,09:21:01,10.6,150,50300
20240206,09:21:03,10.6,150,50300
20240206,09:21:06,10.65,150,50300
20240206,09:21:08,10.65,250,50300
20240206,09:21:10,10.7,100,50300
20240206,09:21:11,10.75,50,50300
20240206,09:21:13,10.9,900,50300
20240206,09:21:15,10.9,700,50300
20240206,09:21:16,11.0,1400,50300
20240206,09:21:18,11.0,450,50300
20240206,09:21:20,10.9,350,50300
20240206,09:21:21,10.85,150,50300
20240206,09:21:23,10.85,50,50300
20240206,09:21:25,10.75,1300,50300
20240206,09:21:28,10.75,50,50300
20240206,09:21:30,10.7,150,50300
20240206,09:21:31,10.75,150,50300
20240206,09:21:33,10.7,200,50300
20240206,09:21:35,10.75,100,50300
20240206,09:21:36,10.75,50,50300
20240206,09:21:38,10.8,150,50300
20240206,09:21:40,10.8,200,50300
20240206,09:21:41,10.75,200,50300
20240206,09:21:45,10.8,250,50300
20240206,09:21:48,10.8,150,50300
20240206,09:21:50,10.8,400,50300
20240206,09:21:51,10.8,50,50300
20240206,09:21:53,10.75,100,50300
20240206,09:21:55,10.75,50,50300
20240206,09:22:06,10.9,50,50300
20240206,09:22:13,11.1,100,50300
20240206,09:22:16,11.1,600,50300
20240206,09:22:20,11.1,100,50300
20240206,09:22:23,11.05,100,50300
20240206,09:22:29,11.0,50,59000
20240206,09:22:31,10.9,50,59000
20240206,09:22:36,10.8,100,59000
20240206,09:22:38,10.8,50,59000
20240206,09:22:41,10.7,150,59000
20240206,09:22:46,10.6,50,59000
20240206,09:23:02,10.35,250,59000
20240206,09:23:11,10.15,2000,59000
20240206,09:23:21,10.1,1000,59000
20240206,09:23:30,10.15,200,59000
20240206,09:23:39,10.2,150,59000
20240206,09:23:47,10.05,50,59000
20240206,09:23:55,9.95,250,59000
20240206,09:24:04,10.0,50,59000
20240206,09:24:13,10.15,50,59000
20240206,09:24:30,10.2,250,59000
20240206,09:24:56,10.1,50,59000
20240206,09:25:07,10.05,50,59000
20240206,09:25:18,10.0,50,59000
20240206,09:25:42,9.85,1650,57050
20240206,09:25:54,9.6,700,57050
20240206,09:26:06,9.6,100,57050
20240206,09:26:41,9.65,100,57050
20240206,09:26:53,9.6,650,57050
20240206,09:27:15,9.65,1500,57050
20240206,09:27:27,9.65,650,57050
20240206,09:27:38,9.6,50,57050
20240206,09:27:50,9.55,50,57050
20240206,09:28:01,9.55,50,57050
20240206,09:28:12,9.3,50,57050
20240206,09:28:24,9.3,1850,57050
20240206,09:28:35,9.3,150,56450
20240206,09:28:57,9.45,100,56450
20240206,09:29:07,9.55,50,56450
20240206,09:29:18,9.55,50,56450
20240206,09:29:29,9.7,100,56450
20240206,09:29:40,9.55,50,56450
20240206,09:30:01,9.55,50,56450
20240206,09:30:30,9.35,50,56450
20240206,09:30:40,9.4,50,56450
20240206,09:30:49,9.25,100,56450
20240206,09:31:40,9.3,1800,56450
20240206,09:31:51,9.35,300,56450
20240206,09:32:00,9.2,100,56450
20240206,09:32:11,9.2,100,56450
20240206,09:32:56,9.1,550,56450
20240206,09:33:19,8.8,1850,56450
20240206,09:33:32,8.9,200,56450
20240206,09:33:44,8.95,100,56450
20240206,09:33:55,8.85,400,56450
20240206,09:34:16,9.15,100,56450
20240206,09:34:27,9.15,300,56450
20240206,09:34:38,9.05,350,58500
20240206,09:34:49,9.05,50,58500
20240206,09:35:00,8.85,100,58500
20240206,09:35:10,8.85,50,58500
20240206,09:35:53,9.05,50,58500
20240206,09:36:03,9.05,100,58500
20240206,09:36:24,9.05,50,58500
20240206,09:36:34,8.95,50,58500
20240206,09:36:55,8.9,100,58500
20240206,09:37:05,8.75,100,58500
20240206,09:37:14,8.75,650,58500
20240206,09:37:24,8.7,350,58500
20240206,09:37:34,8.75,400,58550
20240206,09:37:44,8.7,350,58550
20240206,09:37:54,8.65,100,58550
20240206,09:38:05,8.65,50,58550
20240206,09:38:19,8.6,50,58550
20240206,09:38:31,8.55,1400,58550
20240206,09:39:19,8.35,100,58550
20240206,09:39:32,8.35,50,58550
20240206,09:39:44,8.35,50,58550
20240206,09:39:55,8.4,1200,58550
20240206,09:40:18,8.4,150,58550
20240206,09:40:41,8.5,100,57100
20240206,09:41:03,8.65,50,57100
20240206,09:41:48,8.8,150,57100
20240206,09:43:07,8.8,50,57100
20240206,09:45:10,8.65,100,57050
20240206,09:45:21,8.6,750,57050
20240206,09:45:32,8.65,650,57050
20240206,09:46:06,8.55,300,57050
20240206,09:46:18,8.55,50,57050
20240206,09:46:30,8.55,250,57050
20240206,09:46:40,8.65,100,56900
20240206,09:47:01,8.55,3700,56900
20240206,09:47:12,8.55,4550,56900
20240206,09:47:54,8.5,50,56900
20240206,09:48:05,8.45,100,56900
20240206,09:48:26,8.3,6900,56900
20240206,09:49:16,8.35,800,56900
20240206,09:49:27,8.25,350,56900
20240206,09:49:48,8.2,50,69900
20240206,09:50:01,8.15,100,69900
20240206,09:50:13,8.15,450,69900
20240206,09:50:25,8.3,200,69900
20240206,09:50:36,8.3,400,69900
20240206,09:50:47,8.25,100,69900
20240206,09:50:58,8.2,300,69900
20240206,09:51:08,8.2,1050,69900
20240206,09:51:19,8.25,100,69900
20240206,09:51:30,8.3,100,69900
20240206,09:51:41,8.25,50,69900
20240206,09:52:13,8.3,900,69900
20240206,09:52:34,8.3,100,69900
20240206,09:52:45,8.35,100,71800
20240206,09:52:55,8.3,50,71800
20240206,09:53:36,8.5,1500,71800
20240206,09:53:46,8.5,300,71800
20240206,09:54:59,8.4,50,71800
20240206,09:55:31,8.45,200,71800
20240206,09:55:43,8.5,1000,72000
20240206,09:55:54,8.45,400,72000
20240206,09:56:05,8.35,800,72000
20240206,09:56:26,8.3,100,72000
20240206,09:56:46,8.25,50,72000
20240206,09:57:05,8.35,50,72000
20240206,09:58:08,8.2,2250,72000
20240206,09:58:19,8.1,1650,72000
20240206,09:58:31,8.1,600,72000
20240206,09:58:42,8.25,1550,73850
20240206,09:58:54,8.25,50,73850
20240206,10:00:40,8.25,150,73850
20240206,10:02:28,8.2,100,73850
20240206,10:03:12,8.0,650,73850
20240206,10:03:37,8.05,400,73850
20240206,10:03:49,8.0,100,73850
20240206,10:04:23,8.0,1450,73850
20240206,10:04:45,8.1,50,74950
20240206,10:04:56,8.15,500,74950
20240206,10:05:08,8.3,300,74950
20240206,10:05:31,8.25,350,74950
20240206,10:06:05,8.4,50,74950
20240206,10:07:09,8.25,550,74950
20240206,10:07:18,8.3,50,74950
20240206,10:07:39,8.25,2000,75100
20240206,10:07:49,8.3,200,75100
20240206,10:08:09,8.35,50,75100
20240206,10:08:41,8.25,50,75100
20240206,10:09:01,8.2,50,75100
20240206,10:09:22,8.2,50,75100
20240206,10:09:32,8.2,50,75100
20240206,10:09:41,8.25,50,75100
20240206,10:10:01,8.25,50,75100
20240206,10:10:52,8.15,100,75950
20240206,10:11:33,8.05,50,75950
20240206,10:11:53,8.05,50,75950
20240206,10:12:33,8.1,50,75950
20240206,10:12:43,8.1,50,75950
20240206,10:12:53,8.15,100,75950
20240206,10:13:32,8.0,50,75950
20240206,10:13:54,8.1,150,75950
20240206,10:14:05,8.05,100,75950
20240206,10:14:14,8.05,50,75950
20240206,10:14:23,8.1,50,75950
20240206,10:14:53,8.1,50,75950
20240206,10:15:03,8.1,100,75950
20240206,10:15:13,8.1,250,75950
20240206,10:15:25,8.2,250,75950
20240206,10:15:35,8.1,200,75950
20240206,10:15:46,8.2,50,75950
20240206,10:16:08,8.3,50,75950
20240206,10:16:31,8.25,50,75950
20240206,10:17:12,8.35,50,75900
20240206,10:17:52,8.2,50,75900
20240206,10:18:10,8.1,400,75900
20240206,10:19:12,8.35,50,75900
20240206,10:19:22,8.4,50,75900
20240206,10:19:33,8.4,300,75900
20240206,10:19:43,8.45,200,75900
20240206,10:21:40,8.15,50,75900
20240206,10:21:50,8.1,350,75900
20240206,10:21:59,8.05,150,75900
20240206,10:22:36,8.1,200,75900
20240206,10:23:03,8.15,50,75900
20240206,10:24:01,8.15,50,75900
20240206,10:24:10,8.15,50,75900
20240206,10:24:58,8.35,150,75900
20240206,10:26:01,8.45,200,75800
20240206,10:26:21,8.5,100,75800
20240206,10:27:02,8.45,50,75800
20240206,10:27:12,8.6,500,75800
20240206,10:27:32,8.5,750,75800
20240206,10:27:58,8.55,100,75800
20240206,10:28:07,8.55,450,75800
20240206,10:29:05,8.6,50,76600
20240206,10:30:08,8.55,50,76600
20240206,10:30:18,8.6,50,76600
20240206,10:30:29,8.95,150,76600
20240206,10:30:49,9.15,450,76600
20240206,10:30:59,9.0,250,76600
20240206,10:31:10,8.95,150,76600
20240206,10:31:20,8.95,100,76600
20240206,10:31:31,8.6,250,76600
20240206,10:31:41,8.65,50,76600
20240206,10:31:51,8.6,1050,76600
20240206,10:32:20,9.15,650,76600
20240206,10:32:30,9.25,50,76600
20240206,10:32:39,9.25,50,76600
20240206,10:33:07,9.25,50,76600
20240206,10:33:17,9.25,50,76600
20240206,10:33:26,9.25,100,76600
20240206,10:34:03,8.85,150,76600
20240206,10:34:13,9.2,150,76600
20240206,10:34:22,9.2,50,76600
20240206,10:34:32,9.15,50,76600
20240206,10:34:42,9.25,200,76600
20240206,10:35:09,9.25,50,76600
20240206,10:35:19,9.25,100,76600
20240206,10:35:47,9.0,200,76600
20240206,10:35:57,8.9,100,76600
20240206,10:36:07,9.15,100,76600
20240206,10:36:16,9.15,50,76600
20240206,10:36:25,9.15,50,76600
20240206,10:36:44,9.15,50,76600
20240206,10:36:53,9.1,50,76600
20240206,10:37:03,9.05,50,76600
20240206,10:37:31,9.1,50,76600
20240206,10:37:59,8.95,50,76700
20240206,10:38:09,8.9,50,76700
20240206,10:38:36,8.85,50,76700
20240206,10:39:31,8.65,50,76700
20240206,10:40:32,8.6,50,76700
20240206,10:40:49,8.75,1000,76850
20240206,10:40:56,8.85,250,76850
20240206,10:41:31,8.95,350,76850
20240206,10:41:39,8.95,50,76850
20240206,10:41:47,9.0,50,76850
20240206,10:41:56,8.85,50,76850
20240206,10:42:05,9.0,200,76850
20240206,10:42:14,9.0,550,76850
20240206,10:44:30,8.45,50,76650
20240206,10:44:48,8.4,50,76650
20240206,10:44:58,8.35,50,76650
20240206,10:45:20,8.3,150,76650
20240206,10:45:39,8.15,50,76650
20240206,10:45:49,8.2,150,76650
20240206,10:46:07,8.25,100,76650
20240206,10:46:32,8.2,100,76650
20240206,10:46:49,8.15,100,76650
20240206,10:47:49,8.35,50,76650
20240206,10:48:04,8.3,50,76650
20240206,10:48:12,8.3,50,76650
20240206,10:48:19,8.4,50,76650
20240206,10:49:22,8.25,50,76650
20240206,10:49:46,8.3,50,76650
20240206,10:50:17,8.2,100,76650
20240206,10:50:41,8.2,50,76650
20240206,10:51:26,8.1,100,76650
20240206,10:51:34,8.05,50,76650
20240206,10:52:07,7.95,50,76650
20240206,10:52:21,7.95,50,76650
20240206,10:52:29,8.15,50,76650
20240206,10:52:31,8.15,50,76650
20240206,10:52:34,8.15,50,76650
20240206,10:52:49,8.2,250,76750
20240206,10:53:03,8.15,100,76750
20240206,10:53:19,8.25,200,76750
20240206,10:53:24,8.25,200,76750
20240206,10:53:29,8.2,250,76750
20240206,10:53:37,8.15,50,76750
20240206,10:53:55,8.0,50,76750
20240206,10:53:58,8.0,50,76750
20240206,10:54:01,8.0,50,76750
20240206,10:54:06,8.0,50,76750
20240206,10:54:16,8.0,200,76750
20240206,10:54:18,8.0,250,76750
20240206,10:54:50,8.0,50,76750
20240206,10:55:03,8.0,200,76750
20240206,10:55:57,8.1,50,77250
20240206,10:56:03,8.1,400,77250
20240206,10:56:19,8.1,50,77250
20240206,10:56:49,8.15,250,77250
20240206,10:57:03,8.15,50,77250
20240206,10:57:18,8.15,50,77250
20240206,10:57:49,8.05,50,77250
20240206,10:58:10,7.95,200,77250
20240206,10:58:20,7.95,100,77250
20240206,10:58:59,7.9,100,77000
20240206,10:59:29,7.85,100,77000
20240206,10:59:49,7.75,100,77000
20240206,11:00:09,7.75,50,77000
20240206,11:00:31,7.75,50,77000
20240206,11:00:42,7.65,100,77000
20240206,11:01:03,7.65,100,77000
20240206,11:01:13,7.75,50,77000
20240206,11:01:46,7.75,50,76950
20240206,11:02:18,7.8,50,76950
20240206,11:02:34,7.8,50,76950
20240206,11:03:25,7.8,150,76950
20240206,11:03:56,7.85,50,76950
20240206,11:04:37,7.9,100,76950
20240206,11:05:30,7.95,50,76700
20240206,11:05:56,7.9,50,76700
20240206,11:06:05,7.95,50,76700
20240206,11:06:13,7.9,450,76700
20240206,11:06:35,7.85,100,76700
20240206,11:08:31,7.95,50,76700
20240206,11:09:35,7.9,50,76700
20240206,11:10:47,7.75,5000,80250
20240206,11:12:05,7.75,200,80250
20240206,11:12:19,7.75,50,80250
20240206,11:12:33,7.8,100,80250
20240206,11:12:40,7.8,100,80250
20240206,11:12:53,7.8,50,80250
20240206,11:13:19,7.75,50,80250
20240206,11:13:26,7.75,50,80250
20240206,11:13:42,7.7,100,80250
20240206,11:14:01,7.8,450,81800
20240206,11:14:12,7.75,200,81800
20240206,11:14:23,7.8,650,81800
20240206,11:14:33,7.8,200,81800
20240206,11:14:42,7.8,200,81800
20240206,11:14:59,7.8,50,81800
20240206,11:15:07,7.8,250,81800
20240206,11:15:26,7.75,450,81800
20240206,11:15:36,7.8,300,81800
20240206,11:15:45,7.85,150,81800
20240206,11:16:02,7.75,50,81800
20240206,11:16:11,7.75,100,81800
20240206,11:16:20,7.7,2000,81800
20240206,11:16:28,7.7,100,81800
20240206,11:16:37,7.8,2000,81800
20240206,11:16:45,7.75,1500,82800
20240206,11:16:55,7.75,600,82800
20240206,11:17:05,7.75,1100,82800
20240206,11:17:15,7.8,200,82800
20240206,11:17:24,7.75,250,82800
20240206,11:18:01,7.7,50,82800
20240206,11:18:17,7.7,450,82800
20240206,11:19:21,7.65,200,82800
20240206,11:19:41,7.7,50,82800
20240206,11:19:47,7.7,150,83050
20240206,11:19:54,7.7,50,83050
20240206,11:20:25,7.75,50,83050
20240206,11:21:32,7.75,50,83050
20240206,11:23:03,7.85,50,82650
20240206,11:23:16,7.8,100,82650
20240206,11:23:22,7.8,50,82650
20240206,11:23:35,7.85,50,82650
20240206,11:24:13,7.8,50,82650
20240206,11:24:25,7.9,50,82650
20240206,11:24:41,7.8,50,82650
20240206,11:27:23,7.75,200,82600
20240206,11:27:45,7.8,50,82600
20240206,11:27:50,7.85,50,82600
20240206,11:27:55,7.8,100,82600
20240206,11:28:40,7.9,50,82600
20240206,11:28:53,7.9,300,82000
20240206,11:30:07,8.05,100,82000
20240206,11:30:36,7.9,50,82000
20240206,11:30:48,7.9,100,82000
20240206,11:30:59,7.9,100,82000
20240206,11:31:33,7.95,50,82000
20240206,11:31:47,7.95,50,82000
20240206,11:32:31,7.9,100,82000
20240206,11:32:50,7.9,150,81900
20240206,11:33:00,7.9,50,81900
20240206,11:33:13,7.65,600,81900
20240206,11:33:28,7.7,50,81900
20240206,11:33:41,7.75,50,81900
20240206,11:33:54,7.75,50,81900
20240206,11:34:07,7.65,50,81900
20240206,11:34:22,7.55,200,81900
20240206,11:34:36,7.65,50,81900
20240206,11:34:50,7.65,50,81900
20240206,11:35:02,7.6,200,82250
20240206,11:35:17,7.65,350,82250
20240206,11:35:43,7.7,50,82250
20240206,11:36:21,7.8,50,82250
20240206,11:36:45,7.75,600,82250
20240206,11:37:10,7.75,50,82250
20240206,11:37:46,7.75,150,82250
20240206,11:37:57,7.75,100,82750
20240206,11:38:10,7.75,150,82750
20240206,11:39:05,7.75,250,82750
20240206,11:39:16,7.7,50,82750
20240206,11:39:50,7.65,2200,82750
20240206,11:40:01,7.6,3750,82750
20240206,11:40:11,7.7,250,82750
20240206,11:40:23,7.65,450,82750
20240206,11:40:33,7.65,200,82750
20240206,11:40:44,7.7,100,82750
20240206,11:40:54,7.75,350,82750
20240206,11:41:15,7.75,550,88300
20240206,11:41:26,7.75,550,88300
20240206,11:41:37,7.8,800,88300
20240206,11:41:47,7.8,150,88300
20240206,11:41:57,7.9,50,88300
20240206,11:42:07,7.9,450,88300
20240206,11:42:38,7.8,50,88300
20240206,11:42:49,7.9,750,88300
20240206,11:43:11,7.95,150,88300
20240206,11:44:18,7.9,500,87600
20240206,11:44:28,7.8,50,87600
20240206,11:44:38,7.85,50,87600
20240206,11:44:58,7.9,550,87600
20240206,11:45:08,7.9,850,87600
20240206,11:45:28,7.8,300,87600
20240206,11:45:38,7.9,750,87600
20240206,11:45:48,7.95,350,87600
20240206,11:46:39,7.95,50,87600
20240206,11:47:09,7.95,250,88350
20240206,11:47:20,7.95,1600,88350
20240206,11:47:29,8.0,300,88350
20240206,11:47:39,7.95,500,88350
20240206,11:47:58,7.9,100,88350
20240206,11:48:07,8.0,50,88350
20240206,11:48:35,8.05,100,88350
20240206,11:48:54,8.0,50,88350
20240206,11:50:10,8.15,350,87950
20240206,11:50:18,8.1,100,87950
20240206,11:50:26,8.0,1900,87950
20240206,11:50:34,8.05,150,87950
20240206,11:50:41,8.0,100,87950
20240206,11:50:49,7.95,600,87950
20240206,11:50:57,8.0,950,87950
20240206,11:51:06,8.0,300,87950
20240206,11:51:13,8.0,50,87950
20240206,11:51:44,8.15,600,87950
20240206,11:51:53,8.2,100,87950
20240206,11:52:00,8.2,100,87950
20240206,11:52:41,8.05,450,87950
20240206,11:52:48,8.05,500,87950
20240206,11:53:05,8.0,200,87950
20240206,11:53:13,8.0,150,87950
20240206,11:53:20,8.0,200,87950
20240206,11:53:28,8.0,100,87950
20240206,11:53:36,8.05,250,87950
20240206,11:53:45,8.0,100,87950
20240206,11:53:56,7.95,2100,87950
20240206,11:54:07,8.0,650,87950
20240206,11:54:18,7.95,650,87950
20240206,11:54:28,7.95,450,87950
20240206,11:54:39,7.95,300,87950
20240206,11:54:59,8.0,300,87950
20240206,11:55:58,8.05,150,87800
20240206,11:56:05,8.05,450,87800
20240206,11:56:29,8.05,800,87800
20240206,11:56:37,8.05,550,87800
20240206,11:57:12,8.1,750,87800
20240206,11:57:25,8.05,50,87800
20240206,11:57:52,8.05,350,87800
20240206,11:58:06,8.05,300,87800
20240206,11:58:31,8.0,150,87800
20240206,11:58:56,7.85,550,87800
20240206,11:59:19,7.9,500,88450
20240206,11:59:30,7.8,2050,88450
20240206,11:59:41,7.8,1000,88450
20240206,11:59:54,7.8,400,88450
20240206,12:00:06,7.85,450,88450
20240206,12:00:19,7.8,100,88450
20240206,12:00:30,7.9,50,88450
20240206,12:00:41,7.85,100,88450
20240206,12:01:03,8.0,250,88450
20240206,12:01:16,7.85,300,88450
20240206,12:01:28,7.85,200,88450
20240206,12:01:39,7.8,1050,88450
20240206,12:01:52,7.85,250,88450
20240206,12:02:03,7.85,250,88100
20240206,12:02:49,7.8,500,88100
20240206,12:03:01,7.85,550,88100
20240206,12:03:14,7.85,250,88100
20240206,12:03:25,7.85,250,88100
20240206,12:03:58,7.9,100,88100
20240206,12:05:25,7.85,900,89100
20240206,12:05:35,7.9,100,89100
20240206,12:05:46,7.85,600,89100
20240206,12:05:55,7.85,200,89100
20240206,12:06:04,7.85,50,89100
20240206,12:06:12,7.8,50,89100
20240206,12:06:38,7.8,250,89100
20240206,12:06:54,8.0,850,89100
20240206,12:07:03,7.95,50,89100
20240206,12:07:12,7.9,150,89100
20240206,12:07:20,7.85,50,89100
20240206,12:07:37,7.8,50,89100
20240206,12:09:03,7.75,900,89100
20240206,12:09:10,7.65,200,89100
20240206,12:09:23,7.7,150,89100
20240206,12:09:31,7.6,700,89100
20240206,12:09:38,7.6,500,89100
20240206,12:09:51,7.5,550,89100
20240206,12:10:00,7.55,150,89100
20240206,12:10:09,7.65,100,89100
20240206,12:10:33,7.7,50,89100
20240206,12:10:51,7.6,50,89100
20240206,12:11:33,7.75,50,89150
20240206,12:11:44,7.9,50,89150
20240206,12:11:54,7.9,100,89150
20240206,12:12:15,7.9,50,89150
20240206,12:12:51,7.7,100,89150
20240206,12:13:27,7.75,50,89150
20240206,12:13:45,7.8,50,89150
20240206,12:13:54,7.8,50,89150
20240206,12:14:34,7.65,150,89300
20240206,12:14:52,7.55,50,89300
20240206,12:15:00,7.55,50,89300
20240206,12:15:53,7.6,600,89300
20240206,12:16:44,7.7,50,89300
20240206,12:16:53,7.7,50,89300
20240206,12:17:07,7.6,50,89000
20240206,12:17:51,7.65,300,89000
20240206,12:18:26,7.7,100,89000
20240206,12:19:09,7.65,50,89000
20240206,12:19:28,7.65,100,89000
20240206,12:19:35,7.65,150,89000
20240206,12:19:59,7.6,50,89350
20240206,12:20:05,7.65,200,89350
20240206,12:20:17,7.6,1150,89350
20240206,12:21:10,7.7,150,89350
20240206,12:21:30,7.7,250,89350
20240206,12:21:49,7.7,250,89350
20240206,12:21:56,7.8,100,89350
20240206,12:22:03,7.85,100,89350
20240206,12:22:09,7.9,200,89350
20240206,12:22:17,8.0,50,89350
20240206,12:22:26,8.0,50,89350
20240206,12:22:34,8.0,50,89350
20240206,12:22:41,7.95,50,89350
20240206,12:22:53,7.95,50,89350
20240206,12:22:59,7.95,100,88250
20240206,12:23:04,8.0,500,88250
20240206,12:23:10,8.0,1050,88250
20240206,12:23:16,8.0,250,88250
20240206,12:23:26,8.05,400,88250
20240206,12:23:33,8.1,100,88250
20240206,12:23:47,8.1,150,88250
20240206,12:23:55,8.15,100,88250
20240206,12:24:21,8.1,50,88250
20240206,12:24:33,8.1,50,88250
20240206,12:24:46,8.15,50,88250
20240206,12:24:54,8.15,250,88250
20240206,12:25:13,8.25,250,88250
20240206,12:25:22,8.1,550,88250
20240206,12:25:30,8.2,300,88250
20240206,12:25:40,8.0,600,88250
20240206,12:25:56,7.9,50,88250
20240206,12:26:14,7.8,100,88950
20240206,12:26:49,7.95,150,88950
20240206,12:27:52,8.0,300,88950
20240206,12:30:18,8.0,500,89350
20240206,12:31:11,7.7,50,89350
20240206,12:31:27,7.8,50,89350
20240206,12:32:31,7.7,50,89450
20240206,12:33:24,7.65,100,89450
20240206,12:35:31,7.75,50,89600
20240206,12:35:38,7.8,100,89600
20240206,12:36:01,7.75,50,89600
20240206,12:36:34,7.7,50,89600
20240206,12:36:41,7.7,50,89600
20240206,12:36:57,7.7,100,89600
20240206,12:37:06,7.7,600,89600
20240206,12:38:07,7.65,50,89100
20240206,12:39:25,7.6,550,89100
20240206,12:39:31,7.6,50,89100
20240206,12:40:08,7.6,250,89100
20240206,12:40:23,7.55,550,89100
20240206,12:40:29,7.55,100,89100
20240206,12:40:36,7.5,650,89100
20240206,12:40:42,7.5,100,89100
20240206,12:40:56,7.5,650,89100
20240206,12:41:03,7.5,50,90550
20240206,12:41:11,7.5,100,90550
20240206,12:41:35,7.5,1000,90550
20240206,12:41:42,7.55,100,90550
20240206,12:41:48,7.5,550,90550
20240206,12:41:55,7.5,300,90550
20240206,12:42:01,7.45,500,90550
20240206,12:42:06,7.45,750,90550
20240206,12:42:12,7.45,300,90550
20240206,12:42:17,7.4,300,90550
20240206,12:42:23,7.4,500,90550
20240206,12:42:29,7.4,300,90550
20240206,12:42:36,7.45,600,90550
20240206,12:42:48,7.5,50,90550
20240206,12:42:54,7.5,50,90550
20240206,12:43:00,7.45,1650,90550
20240206,12:43:06,7.5,400,90550
20240206,12:43:24,7.4,700,90550
20240206,12:43:29,7.35,1050,90550
20240206,12:43:53,7.45,100,90550
20240206,12:44:07,7.45,50,97450
20240206,12:44:18,7.5,50,97450
20240206,12:44:39,7.45,50,97450
20240206,12:44:44,7.4,1200,97450
20240206,12:44:55,7.4,250,97450
20240206,12:45:00,7.4,50,97450
20240206,12:45:12,7.4,150,97450
20240206,12:47:00,7.5,100,98600
20240206,12:47:19,7.45,100,98600
20240206,12:47:38,7.45,50,98600
20240206,12:48:37,7.5,450,98600
20240206,12:48:47,7.6,150,98600
20240206,12:48:55,7.85,450,98600
20240206,12:49:24,7.9,150,98600
20240206,12:49:38,7.95,150,98600
20240206,12:49:53,7.75,50,98600
20240206,12:50:00,7.75,50,98600
20240206,12:50:07,7.75,50,98800
20240206,12:50:56,7.7,50,98800
20240206,12:51:07,7.75,150,98800
20240206,12:52:37,7.75,50,98800
20240206,12:52:50,7.75,50,98800
20240206,12:52:58,7.7,100,98800
20240206,12:53:22,7.75,50,98750
20240206,12:53:46,7.95,600,98750
20240206,12:54:02,7.95,250,98750
20240206,12:54:10,7.85,300,98750
20240206,12:54:18,7.85,300,98750
20240206,12:54:25,7.8,450,98750
20240206,12:54:32,7.75,150,98750
20240206,12:54:38,7.75,300,98750
20240206,12:54:45,7.65,600,98750
20240206,12:54:53,7.65,100,98750
20240206,12:55:14,7.7,50,98750
20240206,12:55:22,7.65,50,98750
20240206,12:55:34,7.65,50,98750
20240206,12:56:39,7.7,50,98850
20240206,12:57:09,7.7,50,98850
20240206,12:58:01,7.65,500,98850
20240206,12:58:14,7.8,50,98850
20240206,12:58:53,7.95,50,98850
20240206,12:59:43,7.75,50,99750
20240206,13:00:23,7.65,50,99750
20240206,13:00:54,7.7,50,99750
20240206,13:01:13,7.65,50,99750
20240206,13:01:45,7.6,100,99750
20240206,13:01:53,7.55,100,99750
20240206,13:01:59,7.6,100,99750
20240206,13:02:11,7.7,850,99600
20240206,13:02:19,7.6,200,99600
20240206,13:02:45,7.55,50,99600
20240206,13:03:14,7.55,50,99600
20240206,13:04:26,7.5,50,99600
20240206,13:04:38,7.45,50,99600
20240206,13:06:08,7.45,50,99500
20240206,13:06:36,7.3,50,99500
20240206,13:07:08,7.3,50,99500
20240206,13:07:50,7.35,50,99500
20240206,13:08:03,7.35,50,99500
20240206,13:08:37,7.3,50,99150
20240206,13:08:43,7.3,50,99150
20240206,13:09:36,7.3,50,99150
20240206,13:09:43,7.3,50,99150
20240206,13:09:59,7.3,50,99150
20240206,13:10:08,7.35,50,99150
20240206,13:12:13,7.35,400,99150
20240206,13:12:39,7.35,150,99150
20240206,13:12:48,7.45,50,99150
20240206,13:13:06,7.45,50,99150
20240206,13:13:20,7.45,50,99150
20240206,13:18:32,7.45,50,99300
20240206,13:19:53,7.5,50,99300
20240206,13:20:05,7.5,50,99300
20240206,13:23:45,7.35,50,99400
20240206,13:23:49,7.35,50,99400
20240206,13:25:05,7.4,50,99400
20240206,13:25:23,7.4,50,99400
20240206,13:25:30,7.35,50,99400
20240206,13:28:53,7.3,50,99400
20240206,13:29:04,7.25,50,99400
20240206,13:29:10,7.25,250,99300
20240206,13:29:16,7.3,50,99300
20240206,13:29:43,7.25,50,99300
20240206,13:30:27,7.25,1500,99300
20240206,13:30:38,7.25,100,99300
20240206,13:30:50,7.25,50,99300
20240206,13:31:02,7.25,450,99300
20240206,13:31:26,7.3,600,99300
20240206,13:31:38,7.3,50,99300
20240206,13:31:49,7.35,100,99300
20240206,13:32:07,7.35,1850,98150
20240206,13:32:15,7.35,100,98150
20240206,13:32:39,7.4,150,98150
20240206,13:32:47,7.4,50,98150
20240206,13:33:01,7.4,50,98150
20240206,13:33:09,7.4,200,98150
20240206,13:33:42,7.3,500,98150
20240206,13:33:50,7.3,50,98150
20240206,13:34:10,7.3,50,98150
20240206,13:34:46,7.3,450,98150
20240206,13:35:20,7.3,50,97650
20240206,13:36:52,7.45,150,97650
20240206,13:37:04,7.5,100,97650
20240206,13:37:16,7.5,50,97650
20240206,13:37:27,7.5,50,97650
20240206,13:37:37,7.55,250,97650
20240206,13:38:42,7.5,50,97750
20240206,13:38:50,7.4,50,97750
20240206,13:39:00,7.45,100,97750
20240206,13:40:11,7.45,50,97750
20240206,13:40:21,7.45,50,97750
20240206,13:40:58,7.45,50,97750
20240206,13:41:38,7.45,50,97800
20240206,13:42:09,7.4,50,97800
20240206,13:42:31,7.5,50,97800
20240206,13:43:07,7.65,50,97800
20240206,13:44:14,7.4,50,97800
20240206,13:44:25,7.4,150,97850
20240206,13:44:34,7.4,100,97850
20240206,13:44:44,7.4,100,97850
20240206,13:45:04,7.4,250,97850
20240206,13:45:37,7.4,150,97850
20240206,13:45:45,7.4,200,97850
20240206,13:45:53,7.4,50,97850
20240206,13:46:26,7.4,50,97850
20240206,13:46:34,7.5,50,97850
20240206,13:46:43,7.45,100,97850
20240206,13:47:07,7.5,50,97850
20240206,13:47:24,7.45,50,98100
20240206,13:48:06,7.55,500,98100
20240206,13:48:14,7.55,50,98100
20240206,13:48:22,7.55,200,98100
20240206,13:48:30,7.6,50,98100
20240206,13:48:46,7.65,100,98100
20240206,13:49:10,7.6,200,98100
20240206,13:49:18,7.6,600,98100
20240206,13:49:43,7.6,1250,98100
20240206,13:49:50,7.6,400,98100
20240206,13:49:58,7.55,250,98100
20240206,13:50:06,7.55,400,98100
20240206,13:50:15,7.65,550,96600
20240206,13:51:23,7.55,100,96600
20240206,13:51:33,7.65,250,96600
20240206,13:51:52,7.65,50,96600
20240206,13:52:02,7.6,50,96600
20240206,13:52:21,7.5,50,96600
20240206,13:52:40,7.5,150,96600
20240206,13:52:59,7.55,50,96600
20240206,13:53:59,7.45,300,96550
20240206,13:54:23,7.6,50,96550
20240206,13:54:51,7.6,50,96550
20240206,13:55:48,7.65,50,96550
20240206,13:56:05,7.65,50,96550
20240206,13:56:39,7.7,50,96700
20240206,13:57:37,7.7,50,96700
20240206,13:57:45,7.7,50,96700
20240206,13:58:50,7.7,300,96700
20240206,13:58:59,7.7,300,96700
20240206,13:59:42,7.65,50,97050
20240206,14:00:22,7.6,50,97050
20240206,14:01:08,7.55,500,97050
20240206,14:01:39,7.65,50,97050
20240206,14:01:48,7.7,200,97050
20240206,14:02:41,7.6,50,97400
20240206,14:03:26,7.5,50,97400
20240206,14:03:35,7.6,50,97400
20240206,14:04:17,7.65,50,97400
20240206,14:04:48,7.5,300,97400
20240206,14:04:58,7.55,150,97400
20240206,14:06:41,7.65,100,96950
20240206,14:07:24,7.7,150,96950
20240206,14:07:32,7.7,200,96950
20240206,14:08:23,7.75,500,97200
20240206,14:08:55,7.75,350,97200
20240206,14:09:22,7.75,150,97200
20240206,14:09:39,7.7,600,97200
20240206,14:11:13,7.8,50,97200
20240206,14:11:22,7.75,200,97600
20240206,14:12:44,8.0,50,97600
20240206,14:12:55,8.0,100,97600
20240206,14:13:06,8.0,150,97600
20240206,14:13:15,8.0,50,97600
20240206,14:13:39,8.05,1550,97600
20240206,14:13:51,8.1,100,97600
20240206,14:14:03,7.95,50,97600
20240206,14:14:13,7.95,100,97600
20240206,14:14:24,7.85,50,99250
20240206,14:14:42,7.8,50,99250
20240206,14:15:12,7.85,50,99250
20240206,14:16:25,7.8,50,99250
20240206,14:17:28,7.8,100,99250
20240206,14:17:53,7.8,100,99250
20240206,14:18:02,7.85,50,99250
20240206,14:18:27,7.75,250,99250
20240206,14:18:43,7.75,850,99250
20240206,14:19:12,7.75,50,99250
20240206,14:19:20,7.8,50,99250
20240206,14:20:23,7.9,50,99300
20240206,14:20:32,7.9,100,99300
20240206,14:21:16,7.85,50,99300
20240206,14:21:52,8.0,100,99300
20240206,14:23:04,8.0,200,99300
20240206,14:23:14,7.9,250,99300
20240206,14:23:45,7.95,450,99300
20240206,14:25:10,7.85,50,99300
20240206,14:25:51,7.8,350,99300
20240206,14:25:58,7.8,50,99300
20240206,14:26:12,7.8,50,99300
20240206,14:26:27,7.85,100,99400
20240206,14:26:42,7.8,250,99400
20240206,14:26:50,7.85,300,99400
20240206,14:26:57,7.85,100,99400
20240206,14:27:05,7.9,50,99400
20240206,14:27:16,7.9,450,99400
20240206,14:27:25,7.8,200,99400
20240206,14:28:05,7.9,50,99400
20240206,14:29:39,8.0,50,99400
20240206,14:29:55,8.0,400,99400
20240206,14:30:02,8.0,600,99400
20240206,14:30:32,7.9,250,99400
20240206,14:31:01,7.85,50,99400
20240206,14:31:15,7.85,200,99400
20240206,14:32:09,7.8,50,99400
20240206,14:32:29,7.75,150,99400
20240206,14:32:46,7.7,200,99400
20240206,14:32:53,7.75,100,99400
20240206,14:33:16,7.7,50,99400
20240206,14:34:23,7.7,50,99400
20240206,14:34:48,7.75,100,99400
20240206,14:34:54,7.75,500,99400
20240206,14:35:07,7.75,50,99400
20240206,14:35:19,7.75,850,99900
20240206,14:35:25,7.75,550,99900
20240206,14:35:39,7.7,50,99900
20240206,14:36:25,7.75,200,99900
20240206,14:36:31,7.75,50,99900
20240206,14:36:41,7.75,50,99900
20240206,14:37:03,7.7,100,99900
20240206,14:37:30,7.8,50,99900
20240206,14:37:53,7.8,150,99900
20240206,14:38:40,7.7,200,102050
20240206,14:39:06,7.55,250,102050
20240206,14:39:16,7.5,50,102050
20240206,14:39:28,7.5,400,102050
20240206,14:39:38,7.55,300,102050
20240206,14:39:49,7.5,50,102050
20240206,14:40:32,7.5,50,102050
20240206,14:40:41,7.5,250,102050
20240206,14:40:50,7.5,50,102050
20240206,14:41:05,7.55,150,102050
20240206,14:41:36,7.5,50,102050
20240206,14:42:05,7.5,50,102050
20240206,14:43:13,7.5,50,102050
20240206,14:44:05,7.45,50,102050
20240206,14:44:23,7.5,150,101800
20240206,14:45:06,7.45,500,101800
20240206,14:45:34,7.6,50,101800
20240206,14:45:58,7.7,50,101800
20240206,14:46:21,7.55,50,101800
20240206,14:46:28,7.55,50,101800
20240206,14:47:51,7.5,100,101650
20240206,14:48:27,7.45,100,101650
20240206,14:50:02,7.55,100,101650
20240206,14:50:15,7.5,50,101650
20240206,14:50:22,7.45,200,101450
20240206,14:50:57,7.5,250,101450
20240206,14:51:03,7.5,150,101450
20240206,14:51:08,7.5,250,101450
20240206,14:51:22,7.5,100,101450
20240206,14:51:57,7.45,50,101450
20240206,14:52:12,7.45,50,101450
20240206,14:52:38,7.6,250,101450
20240206,14:52:43,7.6,250,101450
20240206,14:52:49,7.55,250,101450
20240206,14:53:40,7.6,50,101300
20240206,14:53:53,7.5,200,101300
20240206,14:54:11,7.65,200,101300
20240206,14:54:41,7.8,200,101300
20240206,14:55:02,7.7,150,101300
20240206,14:55:09,7.8,100,101300
20240206,14:55:17,7.85,50,101300
20240206,14:55:40,7.95,150,101300
20240206,14:56:01,7.65,50,101300
20240206,14:56:10,7.6,100,101300
20240206,14:56:30,7.6,50,101400
20240206,14:56:55,7.65,50,101400
20240206,14:57:18,7.5,50,101400
20240206,14:57:39,7.35,50,101400
20240206,14:58:14,7.5,50,101400
20240206,14:58:31,7.5,1400,101400
20240206,14:59:05,7.45,50,101400
20240206,14:59:44,7.4,150,100000
20240206,15:00:25,7.25,250,100000
20240206,15:00:33,7.2,600,100000
20240206,15:00:42,7.1,600,100000
20240206,15:00:51,7.1,50,100000
20240206,15:00:59,7.05,100,100000
20240206,15:04:16,7.05,1550,99850
20240206,15:04:31,7.05,50,99850
20240206,15:06:02,7.05,50,98400
20240206,15:06:35,7.0,800,98400
20240206,15:06:56,7.0,50,98400
20240206,15:07:37,7.0,100,98400
20240206,15:07:42,7.1,50,98400
20240206,15:07:56,7.15,100,98400
20240206,15:08:59,7.15,250,98550
20240206,15:09:46,7.15,400,98550
20240206,15:10:13,7.2,50,98550
20240206,15:10:51,7.1,50,98550
20240206,15:10:56,7.1,700,98550
20240206,15:11:07,7.2,350,98550
20240206,15:12:02,7.25,100,99050
20240206,15:12:58,7.25,50,99050
20240206,15:13:02,7.3,50,99050
20240206,15:13:06,7.35,250,99050
20240206,15:13:27,7.4,600,99050
20240206,15:14:02,7.3,50,99050
20240206,15:14:18,7.35,750,99050
20240206,15:14:25,7.35,100,99750
20240206,15:14:33,7.4,1400,99750
20240206,15:14:41,7.4,200,99750
20240206,15:15:02,7.4,1800,99750
20240206,15:15:18,7.45,250,99750
20240206,15:16:16,7.4,150,99750
20240206,15:16:54,7.45,200,99750
20240206,15:17:01,7.4,50,99750
20240206,15:17:44,7.55,100,97800
20240206,15:18:22,7.55,250,97800
20240206,15:18:27,7.5,300,97800
20240206,15:18:33,7.55,300,97800
20240206,15:18:40,7.55,250,97800
20240206,15:18:58,7.55,100,97800
20240206,15:19:08,7.55,50,97800
20240206,15:19:17,7.55,50,97800
20240206,15:19:30,7.55,450,97800
20240206,15:19:46,7.65,350,97800
20240206,15:19:56,7.7,2150,97800
20240206,15:20:01,7.65,50,97800
20240206,15:20:11,7.7,50,97800
20240206,15:20:17,7.7,150,97800
20240206,15:20:26,7.7,250,98400
20240206,15:20:46,7.7,100,98400
20240206,15:20:52,7.7,150,98400
20240206,15:21:15,7.75,150,98400
20240206,15:21:29,7.7,50,98400
20240206,15:21:35,7.65,50,98400
20240206,15:22:04,7.75,150,98400
20240206,15:22:22,7.65,50,98400
20240206,15:22:28,7.6,1550,98400
20240206,15:22:33,7.6,200,98400
20240206,15:22:51,7.45,450,98400
20240206,15:22:56,7.55,150,98400
20240206,15:23:09,7.6,300,98400
20240206,15:23:31,7.55,850,98450
20240206,15:23:38,7.6,50,98450
20240206,15:23:52,7.55,100,98450
20240206,15:24:06,7.55,600,98450
20240206,15:24:13,7.5,50,98450
20240206,15:24:59,7.6,100,98450
20240206,15:25:17,7.65,300,98450
20240206,15:25:26,7.7,150,98450
20240206,15:25:35,7.7,100,98450
20240206,15:25:46,7.6,100,98450
20240206,15:25:57,7.65,200,98450
20240206,15:26:18,7.7,700,98450
20240206,15:26:37,7.8,400,98100
20240206,15:27:20,7.75,150,98100
20240206,15:27:27,7.7,650,98100
20240206,15:27:34,7.65,250,98100
20240206,15:27:43,7.65,200,98100
20240206,15:27:52,7.75,400,98100
20240206,15:28:02,7.8,200,98100
20240206,15:28:12,7.7,50,98100
20240206,15:28:22,7.65,100,98100
20240206,15:28:33,7.65,500,98100
20240206,15:28:45,7.75,1400,98100
20240206,15:28:55,7.65,2050,98100
20240206,15:29:07,7.5,50,98100
20240206,15:29:22,7.45,1100,98100
20240206,15:29:35,7.45,100,99750
20240206,15:29:49,7.55,1100,99750
20240206,15:30:01,7.0,3150,99750
20240207,09:15:09,5.55,1,102000
20240207,09:15:09,5.5,150,102000
20240207,09:15:10,5.35,50,102000
20240207,09:15:12,5.35,50,102000
20240207,09:15:13,5.3,250,102000
20240207,09:15:14,5.4,50,102000
20240207,09:15:15,5.3,50,102000
20240207,09:15:16,5.2,250,102000
20240207,09:15:17,5.2,100,102000
20240207,09:15:18,5.15,100,102000
20240207,09:15:19,5.15,150,102000
20240207,09:15:20,5.25,50,102000
20240207,09:15:25,5.4,150,102000
20240207,09:15:27,5.3,200,102000
20240207,09:15:28,5.4,50,102000
20240207,09:15:30,5.35,50,102000
20240207,09:15:36,5.35,50,102000
20240207,09:15:42,5.25,50,102000
20240207,09:15:48,5.4,50,102000
20240207,09:15:50,5.6,250,102000
20240207,09:15:57,5.6,100,102000
20240207,09:15:59,5.25,50,102000
20240207,09:15:59,5.5,150,102000
20240207,09:16:04,5.35,50,102000
20240207,09:16:06,5.4,100,102000
20240207,09:16:16,5.65,150,102000
20240207,09:16:29,5.65,1100,102950
20240207,09:16:31,5.4,300,102950
20240207,09:17:01,5.4,400,102950
20240207,09:17:16,5.4,750,102950
20240207,09:17:19,5.4,100,102950
20240207,09:17:30,5.4,50,102950
20240207,09:17:31,5.4,50,102950
20240207,09:18:01,5.4,50,102950
20240207,09:18:39,5.4,400,102950
20240207,09:18:50,5.4,300,102950
20240207,09:19:00,5.55,400,102950
20240207,09:19:20,5.75,400,102950
20240207,09:19:29,5.75,200,102950
20240207,09:19:47,5.65,300,103600
20240207,09:19:56,5.4,400,103600
20240207,09:20:17,5.6,50,103600
20240207,09:20:28,5.6,200,103600
20240207,09:20:47,5.7,100,103600
20240207,09:21:05,5.75,50,103600
20240207,09:21:26,5.9,750,103600
20240207,09:21:36,5.9,100,103600
20240207,09:22:08,6.0,300,103600
20240207,09:22:27,6.0,500,103600
20240207,09:22:48,6.05,450,102850
20240207,09:23:09,6.2,100,102850
20240207,09:23:29,6.2,500,102850
20240207,09:23:38,6.2,300,102850
20240207,09:23:48,6.2,1250,102850
20240207,09:23:57,6.15,1400,102850
20240207,09:24:08,6.0,1900,102850
20240207,09:24:19,6.0,200,102850
20240207,09:24:30,5.95,600,102850
20240207,09:24:40,5.9,250,102850
20240207,09:25:02,5.75,500,102850
20240207,09:25:49,5.85,550,100950
20240207,09:26:10,5.9,150,100950
20240207,09:26:42,5.9,50,100950
20240207,09:27:04,5.9,50,100950
20240207,09:27:15,5.85,500,100950
20240207,09:27:49,5.9,250,100950
20240207,09:28:00,5.95,3300,100950
20240207,09:28:10,5.85,350,100950
20240207,09:28:42,5.85,100,99950
20240207,09:29:14,6.0,1800,99950
20240207,09:29:24,5.9,400,99950
20240207,09:29:53,5.85,100,99950
20240207,09:30:04,5.75,950,99950
20240207,09:30:14,5.65,1250,99950
20240207,09:30:34,5.8,200,99950
20240207,09:30:44,5.65,900,99950
20240207,09:30:54,5.6,150,99950
20240207,09:31:04,5.7,1250,99950
20240207,09:31:15,5.5,700,99950
20240207,09:31:26,5.45,1750,99950
20240207,09:31:37,5.5,400,97450
20240207,09:31:48,5.55,1250,97450
20240207,09:32:08,5.55,250,97450
20240207,09:32:18,5.5,750,97450
20240207,09:33:25,5.5,900,97450
20240207,09:33:34,5.6,950,97450
20240207,09:34:03,5.4,100,97450
20240207,09:34:12,5.5,350,97450
20240207,09:34:21,5.4,250,97450
20240207,09:34:31,5.4,350,97450
20240207,09:34:49,5.4,150,98350
20240207,09:34:59,5.3,200,98350
20240207,09:35:10,5.1,3300,98350
20240207,09:35:52,5.2,50,98350
20240207,09:36:02,5.25,750,98350
20240207,09:36:40,5.2,600,98350
20240207,09:36:50,5.25,50,98350
20240207,09:37:00,5.35,500,98350
20240207,09:37:16,5.3,100,98350
20240207,09:37:36,5.25,900,98350
20240207,09:37:47,5.2,750,100650
20240207,09:38:06,5.25,550,100650
20240207,09:38:39,5.2,2900,100650
20240207,09:38:49,5.25,100,100650
20240207,09:39:00,5.1,1000,100650
20240207,09:39:11,5.1,750,100650
20240207,09:39:42,5.15,1100,100650
20240207,09:40:03,5.25,100,100650
20240207,09:40:14,5.25,750,100650
20240207,09:40:36,5.15,500,100650
20240207,09:40:49,5.1,150,104900
20240207,09:41:00,5.1,500,104900
20240207,09:41:11,5.1,50,104900
20240207,09:41:20,5.2,2550,104900
20240207,09:41:39,5.2,850,104900
20240207,09:41:50,5.3,1850,104900
20240207,09:42:00,5.25,950,104900
20240207,09:42:09,5.3,200,104900
20240207,09:42:19,5.2,2150,104900
20240207,09:42:31,5.4,4350,104900
20240207,09:42:42,5.45,1300,104900
20240207,09:42:52,5.45,850,104900
20240207,09:43:02,5.35,300,104900
20240207,09:43:23,5.35,500,104900
20240207,09:44:03,5.3,200,107750
20240207,09:44:14,5.5,1850,107750
20240207,09:44:24,5.5,150,107750
20240207,09:44:34,5.45,2050,107750
20240207,09:44:45,5.4,500,107750
20240207,09:45:05,5.55,200,107750
20240207,09:45:16,5.55,300,107750
20240207,09:45:27,5.45,100,107750
20240207,09:45:37,5.4,200,107750
20240207,09:45:47,5.35,1100,107750
20240207,09:46:15,5.3,2750,107750
20240207,09:46:24,5.25,950,107750
20240207,09:46:33,5.3,400,107750
20240207,09:47:10,5.4,100,114350
20240207,09:47:30,5.4,1300,114350
20240207,09:47:48,5.5,1150,114350
20240207,09:48:06,5.4,200,114350
20240207,09:48:15,5.35,2100,114350
20240207,09:48:33,5.4,600,114350
20240207,09:49:18,5.4,100,114350
20240207,09:49:27,5.35,50,114350
20240207,09:49:46,5.25,1000,114450
20240207,09:49:56,5.2,450,114450
20240207,09:50:15,5.3,100,114450
20240207,09:50:44,5.35,1800,114450
20240207,09:50:54,5.4,2150,114450
20240207,09:51:04,5.2,450,114450
20240207,09:51:14,5.25,1050,114450
20240207,09:51:51,5.25,100,114450
20240207,09:52:28,5.25,1800,114450
20240207,09:52:37,5.2,1050,120800
20240207,09:52:46,5.1,1350,120800
20240207,09:52:54,5.3,1050,120800
20240207,09:53:11,5.3,2150,120800
20240207,09:53:27,5.35,50,120800
20240207,09:53:43,5.25,100,120800
20240207,09:54:03,5.2,1600,120800
20240207,09:54:12,5.25,3600,120800
20240207,09:54:46,5.2,50,120800
20240207,09:55:10,5.25,350,120800
20240207,09:56:10,5.05,250,126850
20240207,09:56:20,5.05,2150,126850
20240207,09:56:31,5.0,350,126850
20240207,09:56:51,5.0,1250,126850
20240207,09:57:10,5.1,650,126850
20240207,09:57:20,5.0,500,126850
20240207,09:57:30,5.1,250,126850
20240207,09:57:49,5.05,50,126850
20240207,09:58:19,5.05,1350,126850
20240207,09:58:29,5.05,450,126850
20240207,09:59:07,5.0,50,130750
20240207,09:59:17,4.95,50,130750
20240207,09:59:27,4.95,50,130750
20240207,09:59:43,4.95,50,130750
20240207,09:59:52,5.0,250,130750
20240207,10:00:09,5.05,250,130750
20240207,10:00:30,4.95,500,130750
20240207,10:00:39,5.0,500,130750
20240207,10:00:48,5.05,450,130750
20240207,10:01:04,5.0,100,130750
20240207,10:01:13,5.0,400,130750
20240207,10:01:23,5.1,200,130750
20240207,10:01:41,5.0,800,131900
20240207,10:02:14,5.05,300,131900
20240207,10:02:32,5.1,100,131900
20240207,10:02:57,5.15,400,131900
20240207,10:03:45,5.1,700,131900
20240207,10:03:54,5.05,200,131900
20240207,10:04:22,5.05,250,131900
20240207,10:04:31,5.1,100,131900
20240207,10:04:48,5.1,100,133050
20240207,10:04:57,5.15,1300,133050
20240207,10:05:29,5.2,300,133050
20240207,10:05:57,5.05,700,133050
20240207,10:06:16,5.0,450,133050
20240207,10:06:25,5.0,900,133050
20240207,10:06:34,5.0,100,133050
20240207,10:06:53,5.05,650,133050
20240207,10:07:19,5.05,50,133050
20240207,10:07:37,5.0,250,133050
20240207,10:07:55,4.9,750,133800
20240207,10:08:13,4.9,50,133800
20240207,10:08:30,5.05,1400,133800
20240207,10:08:47,5.05,650,133800
20240207,10:08:56,5.0,900,133800
20240207,10:09:12,5.0,400,133800
20240207,10:09:21,5.05,300,133800
20240207,10:09:37,5.0,400,133800
20240207,10:09:53,5.0,2600,133800
20240207,10:10:10,5.05,100,133800
20240207,10:10:26,5.0,6700,133800
20240207,10:10:50,5.05,700,142950
20240207,10:11:13,5.0,250,142950
20240207,10:11:37,5.1,200,142950
20240207,10:11:44,5.1,100,142950
20240207,10:12:25,5.05,100,142950
20240207,10:12:35,5.05,100,142950
20240207,10:12:43,5.05,500,142950
20240207,10:13:14,5.1,100,142950
20240207,10:13:34,5.1,250,142950
20240207,10:13:57,5.1,800,143650
20240207,10:14:14,5.15,100,143650
20240207,10:14:22,5.15,1450,143650
20240207,10:14:44,5.15,150,143650
20240207,10:14:52,5.05,200,143650
20240207,10:14:59,5.05,150,143650
20240207,10:15:14,5.0,50,143650
20240207,10:15:21,5.0,50,143650
20240207,10:15:36,4.95,250,143650
20240207,10:15:51,5.0,1500,143650
20240207,10:18:04,4.95,200,143700
20240207,10:18:12,4.9,350,143700
20240207,10:18:30,4.9,200,143700
20240207,10:18:40,5.0,50,143700
20240207,10:18:59,4.9,100,143700
20240207,10:19:08,4.9,300,143700
20240207,10:19:27,4.9,650,143700
20240207,10:19:36,4.85,500,143700
20240207,10:20:45,4.9,50,143700
20240207,10:22:11,4.9,200,143700
20240207,10:22:18,4.9,200,143700
20240207,10:22:25,4.95,50,143700
20240207,10:23:06,4.9,50,143900
20240207,10:23:20,4.8,900,143900
20240207,10:23:28,4.8,50,143900
20240207,10:23:36,4.85,150,143900
20240207,10:23:43,4.9,50,143900
20240207,10:24:04,4.8,50,143900
20240207,10:24:30,4.8,400,143900
20240207,10:24:51,4.85,50,143900
20240207,10:24:59,4.85,50,143900
20240207,10:25:15,4.8,350,143900
20240207,10:25:49,4.8,500,143900
20240207,10:26:17,4.7,600,143900
20240207,10:26:24,4.8,150,143900
20240207,10:28:16,4.7,150,143900
20240207,10:28:24,4.75,50,143900
20240207,10:28:31,4.8,200,143900
20240207,10:29:01,4.7,50,145000
20240207,10:29:35,4.75,300,145000
20240207,10:29:42,4.7,650,145000
20240207,10:30:14,4.7,1100,145000
20240207,10:32:02,4.75,450,143200
20240207,10:32:55,4.7,600,143200
20240207,10:33:04,4.65,150,143200
20240207,10:33:13,4.65,50,143200
20240207,10:33:40,4.65,50,143200
20240207,10:34:33,4.75,200,143200
20240207,10:35:33,4.8,50,143200
20240207,10:35:41,4.75,100,143200
20240207,10:36:02,4.65,1750,143200
20240207,10:36:09,4.7,50,143200
20240207,10:36:31,4.7,150,143200
20240207,10:37:01,4.7,150,143200
20240207,10:38:13,4.8,50,143050
20240207,10:39:28,4.75,50,143050
20240207,10:39:34,4.8,150,143050
20240207,10:39:40,4.7,50,143050
20240207,10:40:19,4.8,400,143050
20240207,10:40:33,4.8,200,143050
20240207,10:40:40,4.8,300,143050
20240207,10:40:47,4.85,200,143150
20240207,10:40:55,4.85,150,143150
20240207,10:41:02,4.75,200,143150
20240207,10:41:34,4.75,150,143150
20240207,10:41:45,4.75,50,143150
20240207,10:41:58,4.85,400,143150
20240207,10:42:16,4.85,150,143150
20240207,10:42:24,4.8,700,143150
20240207,10:42:31,4.8,200,143150
20240207,10:42:52,4.85,150,143150
20240207,10:42:58,4.8,150,143150
20240207,10:44:07,4.9,150,143050
20240207,10:44:27,4.95,150,143050
20240207,10:44:54,4.85,50,143050
20240207,10:45:35,4.85,150,143050
20240207,10:45:41,4.8,150,143050
20240207,10:46:09,4.8,150,143050
20240207,10:46:16,4.85,250,143050
20240207,10:46:24,4.8,50,143050
20240207,10:46:38,4.75,200,143050
20240207,10:46:46,4.75,150,143050
20240207,10:47:37,4.8,400,143200
20240207,10:47:57,4.8,150,143200
20240207,10:48:48,4.85,150,143200
20240207,10:49:11,4.8,450,143200
20240207,10:49:21,4.8,150,143200
20240207,10:49:32,4.8,150,143200
20240207,10:51:03,4.85,500,143050
20240207,10:51:21,4.8,150,143050
20240207,10:52:13,4.8,50,143050
20240207,10:52:30,4.85,100,143050
20240207,10:52:47,4.8,100,143050
20240207,10:52:53,4.85,800,143050
20240207,10:52:58,4.9,950,143050
20240207,10:53:03,4.95,900,143050
20240207,10:53:10,5.05,3100,143050
20240207,10:53:26,5.05,150,143050
20240207,10:53:34,5.05,1200,143050
20240207,10:53:41,5.05,300,143050
20240207,10:53:48,5.05,500,143050
20240207,10:53:55,5.1,1200,143050
20240207,10:54:01,5.1,1250,143050
20240207,10:54:14,5.05,300,143050
20240207,10:54:20,5.0,250,143050
20240207,10:54:29,5.1,2250,143050
20240207,10:54:33,5.15,600,143050
20240207,10:54:37,5.1,500,143050
20240207,10:54:41,5.1,250,143050
20240207,10:54:45,5.1,150,143050
20240207,10:55:07,5.15,300,143050
20240207,10:55:14,5.1,300,143050
20240207,10:55:20,5.1,100,143050
20240207,10:55:34,5.15,50,143050
20240207,10:55:49,5.15,950,143650
20240207,10:55:58,5.15,550,143650
20240207,10:56:25,5.1,2450,143650
20240207,10:56:33,5.1,100,143650
20240207,10:56:42,5.0,1000,143650
20240207,10:56:54,5.0,1600,143650
20240207,10:57:08,5.05,200,143650
20240207,10:57:23,5.1,600,143650
20240207,10:58:21,5.25,450,143650
20240207,10:58:30,5.25,1950,143650
20240207,10:58:38,5.25,150,143650
20240207,10:58:56,5.3,150,150250
20240207,10:59:02,5.2,900,150250
20240207,10:59:11,5.2,1850,150250
20240207,10:59:15,5.25,50,150250
20240207,10:59:20,5.3,500,150250
20240207,10:59:26,5.3,950,150250
20240207,10:59:31,5.2,1000,150250
20240207,10:59:45,5.2,1750,150250
20240207,10:59:57,5.25,450,150250
20240207,11:00:05,5.2,150,150250
20240207,11:00:10,5.25,650,150250
20240207,11:00:34,5.25,50,150250
20240207,11:01:13,5.25,150,150250
20240207,11:01:20,5.25,50,150250
20240207,11:01:52,5.2,1250,152050
20240207,11:01:59,5.2,1300,152050
20240207,11:02:02,5.35,1800,152050
20240207,11:02:09,5.25,650,152050
20240207,11:02:21,5.35,2450,152050
20240207,11:02:38,5.35,1800,152050
20240207,11:02:44,5.25,1250,152050
20240207,11:02:52,5.25,2450,152050
20240207,11:03:10,5.2,2000,152050
20240207,11:03:29,5.3,850,152050
20240207,11:03:36,5.25,600,152050
20240207,11:04:08,5.15,150,152050
20240207,11:04:28,5.15,150,152050
20240207,11:04:53,5.1,350,151950
20240207,11:05:28,5.1,2200,151950
20240207,11:05:36,5.1,300,151950
20240207,11:05:43,5.1,450,151950
20240207,11:06:05,5.15,350,151950
20240207,11:06:13,5.15,50,151950
20240207,11:06:21,5.2,50,151950
20240207,11:06:34,5.2,50,151950
20240207,11:07:03,5.1,1950,151950
20240207,11:07:23,5.15,50,151950
20240207,11:07:35,5.1,650,151950
20240207,11:07:47,5.05,3750,151500
20240207,11:08:02,5.1,3700,151500
20240207,11:08:24,5.05,700,151500
20240207,11:08:31,5.05,200,151500
20240207,11:09:05,5.05,150,151500
20240207,11:09:28,5.2,1100,151500
20240207,11:09:38,5.25,250,151500
20240207,11:10:15,5.25,300,151500
20240207,11:10:35,5.15,750,151500
20240207,11:10:57,5.15,50,152050
20240207,11:11:02,5.15,50,152050
20240207,11:11:08,5.15,50,152050
20240207,11:11:13,5.1,1100,152050
20240207,11:12:40,5.05,150,152050
20240207,11:12:46,5.05,50,152050
20240207,11:13:20,5.05,150,152050
20240207,11:13:35,5.05,150,152050
20240207,11:14:03,5.05,200,152950
20240207,11:14:09,5.0,150,152950
20240207,11:14:22,5.0,650,152950
20240207,11:14:57,4.95,250,152950
20240207,11:15:02,4.85,100,152950
20240207,11:15:37,4.95,50,152950
20240207,11:16:36,4.95,250,152950
20240207,11:16:42,4.95,150,152950
20240207,11:16:48,4.9,50,152700
20240207,11:16:54,4.9,50,152700
20240207,11:17:14,4.85,50,152700
20240207,11:18:20,4.85,400,152700
20240207,11:19:07,4.8,250,152700
20240207,11:20:00,4.8,150,152700
20240207,11:20:50,4.8,100,152700
20240207,11:20:55,4.8,50,152700
20240207,11:21:11,4.8,300,152700
20240207,11:21:43,4.8,150,152700
20240207,11:22:13,4.8,200,152700
20240207,11:22:41,4.8,350,152700
20240207,11:24:14,4.85,300,152900
20240207,11:24:39,4.85,750,152900
20240207,11:24:46,4.9,1000,152900
20240207,11:24:53,4.9,550,152900
20240207,11:25:00,4.85,50,152900
20240207,11:25:08,4.9,150,152900
20240207,11:25:23,4.85,200,152900
20240207,11:25:37,4.85,850,152900
20240207,11:25:44,4.85,50,152900
20240207,11:25:57,4.85,1200,155950
20240207,11:27:29,4.9,400,155950
20240207,11:27:51,4.9,50,155950
20240207,11:28:24,4.9,300,155950
20240207,11:28:56,4.95,250,156000
20240207,11:29:09,5.0,350,156000
20240207,11:29:15,5.0,250,156000
20240207,11:29:36,4.9,150,156000
20240207,11:31:30,5.0,350,156000
20240207,11:31:41,5.05,400,156000
20240207,11:32:01,5.15,800,156000
20240207,11:32:11,5.2,150,156000
20240207,11:32:20,5.3,2050,156000
20240207,11:32:30,5.35,1800,156000
20240207,11:32:39,5.45,750,156000
20240207,11:32:47,5.45,400,156000
20240207,11:33:04,5.5,350,156000
20240207,11:33:14,5.55,3300,156000
20240207,11:33:24,5.6,1400,156000
20240207,11:33:34,5.6,2800,156000
20240207,11:33:44,5.65,3200,156000
20240207,11:33:52,5.7,1100,156000
20240207,11:33:59,5.75,450,156000
20240207,11:34:07,5.85,850,156000
20240207,11:34:16,5.95,1100,156000
20240207,11:34:24,5.85,1800,156000
20240207,11:34:32,5.9,400,156000
20240207,11:34:40,6.0,1800,156000
20240207,11:34:48,6.0,200,156000
20240207,11:34:56,5.85,1000,152350
20240207,11:35:12,5.85,100,152350
20240207,11:35:20,5.9,50,152350
20240207,11:35:29,5.9,1650,152350
20240207,11:35:37,5.7,50,152350
20240207,11:35:46,5.6,650,152350
20240207,11:35:56,5.65,150,152350
20240207,11:36:05,5.7,1350,152350
20240207,11:36:13,5.75,900,152350
20240207,11:36:20,5.7,1550,152350
20240207,11:36:43,5.75,1950,152350
20240207,11:36:52,5.65,100,152350
20240207,11:37:07,5.75,100,152350
20240207,11:37:24,5.85,650,152350
20240207,11:37:33,5.8,50,152350
20240207,11:37:51,5.85,800,152550
20240207,11:38:09,5.95,350,152550
20240207,11:38:20,6.05,300,152550
20240207,11:38:30,6.05,50,152550
20240207,11:39:25,6.05,50,152550
20240207,11:39:52,6.05,450,152550
20240207,11:40:00,6.05,400,152550
20240207,11:40:08,6.0,200,152550
20240207,11:40:54,6.1,500,152450
20240207,11:41:23,6.15,1150,152450
20240207,11:41:30,6.05,1800,152450
20240207,11:41:38,6.1,300,152450
20240207,11:41:59,5.95,300,152450
20240207,11:42:06,5.95,150,152450
20240207,11:42:13,6.05,150,152450
20240207,11:42:28,5.95,250,152450
20240207,11:43:52,5.85,200,152450
20240207,11:44:00,5.85,50,153500
20240207,11:44:15,5.8,1550,153500
20240207,11:44:41,5.65,50,153500
20240207,11:45:06,5.7,300,153500
20240207,11:45:40,5.7,100,153500
20240207,11:45:56,5.55,250,153500
20240207,11:46:21,5.4,50,153500
20240207,11:46:53,5.4,850,153500
20240207,11:47:01,5.35,300,155000
20240207,11:47:16,5.3,200,155000
20240207,11:47:24,5.25,250,155000
20240207,11:48:33,5.2,150,155000
20240207,11:48:48,5.15,100,155000
20240207,11:49:12,5.1,1800,155000
20240207,11:50:00,5.2,100,156500
20240207,11:50:39,5.4,300,156500
20240207,11:50:47,5.35,400,156500
20240207,11:51:10,5.3,50,156500
20240207,11:51:18,5.25,50,156500
20240207,11:52:01,5.2,1550,156500
20240207,11:52:16,5.3,100,156500
20240207,11:52:23,5.35,450,156500
20240207,11:52:31,5.4,50,156500
20240207,11:52:59,5.4,250,156950
20240207,11:53:35,5.4,1000,156950
20240207,11:53:43,5.4,300,156950
20240207,11:53:50,5.45,350,156950
20240207,11:53:58,5.55,350,156950
20240207,11:54:21,5.55,300,156950
20240207,11:54:37,5.65,1350,156950
20240207,11:54:44,5.65,150,156950
20240207,11:55:00,5.65,750,156950
20240207,11:55:07,5.65,300,156950
20240207,11:55:31,5.8,100,156950
20240207,11:56:04,5.8,300,158100
20240207,11:56:13,5.7,4100,158100
20240207,11:56:21,5.8,650,158100
20240207,11:56:40,5.85,300,158100
20240207,11:57:32,5.9,1350,158100
20240207,11:57:58,6.05,600,158100
20240207,11:58:06,6.0,50,158100
20240207,11:58:14,6.0,350,158100
20240207,11:58:23,6.0,300,158100
20240207,11:58:31,5.95,150,158100
20240207,11:58:40,5.9,250,158100
20240207,11:58:48,5.95,200,158100
20240207,11:58:56,5.95,150,161900
20240207,11:59:04,5.95,1400,161900
20240207,11:59:11,5.95,200,161900
20240207,11:59:42,5.9,800,161900
20240207,11:59:57,5.9,250,161900
20240207,12:00:05,5.85,1200,161900
20240207,12:00:41,5.9,50,161900
20240207,12:01:03,5.8,750,161900
20240207,12:01:19,5.75,1800,161900
20240207,12:01:27,5.75,150,161900
20240207,12:01:57,5.9,3500,165150
20240207,12:02:04,5.9,1100,165150
20240207,12:02:35,5.7,150,165150
20240207,12:02:52,5.7,100,165150
20240207,12:02:59,5.65,400,165150
20240207,12:03:07,5.6,250,165150
20240207,12:03:15,5.55,150,165150
20240207,12:03:23,5.6,50,165150
20240207,12:03:30,5.55,500,165150
20240207,12:03:37,5.55,700,165150
20240207,12:03:45,5.5,1500,165150
20240207,12:03:53,5.5,850,165150
20240207,12:04:01,5.4,600,165150
20240207,12:04:09,5.4,1000,165150
20240207,12:04:17,5.4,450,165150
20240207,12:04:26,5.4,150,165150
20240207,12:04:34,5.45,750,165150
20240207,12:05:26,5.5,250,166800
20240207,12:06:29,5.55,50,166800
20240207,12:06:59,5.55,100,166800
20240207,12:07:08,5.45,300,166800
20240207,12:07:57,5.5,100,166800
20240207,12:08:29,5.4,300,167150
20240207,12:08:45,5.45,50,167150
20240207,12:08:53,5.4,1250,167150
20240207,12:09:02,5.4,1650,167150
20240207,12:09:10,5.4,250,167150
20240207,12:09:17,5.4,250,167150
20240207,12:10:11,5.4,300,167150
20240207,12:10:18,5.35,400,167150
20240207,12:10:24,5.4,600,167150
20240207,12:10:30,5.45,300,167150
20240207,12:10:50,5.5,700,167150
20240207,12:11:09,5.45,200,167950
20240207,12:11:21,5.45,750,167950
20240207,12:11:28,5.45,50,167950
20240207,12:12:10,5.4,300,167950
20240207,12:12:26,5.45,250,167950
20240207,12:13:10,5.55,50,167950
20240207,12:13:18,5.55,600,167950
20240207,12:14:42,5.6,300,168150
20240207,12:14:50,5.6,150,168150
20240207,12:15:31,5.6,400,168150
20240207,12:16:00,5.6,300,168150
20240207,12:16:09,5.55,300,168150
20240207,12:16:47,5.6,50,168150
20240207,12:17:07,5.4,250,168050
20240207,12:17:14,5.5,250,168050
20240207,12:17:26,5.45,1300,168050
20240207,12:17:38,5.5,1200,168050
20240207,12:17:50,5.5,550,168050
20240207,12:17:57,5.4,1550,168050
20240207,12:18:21,5.4,450,168050
20240207,12:18:34,5.45,150,168050
20240207,12:19:07,5.4,50,168050
20240207,12:19:44,5.35,300,168050
20240207,12:19:51,5.35,100,168050
20240207,12:19:58,5.35,1000,170900
20240207,12:20:13,5.35,100,170900
20240207,12:20:28,5.35,700,170900
20240207,12:20:34,5.3,100,170900
20240207,12:20:46,5.3,1650,170900
20240207,12:21:10,5.25,350,170900
20240207,12:21:16,5.3,250,170900
20240207,12:21:28,5.3,300,170900
20240207,12:22:20,5.3,450,170900
20240207,12:22:26,5.2,200,170900
20240207,12:22:33,5.3,500,170900
20240207,12:22:40,5.25,1500,170900
20240207,12:22:47,5.35,450,170900
20240207,12:23:00,5.3,2750,174700
20240207,12:23:07,5.35,600,174700
20240207,12:23:27,5.3,450,174700
20240207,12:23:33,5.3,200,174700
20240207,12:23:49,5.2,450,174700
20240207,12:23:54,5.2,50,174700
20240207,12:24:00,5.2,400,174700
20240207,12:24:05,5.3,50,174700
20240207,12:24:12,5.3,250,174700
20240207,12:24:25,5.3,450,174700
20240207,12:24:32,5.35,2150,174700
20240207,12:24:52,5.3,150,174700
20240207,12:26:37,5.2,850,176750
20240207,12:26:43,5.25,150,176750
20240207,12:26:54,5.2,150,176750
20240207,12:27:00,5.15,500,176750
20240207,12:27:13,5.1,1200,176750
20240207,12:27:25,5.15,1250,176750
20240207,12:27:43,5.15,600,176750
20240207,12:28:00,5.15,300,176750
20240207,12:28:25,5.1,300,176750
20240207,12:28:59,5.05,50,180300
20240207,12:29:30,5.05,1500,180300
20240207,12:29:53,5.05,1000,180300
20240207,12:30:03,4.95,350,180300
20240207,12:30:15,5.05,150,180300
20240207,12:30:21,5.05,900,180300
20240207,12:30:33,5.1,100,180300
20240207,12:30:39,5.05,400,180300
20240207,12:31:25,5.05,400,180300
20240207,12:32:34,5.05,1300,183900
20240207,12:33:00,5.0,2150,183900
20240207,12:33:08,4.95,1450,183900
20240207,12:33:16,5.0,350,183900
20240207,12:33:24,4.85,100,183900
20240207,12:34:38,4.9,150,183900
20240207,12:35:06,4.85,550,184300
20240207,12:35:14,4.9,50,184300
20240207,12:35:21,4.95,650,184300
20240207,12:35:29,4.9,50,184300
20240207,12:35:45,4.95,2200,184300
20240207,12:35:52,4.95,4500,184300
20240207,12:35:59,5.0,150,184300
20240207,12:36:13,5.0,250,184300
20240207,12:36:20,4.95,300,184300
20240207,12:36:33,4.95,100,184300
20240207,12:37:03,4.95,150,184300
20240207,12:37:10,5.05,200,184300
20240207,12:37:17,5.05,50,184300
20240207,12:37:24,5.0,400,184300
20240207,12:37:51,5.05,50,184300
20240207,12:39:34,5.05,100,184300
20240207,12:40:01,5.1,200,184300
20240207,12:40:25,5.15,50,184300
20240207,12:40:35,5.15,600,184300
20240207,12:40:43,5.15,1000,184300
20240207,12:41:49,5.1,50,183900
20240207,12:42:06,5.1,100,183900
20240207,12:43:10,5.1,350,183900
20240207,12:43:16,5.05,50,183900
20240207,12:44:16,5.15,150,184050
20240207,12:44:22,5.2,2050,184050
20240207,12:44:28,5.2,750,184050
20240207,12:44:34,5.2,400,184050
20240207,12:44:40,5.2,250,184050
20240207,12:44:47,5.2,800,184050
20240207,12:45:08,5.25,200,184050
20240207,12:45:18,5.25,200,184050
20240207,12:45:38,5.3,550,184050
20240207,12:45:51,5.35,700,184050
20240207,12:46:03,5.25,800,184050
20240207,12:46:42,5.25,50,184050
20240207,12:47:04,5.2,550,184150
20240207,12:47:20,5.3,500,184150
20240207,12:47:25,5.3,800,184150
20240207,12:47:49,5.35,450,184150
20240207,12:47:55,5.35,250,184150
20240207,12:48:07,5.45,550,184150
20240207,12:48:26,5.4,150,184150
20240207,12:48:42,5.5,50,184150
20240207,12:48:47,5.5,100,184150
20240207,12:48:53,5.55,500,184150
20240207,12:50:11,5.5,100,184900
20240207,12:51:14,5.55,200,184900
20240207,12:52:02,5.55,1450,184900
20240207,12:52:14,5.55,50,184900
20240207,12:52:31,5.5,150,184900
20240207,12:52:50,5.45,50,184900
20240207,12:53:06,5.5,1150,185650
20240207,12:53:18,5.5,450,185650
20240207,12:53:55,5.5,450,185650
20240207,12:54:00,5.5,300,185650
20240207,12:54:06,5.5,50,185650
20240207,12:54:13,5.55,300,185650
20240207,12:54:20,5.55,100,185650
20240207,12:54:27,5.55,100,185650
20240207,12:54:34,5.55,100,185650
20240207,12:54:48,5.5,550,185650
20240207,12:54:55,5.5,50,185650
20240207,12:55:01,5.5,50,185650
20240207,12:55:36,5.45,850,185650
20240207,12:55:42,5.4,500,185650
20240207,12:55:47,5.4,100,185650
20240207,12:56:09,5.4,300,185550
20240207,12:56:15,5.4,50,185550
20240207,12:57:52,5.35,450,185550
20240207,12:58:04,5.35,150,185550
20240207,12:59:04,5.25,850,185550
20240207,12:59:12,5.25,200,185200
20240207,12:59:19,5.2,2000,185200
20240207,12:59:40,5.2,850,185200
20240207,12:59:54,5.2,1050,185200
20240207,13:00:12,5.25,50,185200
20240207,13:00:19,5.3,200,185200
20240207,13:00:52,5.25,150,185200
20240207,13:01:09,5.15,50,185200
20240207,13:01:37,5.2,750,185200
20240207,13:02:26,5.2,50,185000
20240207,13:02:53,5.2,100,185000
20240207,13:04:54,5.2,150,185000
20240207,13:05:07,5.2,100,184950
20240207,13:07:04,5.15,50,184950
20240207,13:07:35,5.2,650,184950
20240207,13:08:46,5.15,300,185300
20240207,13:09:33,5.1,200,185300
20240207,13:10:06,5.15,50,185300
20240207,13:11:07,5.2,200,185500
20240207,13:12:18,5.1,200,185500
20240207,13:12:41,5.05,150,185500
20240207,13:13:21,5.1,1600,185500
20240207,13:13:27,5.1,1600,185500
20240207,13:13:33,5.15,1300,185500
20240207,13:14:09,5.3,1350,186000
20240207,13:14:18,5.3,500,186000
20240207,13:14:38,5.3,400,186000
20240207,13:14:50,5.3,50,186000
20240207,13:15:20,5.3,350,186000
20240207,13:15:48,5.35,50,186000
20240207,13:17:08,5.25,50,185900
20240207,13:18:29,5.15,100,185900
20240207,13:18:45,5.15,50,185900
20240207,13:19:42,5.15,100,185900
20240207,13:20:38,5.15,100,186000
20240207,13:20:43,5.1,400,186000
20240207,13:20:50,5.1,50,186000
20240207,13:20:59,5.05,250,186000
20240207,13:21:29,5.05,950,186000
20240207,13:21:35,5.05,100,186000
20240207,13:24:25,5.05,300,185750
20240207,13:24:57,5.05,100,185750
20240207,13:27:51,5.05,200,186000
20240207,13:27:56,5.05,800,186000
20240207,13:28:22,5.0,250,186000
20240207,13:28:30,5.05,550,186000
20240207,13:28:37,5.0,250,186000
20240207,13:28:51,5.05,250,186000
20240207,13:29:03,5.05,500,186000
20240207,13:29:10,5.1,100,188750
20240207,13:29:24,5.1,250,188750
20240207,13:29:35,5.1,600,188750
20240207,13:29:54,5.05,500,188750
20240207,13:30:06,5.1,50,188750
20240207,13:30:12,5.05,600,188750
20240207,13:30:23,5.15,50,188750
20240207,13:30:35,5.1,150,188750
20240207,13:31:29,5.1,50,188750
20240207,13:31:50,5.1,100,188750
20240207,13:31:56,5.1,200,188750
20240207,13:32:27,4.85,750,189800
20240207,13:32:38,4.8,200,189800
20240207,13:32:46,4.8,100,189800
20240207,13:32:54,4.8,100,189800
20240207,13:33:03,4.85,150,189800
20240207,13:33:38,4.85,50,189800
20240207,13:33:46,4.85,350,189800
20240207,13:33:53,4.85,450,189800
20240207,13:34:08,4.9,550,189800
20240207,13:34:16,4.9,200,189800
20240207,13:34:31,4.9,150,189800
20240207,13:34:44,4.95,900,189800
20240207,13:34:52,4.95,100,189800
20240207,13:35:01,4.95,100,189800
20240207,13:35:24,4.95,150,191300
20240207,13:36:04,4.95,650,191300
20240207,13:36:16,4.95,150,191300
20240207,13:36:44,4.9,1400,191300
