date,time,tick_price,volume,open_interest
20240130,15:01:50,50.3,50,50
20240131,09:42:36,53.15,1,50
20240131,09:42:36,53.1,100,50
20240131,11:32:38,70.3,50,150
20240131,11:33:06,87.15,650,200
20240131,11:33:23,86.9,300,200
20240131,11:33:59,86.65,50,200
20240131,11:34:58,86.05,50,200
20240131,11:35:16,86.35,50,200
20240131,11:36:38,86.9,50,1200
20240131,11:40:35,86.8,50,1250
20240131,11:42:44,86.3,50,1250
20240131,11:48:04,86.2,250,1300
20240131,11:50:18,86.55,50,1300
20240131,11:53:34,84.75,300,1600
20240131,12:06:26,82.55,50,1900
20240131,12:07:39,81.35,50,1900
20240131,12:26:46,83.65,50,1950
20240131,12:28:28,88.05,50,1950
20240131,12:28:38,89.2,50,1950
20240131,12:32:45,90.8,50,2050
20240131,12:33:35,90.8,500,2100
20240131,12:33:43,89.0,500,2100
20240131,12:34:28,87.6,50,2100
20240131,12:34:45,87.55,50,2100
20240131,12:36:08,87.0,150,2400
20240131,12:36:17,87.0,300,2400
20240131,12:38:13,87.9,50,2400
20240131,12:40:05,87.8,150,2700
20240131,12:41:28,88.9,150,2700
20240131,12:42:50,89.0,250,2700
20240131,12:43:07,89.0,750,2700
20240131,12:54:56,88.0,500,3500
20240131,12:55:04,88.0,150,3500
20240131,12:59:36,86.2,50,3950
20240131,13:00:18,84.0,50,3950
20240131,13:00:27,84.3,150,3950
20240131,13:00:45,84.05,50,3950
20240131,13:01:28,84.0,50,3950
20240131,13:02:18,83.65,150,3950
20240131,13:02:26,84.25,150,3950
20240131,13:02:35,84.15,200,3950
20240131,13:02:59,83.65,50,3950
20240131,13:03:07,83.15,50,4000
20240131,13:03:34,82.95,50,4000
20240131,13:04:47,82.05,50,4000
20240131,13:05:51,82.3,50,4000
20240131,13:12:14,81.7,50,3950
20240131,13:12:22,82.05,50,3950
20240131,13:12:39,81.55,50,3950
20240131,13:13:14,81.8,200,3950
20240131,13:13:31,81.2,250,3950
20240131,13:15:18,81.05,100,4000
20240131,13:20:05,81.8,50,4000
20240131,13:25:03,82.45,50,4050
20240131,13:25:58,82.3,50,4050
20240131,13:37:46,87.7,200,4050
20240131,13:40:28,88.95,1050,4250
20240131,13:40:47,88.1,1000,4250
20240131,13:40:56,88.95,50,4250
20240131,13:41:14,88.95,50,4250
20240131,13:41:47,89.0,500,4250
20240131,13:42:15,89.0,50,6400
20240131,13:42:31,89.75,50,6400
20240131,13:48:34,89.8,100,6400
20240131,13:48:42,90.8,50,6400
20240131,13:48:50,90.35,50,6400
20240131,13:57:51,87.0,100,6350
20240131,14:02:33,86.85,50,6350
20240131,14:08:10,87.65,50,6350
20240131,14:08:50,87.7,50,6350
20240131,14:38:14,86.35,50,6350
20240131,14:47:17,85.0,50,6350
20240131,14:50:10,86.1,500,6350
20240131,14:50:27,87.6,50,6350
20240131,14:51:01,87.2,50,6350
20240131,14:52:43,87.2,50,6900
20240131,14:55:08,86.2,50,6950
20240131,14:55:41,86.15,50,6950
20240131,14:59:39,87.75,50,7050
20240131,15:08:44,83.0,50,7050
20240131,15:11:47,83.0,50,7050
20240131,15:13:19,82.75,150,7050
20240131,15:13:51,81.6,650,7050
20240131,15:14:48,82.75,200,7050
20240131,15:15:49,85.0,50,7850
20240131,15:17:18,82.4,50,7850
20240131,15:17:35,83.2,50,7850
20240131,15:23:59,84.1,100,7900
20240131,15:24:14,84.25,50,7900
20240131,15:27:42,83.65,50,7850
20240131,15:27:58,84.25,150,7850
20240131,15:28:05,84.25,250,7850
20240201,09:20:13,84.45,1,7500
20240201,09:20:13,84.5,150,7500
20240201,09:20:32,84.8,50,7500
20240201,09:20:41,84.8,50,7500
20240201,09:22:06,82.65,100,7500
20240201,09:22:26,82.35,50,7500
20240201,09:22:44,82.35,100,7500
20240201,09:23:13,82.7,250,7500
20240201,09:23:23,83.8,50,7500
20240201,09:24:02,83.8,50,7650
20240201,09:24:58,84.95,50,7650
20240201,09:25:54,85.85,50,7650
20240201,09:26:03,85.9,50,7650
20240201,09:26:13,86.1,50,7650
20240201,09:26:44,86.6,50,7500
20240201,09:27:30,86.85,50,7500
20240201,09:28:06,86.85,50,7500
20240201,09:28:15,84.7,100,7500
20240201,09:29:02,83.65,50,7500
20240201,09:30:15,84.5,50,7500
20240201,09:30:50,82.95,50,7500
20240201,09:31:08,83.7,50,7500
20240201,09:33:06,83.2,100,7500
20240201,09:34:19,83.2,50,7500
20240201,09:35:03,83.3,50,7500
20240201,09:35:39,83.45,150,7500
20240201,09:42:06,81.9,50,7650
20240201,09:42:24,81.8,100,7650
20240201,09:43:00,80.9,50,7650
20240201,09:43:36,80.9,50,7650
20240201,09:43:45,81.9,50,7650
20240201,09:44:02,81.6,50,7650
20240201,09:44:11,81.45,100,7650
20240201,09:44:20,81.9,100,7650
20240201,09:44:30,81.75,100,7650
20240201,09:44:39,81.05,400,7850
20240201,09:44:47,81.05,50,7850
20240201,09:44:56,81.05,250,7850
20240201,09:45:05,81.05,200,7850
20240201,09:45:59,80.9,50,7850
20240201,09:46:09,79.45,50,7850
20240201,09:48:16,79.45,50,7850
20240201,09:48:24,80.15,150,8000
20240201,09:49:00,79.65,50,8000
20240201,09:49:09,79.8,50,8000
20240201,09:49:27,80.0,50,8000
20240201,09:49:44,79.65,50,8000
20240201,09:50:28,79.45,100,8000
20240201,09:50:37,79.75,50,8050
20240201,09:51:05,79.1,100,8050
20240201,09:51:50,79.1,50,8050
20240201,09:53:58,79.15,50,8100
20240201,09:54:33,79.15,50,8100
20240201,09:56:10,79.0,50,8100
20240201,09:57:11,79.0,50,8100
20240201,09:57:55,78.55,50,8100
20240201,09:59:29,78.55,200,8100
20240201,10:00:59,77.9,300,7800
20240201,10:01:25,77.9,50,7800
20240201,10:02:10,79.2,100,7800
20240201,10:03:11,79.25,100,8250
20240201,10:03:29,79.8,150,8250
20240201,10:04:11,79.0,50,8250
20240201,10:05:02,78.95,50,8250
20240201,10:05:19,77.9,400,8250
20240201,10:08:16,75.4,300,8850
20240201,10:08:27,74.8,250,8850
20240201,10:08:37,74.25,100,8850
20240201,10:09:05,74.25,400,8850
20240201,10:09:53,75.9,350,8850
20240201,10:10:57,74.85,100,8850
20240201,10:11:23,75.9,50,8850
20240201,10:11:32,74.8,150,8850
20240201,10:11:59,74.55,50,9250
20240201,10:12:35,74.55,150,9250
20240201,10:14:11,74.55,50,9250
20240201,10:14:37,75.0,100,9250
20240201,10:14:46,75.95,50,9250
20240201,10:15:49,76.45,50,9250
20240201,10:16:35,76.9,250,9250
20240201,10:17:10,76.25,50,9250
20240201,10:17:19,76.25,50,9250
20240201,10:18:02,75.45,50,9600
20240201,10:21:58,75.5,50,9650
20240201,10:22:15,76.0,200,9650
20240201,10:23:41,76.25,50,9650
20240201,10:23:49,76.45,50,9950
20240201,10:25:12,75.55,150,9950
20240201,10:29:48,73.35,50,9900
20240201,10:32:01,73.35,50,9900
20240201,10:34:16,74.0,50,9900
20240201,10:34:25,73.7,100,9900
20240201,10:36:55,73.65,50,10050
20240201,10:39:04,74.85,50,10050
20240201,10:39:13,74.85,150,10050
20240201,10:39:29,75.0,200,10050
20240201,10:39:46,74.45,300,10050
20240201,10:46:21,74.25,50,10550
20240201,10:46:30,74.25,50,10550
20240201,10:46:54,74.5,50,10550
20240201,10:51:08,74.5,50,10700
20240201,10:54:45,74.1,150,10700
20240201,10:55:21,75.5,150,10700
20240201,10:55:30,75.95,150,10700
20240201,10:55:39,76.05,50,10700
20240201,10:55:57,76.2,100,10700
20240201,10:56:06,75.55,50,10700
20240201,10:56:23,76.45,50,10700
20240201,10:56:49,76.9,50,11050
20240201,10:57:09,77.9,100,11050
20240201,10:57:27,76.65,100,11050
20240201,10:57:36,76.95,50,11050
20240201,10:57:54,76.0,550,11050
20240201,10:58:03,75.45,100,11050
20240201,10:58:11,75.55,50,11050
20240201,10:58:28,75.2,100,11050
20240201,10:58:53,75.55,100,11050
20240201,11:00:00,74.55,50,11800
20240201,11:00:09,74.4,50,11800
20240201,11:01:08,75.25,100,11800
20240201,11:03:32,75.15,450,11900
20240201,11:04:00,75.85,50,11900
20240201,11:04:08,75.85,50,11900
20240201,11:05:28,75.9,50,11900
20240201,11:05:37,76.0,150,11900
20240201,11:05:46,76.75,50,11900
20240201,11:06:29,76.8,50,12300
20240201,11:06:38,78.2,50,12300
20240201,11:06:49,77.9,150,12300
20240201,11:06:59,78.9,50,12300
20240201,11:07:10,80.25,100,12300
20240201,11:08:15,76.55,100,12300
20240201,11:08:59,76.5,50,12300
20240201,11:15:42,76.0,400,12300
20240201,11:16:07,76.3,50,12300
20240201,11:16:14,76.25,50,12300
20240201,11:16:24,77.0,50,12300
20240201,11:16:53,80.55,250,12300
20240201,11:17:16,82.9,100,12300
20240201,11:17:28,81.9,150,12300
20240201,11:17:50,80.95,100,13050
20240201,11:18:19,80.15,250,13050
20240201,11:18:30,79.8,100,13050
20240201,11:18:40,80.55,50,13050
20240201,11:19:10,79.55,100,13050
20240201,11:19:46,79.65,50,13050
20240201,11:19:55,80.0,300,13050
20240201,11:20:21,80.35,100,13050
20240201,11:20:48,81.3,50,13300
20240201,11:21:16,81.1,100,13300
20240201,11:21:37,80.65,50,13300
20240201,11:22:15,79.85,150,13300
20240201,11:27:17,79.0,150,13200
20240201,11:30:55,79.0,100,13200
20240201,11:31:29,77.65,50,13200
20240201,11:31:38,78.0,50,13200
20240201,11:35:37,80.0,100,13400
20240201,11:45:56,77.0,100,13500
20240201,11:46:20,77.15,50,13500
20240201,11:46:28,77.65,50,13500
20240201,11:46:53,76.25,50,13500
20240201,11:47:03,76.05,50,13500
20240201,11:51:35,75.25,50,13700
20240201,11:56:27,77.7,200,13750
20240201,11:56:46,78.5,150,13750
20240201,11:57:38,76.35,200,14000
20240201,11:58:21,78.5,50,14000
20240201,11:58:31,79.9,50,14000
20240201,11:59:00,79.3,200,14000
20240201,11:59:18,78.85,50,14000
20240201,12:00:02,78.05,100,14000
20240201,12:00:22,76.5,300,14000
20240201,12:00:39,76.5,50,14000
20240201,12:01:32,76.7,200,14000
20240201,12:01:40,76.7,1100,14000
20240201,12:01:59,78.75,300,14000
20240201,12:02:46,79.9,50,14000
20240201,12:02:58,81.25,150,15500
20240201,12:03:08,81.6,50,15500
20240201,12:03:17,81.75,50,15500
20240201,12:03:28,81.65,50,15500
20240201,12:03:39,82.9,200,15500
20240201,12:03:49,83.0,50,15500
20240201,12:04:44,80.65,50,15500
20240201,12:07:07,72.25,50,15600
20240201,12:07:27,72.25,550,15600
20240201,12:07:37,72.15,250,15600
20240201,12:08:16,71.65,50,15600
20240201,12:11:16,71.65,50,15650
20240201,12:11:44,71.1,50,15650
20240201,12:12:11,70.75,50,15650
20240201,12:12:38,70.2,50,15650
20240201,12:12:47,70.1,100,15650
20240201,12:14:27,70.1,50,15650
20240201,12:15:14,71.7,50,15850
20240201,12:16:37,70.25,100,15850
20240201,12:17:23,70.4,50,15850
20240201,12:17:43,70.9,50,15850
20240201,12:19:09,72.9,50,16000
20240201,12:20:15,72.3,50,16000
20240201,12:22:35,73.45,200,16050
20240201,12:22:46,73.5,200,16050
20240201,12:23:07,74.1,50,16050
20240201,12:24:31,72.95,50,16300
20240201,12:27:05,72.3,150,16300
20240201,12:27:15,71.75,50,16300
20240201,12:29:10,72.3,200,16300
20240201,12:29:36,72.75,100,16300
20240201,12:31:32,72.5,100,16600
20240201,12:31:41,72.0,150,16600
20240201,12:31:50,72.05,50,16600
20240201,12:34:48,72.65,200,16700
20240201,12:35:06,72.05,50,16700
20240201,12:35:24,72.25,100,16700
20240201,12:36:42,71.95,150,16700
20240201,12:36:51,71.85,300,16700
20240201,12:37:00,73.05,350,16700
20240201,12:39:10,72.55,50,16800
20240201,12:45:05,72.55,100,16750
20240201,12:45:41,71.9,300,16750
20240201,12:46:18,72.05,100,16750
20240201,12:46:54,72.0,50,16750
20240201,12:47:03,72.0,100,16750
20240201,12:47:11,72.0,350,16750
20240201,12:47:21,71.75,250,16750
20240201,12:50:15,69.9,50,17350
20240201,12:50:24,69.9,50,17350
20240201,12:50:33,69.9,150,17350
20240201,12:51:28,71.25,150,17600
20240201,12:51:46,71.45,50,17600
20240201,12:52:13,71.1,150,17600
20240201,12:52:40,70.9,250,17600
20240201,12:54:20,70.4,50,17900
20240201,12:55:27,71.1,900,17900
20240201,12:55:37,71.55,150,17900
20240201,12:57:23,71.0,350,18000
20240201,12:58:00,71.9,50,18000
20240201,12:58:37,71.65,100,18000
20240201,13:01:01,73.7,250,17950
20240201,13:01:11,73.1,50,17950
20240201,13:01:56,73.8,200,17950
20240201,13:02:05,73.25,50,17950
20240201,13:02:15,73.0,100,17950
20240201,13:02:24,73.05,100,17950
20240201,13:03:00,73.0,50,17950
20240201,13:03:08,73.45,50,18350
20240201,13:04:39,72.7,150,18350
20240201,13:07:42,72.0,50,18400
20240201,13:10:42,72.0,50,18450
20240201,13:11:09,72.05,50,18450
20240201,13:11:34,72.25,150,18450
20240201,13:11:43,72.3,50,18450
20240201,13:12:09,72.65,50,18500
20240201,13:12:43,73.0,50,18500
20240201,13:12:51,72.8,350,18500
20240201,13:12:59,72.65,200,18500
20240201,13:16:44,72.05,100,18950
20240201,13:16:52,72.2,50,18950
20240201,13:17:17,73.3,150,18950
20240201,13:18:40,73.45,50,19150
20240201,13:18:56,73.5,250,19150
20240201,13:19:06,73.9,50,19150
20240201,13:19:51,74.45,50,19150
20240201,13:20:01,74.6,100,19150
20240201,13:20:11,74.5,50,19150
20240201,13:21:12,74.5,50,19600
20240201,13:24:12,74.95,50,19600
20240201,13:24:21,73.85,100,19600
20240201,13:25:38,73.35,700,19600
20240201,13:28:21,74.9,50,19500
20240201,13:28:30,76.4,600,19500
20240201,13:28:40,76.05,250,19500
20240201,13:36:19,75.3,200,19600
20240201,13:37:51,76.25,50,19600
20240201,13:38:00,76.25,50,19600
20240201,13:38:08,76.25,50,19600
20240201,13:38:17,76.35,100,19600
20240201,13:42:50,75.55,50,19650
20240201,13:42:59,75.65,100,19650
20240201,13:47:04,75.75,50,19750
20240201,13:47:22,75.0,50,19750
20240201,13:47:39,75.0,100,19750
20240201,13:50:00,74.05,150,19900
20240201,13:50:08,74.45,50,19900
20240201,13:50:40,74.0,100,19900
20240201,13:50:48,74.85,100,19900
20240201,13:51:04,74.9,100,19900
20240201,13:53:40,73.9,50,20250
20240201,13:54:20,74.15,500,20250
20240201,13:59:20,73.7,400,20300
20240201,13:59:28,73.85,150,20300
20240201,14:01:12,73.65,100,20550
20240201,14:01:20,73.8,50,20550
20240201,14:05:07,73.45,50,20700
20240201,14:05:56,74.0,50,20700
20240201,14:12:24,71.05,100,20750
20240201,14:12:34,71.3,150,20750
20240201,14:13:43,71.0,500,20750
20240201,14:15:20,70.65,50,21350
20240201,14:15:37,70.2,200,21350
20240201,14:15:45,70.8,600,21350
20240201,14:16:02,71.25,150,21350
20240201,14:16:18,71.3,50,21350
20240201,14:17:15,70.95,100,21350
20240201,14:17:23,70.5,50,21350
20240201,14:17:40,71.25,200,21350
20240201,14:18:13,71.5,150,21350
20240201,14:21:39,70.9,50,22600
20240201,14:23:36,70.9,50,22600
20240201,14:31:30,70.5,50,22600
20240201,14:31:46,69.9,50,22600
20240201,14:31:54,69.9,50,22600
20240201,14:32:18,70.0,50,22600
20240201,14:32:41,69.45,100,22600
20240201,14:32:49,69.45,50,22600
20240201,14:33:11,69.45,50,22600
20240201,14:33:19,69.5,50,22900
20240201,14:34:13,69.5,50,22900
20240201,14:34:38,70.3,50,22900
20240201,14:35:45,70.5,150,22900
20240201,14:36:42,71.0,50,23150
20240201,14:39:53,71.15,50,23100
20240201,14:44:03,71.25,100,23150
20240201,14:44:53,71.45,100,23150
20240201,14:46:01,70.35,50,23250
20240201,14:46:34,70.0,500,23250
20240201,14:46:58,70.75,200,23250
20240201,14:47:06,70.75,300,23250
20240201,14:47:31,70.55,250,23250
20240201,14:48:20,70.25,150,23250
20240201,14:48:44,70.2,50,23250
20240201,14:52:45,70.3,100,23350
20240201,14:54:04,70.55,50,23350
20240201,14:56:00,69.8,200,23400
20240201,14:58:15,69.45,150,23300
20240201,14:58:31,69.45,200,23300
20240201,14:59:43,69.45,850,23300
20240201,15:00:00,69.6,100,23300
20240201,15:00:18,69.9,50,23300
20240201,15:00:36,70.6,150,22500
20240201,15:05:12,71.55,150,22650
20240201,15:06:22,71.8,50,22650
20240201,15:07:10,71.8,100,22650
20240201,15:13:32,69.8,750,22800
20240201,15:13:40,71.0,350,22800
20240201,15:13:48,70.2,150,22800
20240201,15:14:05,70.25,100,22800
20240201,15:14:51,71.4,50,22800
20240201,15:16:40,72.95,300,23750
20240201,15:17:23,71.35,100,23750
20240201,15:20:53,71.3,1800,23850
20240201,15:22:51,71.3,50,25650
20240201,15:23:32,70.4,100,25650
20240201,15:26:08,71.2,50,25750
20240201,15:26:15,71.3,100,25750
20240201,15:26:45,70.05,600,25750
20240201,15:27:23,70.55,1200,25750
20240201,15:27:38,71.35,200,27550
20240201,15:27:46,71.35,50,27550
20240201,15:27:54,71.35,200,27550
20240201,15:28:09,71.15,450,27550
20240201,15:28:17,71.1,50,27550
20240201,15:28:33,72.15,100,27550
20240201,15:28:59,72.25,100,27550
20240201,15:29:07,72.45,300,27550
20240201,15:29:23,72.15,50,27550
20240202,09:15:22,60.1,1,28100
20240202,09:15:22,60.1,300,28100
20240202,09:17:11,57.4,600,28100
20240202,09:17:42,56.55,500,27500
20240202,09:18:27,56.2,650,27500
20240202,09:18:38,56.9,100,27500
20240202,09:18:49,56.95,800,27500
20240202,09:19:40,56.95,50,27500
20240202,09:19:58,57.6,500,27500
20240202,09:20:08,56.55,150,27500
20240202,09:20:19,56.25,250,27500
20240202,09:20:29,56.0,100,26850
20240202,09:20:39,56.0,50,26850
20240202,09:21:08,55.9,400,26850
20240202,09:21:18,56.25,200,26850
20240202,09:21:28,56.2,150,26850
20240202,09:21:50,56.75,50,26850
20240202,09:21:59,56.55,450,26850
20240202,09:22:09,56.55,350,26850
20240202,09:22:18,56.2,100,26850
20240202,09:22:27,56.2,200,26850
20240202,09:22:36,56.2,550,26850
20240202,09:22:55,56.2,1600,26850
20240202,09:23:23,55.8,300,24500
20240202,09:23:41,55.7,100,24500
20240202,09:24:18,55.45,200,24500
20240202,09:24:54,55.45,150,24500
20240202,09:25:55,55.8,100,24500
20240202,09:26:14,55.9,50,24500
20240202,09:26:34,55.85,200,24900
20240202,09:27:21,54.95,50,24900
20240202,09:29:47,54.95,50,24750
20240202,09:29:55,55.75,50,24750
20240202,09:30:39,56.0,50,24750
20240202,09:30:56,55.65,50,24750
20240202,09:32:53,55.55,100,24800
20240202,09:34:30,55.35,200,24800
20240202,09:36:35,55.25,150,24800
20240202,09:36:44,55.3,200,24800
20240202,09:37:12,55.25,100,24800
20240202,09:40:56,55.0,1000,24650
20240202,09:41:24,55.2,50,24650
20240202,09:41:42,55.3,100,25700
20240202,09:42:00,55.05,50,25700
20240202,09:42:17,55.1,100,25700
20240202,09:42:26,55.2,50,25700
20240202,09:42:44,55.4,100,25700
20240202,09:44:23,55.2,300,25700
20240202,09:46:01,54.9,300,25550
20240202,09:46:10,54.85,150,25550
20240202,09:48:23,54.85,50,25550
20240202,09:48:40,54.85,100,25550
20240202,09:48:58,55.25,50,25550
20240202,09:49:50,54.95,200,25550
20240202,09:51:09,54.65,50,25600
20240202,09:52:56,54.5,850,25600
20240202,09:53:32,54.35,50,24900
20240202,09:55:42,54.35,250,24900
20240202,09:58:53,54.65,500,24750
20240202,10:00:30,53.55,150,24650
20240202,10:01:12,53.5,100,24650
20240202,10:03:50,53.5,100,24750
20240202,10:04:39,53.65,100,24750
20240202,10:04:47,53.45,100,24750
20240202,10:05:04,53.45,50,24750
20240202,10:05:46,52.9,300,25000
20240202,10:10:08,53.35,50,25000
20240202,10:10:34,53.75,150,25000
20240202,10:10:43,53.9,50,25000
20240202,10:12:06,54.0,100,25150
20240202,10:13:12,54.4,50,25150
20240202,10:14:02,54.4,100,25150
20240202,10:14:54,54.15,300,25300
20240202,10:16:19,54.6,50,25300
20240202,10:17:10,54.0,100,25300
20240202,10:17:42,54.0,100,25600
20240202,10:19:01,54.65,100,25600
20240202,10:19:10,54.75,50,25600
20240202,10:19:27,54.75,50,25600
20240202,10:19:36,54.95,100,25600
20240202,10:19:45,54.9,100,25600
20240202,10:22:58,55.8,50,25900
20240202,10:24:23,54.15,200,25900
20240202,10:25:06,54.0,1000,25900
20240202,10:27:22,54.7,50,27100
20240202,10:28:20,54.7,50,27100
20240202,10:29:02,54.3,100,27100
20240202,10:30:44,54.0,100,27100
20240202,10:31:01,54.05,50,27100
20240202,10:38:03,54.0,1000,27150
20240202,10:38:12,54.4,50,27150
20240202,10:39:11,54.4,150,28150
20240202,10:41:18,54.1,50,28150
20240202,10:41:27,54.25,50,28150
20240202,10:42:30,54.45,50,28250
20240202,10:42:40,54.25,50,28250
20240202,10:43:06,53.95,50,28250
20240202,10:44:33,54.2,100,28300
20240202,10:44:59,53.75,50,28300
20240202,10:45:50,53.7,100,28300
20240202,10:46:24,53.6,350,28300
20240202,10:47:22,53.9,50,28300
20240202,10:48:21,54.0,50,28850
20240202,10:49:35,53.95,50,28850
20240202,10:52:15,54.15,150,28950
20240202,10:53:05,54.25,150,28950
20240202,10:58:32,52.55,100,29150
20240202,10:58:41,52.55,50,29150
20240202,10:58:49,52.65,100,29150
20240202,10:58:58,52.65,100,29150
20240202,11:00:56,52.65,100,29150
20240202,11:01:05,52.95,50,29150
20240202,11:01:13,52.95,50,29150
20240202,11:01:29,52.95,50,29150
20240202,11:04:09,52.05,300,29300
20240202,11:05:17,52.0,600,29300
20240202,11:06:05,52.0,50,29950
20240202,11:11:00,52.2,100,29900
20240202,11:12:59,52.1,50,29950
20240202,11:13:42,51.75,1050,29950
20240202,11:14:04,51.75,50,29950
20240202,11:14:15,51.25,250,29950
20240202,11:14:43,51.0,150,29450
20240202,11:15:21,50.6,100,29450
20240202,11:16:26,50.3,50,29450
20240202,11:16:37,50.3,200,29450
20240202,11:17:14,51.0,50,29450
20240202,11:18:39,50.3,50,29700
20240202,11:18:48,50.3,150,29700
20240202,11:19:16,50.35,50,29700
20240202,11:19:25,50.3,300,29700
20240202,11:19:52,50.5,100,29700
20240202,11:22:42,50.95,250,29200
20240202,11:22:51,50.65,1250,29200
20240202,11:23:09,51.0,50,29200
20240202,11:23:27,50.85,100,29200
20240202,11:24:02,51.0,150,28000
20240202,11:24:53,51.05,100,28000
20240202,11:27:57,51.1,100,28000
20240202,11:29:14,50.85,100,28000
20240202,11:30:03,51.0,150,27900
20240202,11:30:12,50.9,100,27900
20240202,11:30:30,50.8,200,27900
20240202,11:30:39,50.85,100,27900
20240202,11:30:48,51.15,100,27900
20240202,11:31:17,51.2,50,27900
20240202,11:31:26,51.2,50,27900
20240202,11:31:45,51.4,100,27900
20240202,11:32:33,51.2,50,27900
20240202,11:33:18,51.0,50,27900
20240202,11:34:02,51.0,50,27900
20240202,11:34:55,50.75,50,27900
20240202,11:35:33,50.4,250,27900
20240202,11:35:43,50.95,100,28000
20240202,11:36:10,50.35,250,28000
20240202,11:38:28,50.7,150,28000
20240202,11:38:56,50.7,50,28250
20240202,11:39:05,50.85,100,28250
20240202,11:39:25,50.65,50,28250
20240202,11:40:12,50.35,100,28250
20240202,11:40:52,50.4,100,28250
20240202,11:42:53,51.0,100,28200
20240202,11:43:54,51.65,100,28200
20240202,11:44:12,51.4,50,28200
20240202,11:44:21,51.5,200,28200
20240202,11:44:30,51.9,100,28200
20240202,11:45:08,52.0,50,28550
20240202,11:45:54,52.3,100,28550
20240202,11:46:21,52.05,50,28550
20240202,11:46:30,52.05,50,28550
20240202,11:47:24,52.45,150,28550
20240202,11:47:32,52.45,250,28550
20240202,11:47:49,52.45,200,28300
20240202,11:48:07,52.5,50,28300
20240202,11:48:33,52.65,150,28300
20240202,11:48:42,52.65,50,28300
20240202,11:49:26,52.2,800,28300
20240202,11:50:12,51.95,50,28300
20240202,11:50:29,51.9,50,28300
20240202,11:52:31,52.45,150,29050
20240202,11:56:22,51.35,100,29150
20240202,11:56:31,52.25,50,29150
20240202,11:56:48,52.15,100,29100
20240202,12:00:14,51.25,200,29200
20240202,12:02:32,50.75,100,29200
20240202,12:03:57,50.75,100,29300
20240202,12:05:57,50.2,100,29400
20240202,12:06:23,50.2,50,29400
20240202,12:06:32,50.55,50,29400
20240202,12:07:52,50.95,150,29400
20240202,12:08:19,51.0,50,29400
20240202,12:08:45,51.0,50,29400
20240202,12:09:11,51.45,50,29450
20240202,12:09:20,51.75,100,29450
20240202,12:10:03,51.4,200,29450
20240202,12:11:45,51.9,50,29500
20240202,12:12:03,52.0,250,29500
20240202,12:14:42,52.05,100,29500
20240202,12:14:51,51.95,100,29500
20240202,12:16:59,51.95,50,29500
20240202,12:17:08,52.0,50,29500
20240202,12:18:55,52.0,50,29500
20240202,12:20:43,52.45,50,29550
20240202,12:21:25,52.05,300,29550
20240202,12:24:43,52.7,100,29900
20240202,12:24:53,52.75,50,29900
20240202,12:25:03,52.9,50,29900
20240202,12:26:25,52.9,50,29900
20240202,12:28:00,53.35,100,30000
20240202,12:29:08,54.5,150,30000
20240202,12:29:20,55.25,100,30000
20240202,12:30:09,55.25,550,30350
20240202,12:30:20,55.75,1150,30350
20240202,12:30:32,56.0,150,30350
20240202,12:30:44,56.2,50,30350
20240202,12:31:44,57.1,150,30350
20240202,12:32:07,57.1,300,30350
20240202,12:32:28,55.8,50,30350
20240202,12:32:56,56.1,200,32300
20240202,12:33:29,57.2,50,32300
20240202,12:33:38,57.0,50,32300
20240202,12:33:57,56.7,150,32300
20240202,12:34:07,56.1,100,32300
20240202,12:35:28,57.25,200,32300
20240202,12:35:49,57.9,50,32300
20240202,12:35:59,58.25,150,32650
20240202,12:36:10,58.9,150,32650
20240202,12:36:51,59.0,200,32650
20240202,12:37:10,59.0,150,32650
20240202,12:37:19,59.2,50,32650
20240202,12:37:28,60.1,300,32650
20240202,12:37:46,59.4,200,32650
20240202,12:37:55,59.05,50,32650
20240202,12:39:50,58.3,50,32450
20240202,12:40:11,58.05,50,32450
20240202,12:40:42,56.85,100,32450
20240202,12:41:02,57.15,100,32450
20240202,12:41:12,57.55,50,32450
20240202,12:41:58,57.8,100,32600
20240202,12:42:36,58.45,50,32600
20240202,12:42:45,58.8,100,32600
20240202,12:43:13,58.25,1050,32600
20240202,12:43:22,59.05,50,32600
20240202,12:44:08,58.5,150,32600
20240202,12:44:35,58.65,50,32600
20240202,12:45:02,58.4,200,32600
20240202,12:45:21,58.5,1000,32600
20240202,12:46:14,58.55,100,32600
20240202,12:46:41,58.9,150,32600
20240202,12:47:13,59.9,400,32600
20240202,12:47:22,59.15,250,32600
20240202,12:47:40,59.3,400,32600
20240202,12:47:49,59.1,200,33400
20240202,12:48:25,59.0,450,33400
20240202,12:48:44,59.55,150,33400
20240202,12:48:52,60.1,200,33400
20240202,12:49:01,59.5,150,33400
20240202,12:49:19,60.0,300,33400
20240202,12:50:15,60.75,100,33400
20240202,12:50:34,60.9,150,33400
20240202,12:51:29,60.9,100,34700
20240202,12:52:42,58.25,500,34700
20240202,12:52:51,58.1,500,34700
20240202,12:54:28,58.0,100,35700
20240202,12:56:20,58.0,50,35700
20240202,12:56:30,57.8,150,35700
20240202,13:00:17,60.0,200,35900
20240202,13:00:26,60.4,100,35900
20240202,13:01:54,58.65,100,35900
20240202,13:04:04,57.25,100,35950
20240202,13:04:12,57.25,50,35950
20240202,13:05:35,57.9,50,35950
20240202,13:06:01,58.65,50,36150
20240202,13:06:26,58.4,650,36150
20240202,13:10:52,59.0,50,36200
20240202,13:11:51,59.65,50,36200
20240202,13:12:01,59.9,50,36200
20240202,13:13:53,60.9,50,36200
20240202,13:14:03,60.65,150,36200
20240202,13:14:23,61.2,200,36200
20240202,13:14:43,61.55,50,36200
20240202,13:15:02,61.65,50,36350
20240202,13:15:41,62.4,100,36350
20240202,13:15:52,63.1,100,36350
20240202,13:16:02,63.2,50,36350
20240202,13:17:20,63.2,50,36350
20240202,13:18:40,60.95,50,36550
20240202,13:19:36,60.15,50,36550
20240202,13:21:04,61.9,50,36600
20240202,13:21:30,62.0,150,36600
20240202,13:23:28,62.35,250,36600
20240202,13:23:37,62.0,50,36600
20240202,13:23:53,62.9,50,37100
20240202,13:24:10,62.05,50,37100
20240202,13:24:36,62.75,500,37100
20240202,13:24:44,62.75,500,37100
20240202,13:24:54,63.5,2000,37100
20240202,13:25:04,63.65,100,37100
20240202,13:25:13,63.9,750,37100
20240202,13:25:49,64.15,100,37100
20240202,13:26:00,64.75,50,37100
20240202,13:26:12,64.75,400,37100
20240202,13:26:22,64.4,350,37100
20240202,13:26:43,65.05,450,37100
20240202,13:27:56,65.0,500,40500
20240202,13:28:29,63.9,50,40500
20240202,13:29:42,62.95,50,40500
20240202,13:30:26,63.9,50,41050
20240202,13:31:37,64.9,50,41050
20240202,13:31:46,65.0,500,41050
20240202,13:31:54,65.7,100,41050
20240202,13:32:12,65.7,200,41050
20240202,13:32:21,65.25,50,41050
20240202,13:32:38,65.9,50,41050
20240202,13:33:42,65.9,50,41650
20240202,13:35:44,64.35,150,41650
20240202,13:35:55,64.2,50,41650
20240202,13:38:07,63.65,50,41700
20240202,13:38:44,63.25,450,41700
20240202,13:39:12,62.9,50,41800
20240202,13:39:30,62.0,900,41800
20240202,13:39:39,62.05,50,41800
20240202,13:39:58,62.15,50,41800
20240202,13:40:07,61.7,1250,41800
20240202,13:40:26,61.35,50,41800
20240202,13:40:35,61.2,250,41800
20240202,13:41:02,61.15,200,41800
20240202,13:43:01,62.35,50,40600
20240202,13:43:09,62.2,150,40600
20240202,13:43:26,62.2,100,40600
20240202,13:45:14,61.15,250,40600
20240202,13:46:38,61.65,50,40600
20240202,13:49:09,61.95,250,40900
20240202,13:49:18,62.0,50,40900
20240202,13:50:00,62.3,50,40900
20240202,13:50:16,62.25,100,40900
20240202,13:50:41,62.9,50,40900
20240202,13:53:01,62.55,50,41250
20240202,13:53:17,62.6,50,41250
20240202,13:53:25,61.35,50,41250
20240202,13:53:34,61.15,350,41250
20240202,13:53:57,61.0,100,41100
20240202,13:55:09,60.45,50,41100
20240202,13:57:50,61.35,50,41000
20240202,13:57:58,61.4,100,41000
20240202,13:58:28,61.1,50,41000
20240202,13:58:51,60.85,50,41000
20240202,13:59:08,61.0,100,41000
20240202,13:59:16,61.1,150,41000
20240202,13:59:48,60.85,100,41000
20240202,14:00:27,60.85,550,41100
20240202,14:00:43,60.7,450,41100
20240202,14:02:09,60.9,300,41100
20240202,14:02:17,60.65,750,41100
20240202,14:02:27,60.75,500,41100
20240202,14:05:42,60.35,150,39600
20240202,14:06:18,60.85,700,39500
20240202,14:06:27,60.85,300,39500
20240202,14:08:56,59.9,50,39500
20240202,14:09:05,60.3,100,39550
20240202,14:09:22,60.05,50,39550
20240202,14:09:32,59.65,100,39550
20240202,14:10:25,60.6,350,39550
20240202,14:11:51,61.3,50,39550
20240202,14:12:35,62.05,100,39550
20240202,14:13:01,61.55,50,39550
20240202,14:13:18,62.25,100,39550
20240202,14:14:01,61.85,50,39550
20240202,14:14:09,61.95,100,39550
20240202,14:15:01,62.25,50,39650
20240202,14:15:10,62.45,50,39650
20240202,14:15:59,63.5,50,39650
20240202,14:16:42,63.25,50,39650
20240202,14:16:50,63.25,100,39650
20240202,14:17:07,63.0,50,39650
20240202,14:17:25,63.15,50,39650
20240202,14:17:33,63.6,100,39650
20240202,14:19:30,65.5,50,40000
20240202,14:19:56,65.0,500,40000
20240202,14:20:05,64.85,100,40000
20240202,14:20:48,64.2,100,40000
20240202,14:20:58,63.65,300,40000
20240202,14:21:32,63.45,250,40500
20240202,14:22:06,63.25,50,40500
20240202,14:22:57,63.9,50,40500
20240202,14:23:39,63.5,100,40500
20240202,14:23:56,63.4,200,40500
20240202,14:24:23,63.05,200,40550
20240202,14:26:02,61.65,50,40550
20240202,14:26:29,61.7,50,40550
20240202,14:26:54,61.7,100,40550
20240202,14:27:12,61.95,50,40550
20240202,14:27:20,61.85,150,40550
20240202,14:27:29,61.85,50,40550
20240202,14:27:46,61.5,50,40550
20240202,14:27:54,61.5,50,40550
20240202,14:28:19,61.6,50,40550
20240202,14:28:36,62.2,50,40550
20240202,14:31:44,61.35,50,40650
20240202,14:32:09,61.75,100,40650
20240202,14:32:27,61.5,50,40650
20240202,14:32:36,62.2,400,40650
20240202,14:36:39,60.85,150,40900
20240202,14:37:41,59.3,50,40900
20240202,14:37:49,60.35,900,40900
20240202,14:38:07,59.75,50,40900
20240202,14:38:15,59.75,50,40900
20240202,14:39:05,59.3,50,40950
20240202,14:39:13,59.3,100,40950
20240202,14:40:35,59.5,150,40950
20240202,14:40:43,60.15,150,40950
20240202,14:42:30,59.35,100,41050
20240202,14:43:27,58.05,200,41050
20240202,14:43:36,57.9,50,41050
20240202,14:43:53,57.5,100,41050
20240202,14:44:30,56.95,50,41050
20240202,14:45:38,56.95,250,41050
20240202,14:46:36,57.25,50,41050
20240202,14:46:45,57.65,50,41050
20240202,14:46:53,57.65,50,41050
20240202,14:47:19,57.85,50,41050
20240202,14:47:27,58.8,50,41050
20240202,14:47:36,58.7,100,41050
20240202,14:47:44,59.45,400,41050
20240202,14:48:17,59.35,50,41350
20240202,14:49:12,59.3,50,41350
20240202,14:50:00,59.2,50,41350
20240202,14:50:59,59.25,150,41350
20240202,14:51:08,59.15,100,41350
20240202,14:51:18,60.1,200,41250
20240202,14:51:36,60.0,50,41250
20240202,14:51:53,60.6,200,41250
20240202,14:53:25,60.85,50,41250
20240202,14:54:08,62.05,100,41250
20240202,14:54:17,61.5,50,41500
20240202,14:55:41,62.2,50,41500
20240202,14:56:08,61.85,50,41500
20240202,14:56:27,62.1,200,41500
20240202,14:56:47,62.95,50,41500
20240202,14:56:57,63.2,200,41500
20240202,14:57:18,63.0,900,41600
20240202,14:57:37,63.9,100,41600
20240202,14:58:10,65.0,600,41600
20240202,15:00:11,62.45,50,42100
20240202,15:00:21,61.7,100,42100
20240202,15:00:52,61.5,50,42100
20240202,15:01:02,61.45,150,42100
20240202,15:01:30,61.5,100,42100
20240202,15:02:15,60.75,50,42100
20240202,15:02:53,63.3,100,42100
20240202,15:03:02,63.45,100,42100
20240202,15:04:19,62.7,50,42100
20240202,15:07:20,60.65,150,42050
20240202,15:07:30,60.6,50,42050
20240202,15:08:22,60.1,100,42050
20240202,15:08:32,60.7,100,42050
20240202,15:09:01,60.45,150,42050
20240202,15:09:11,61.0,250,42050
20240202,15:09:49,60.45,50,42050
20240202,15:10:18,60.45,100,42050
20240202,15:10:28,61.15,100,42050
20240202,15:11:53,60.55,50,42050
20240202,15:12:12,59.9,100,42150
20240202,15:12:21,60.05,50,42150
20240202,15:12:31,60.05,150,42150
20240202,15:12:40,60.05,50,42150
20240202,15:12:51,60.3,50,42150
20240202,15:13:01,60.55,50,42150
20240202,15:17:54,60.8,50,42050
20240202,15:18:22,60.75,100,42050
20240202,15:19:00,61.5,50,42050
20240202,15:19:10,61.0,50,42050
20240202,15:20:24,62.0,250,42050
20240202,15:20:33,61.35,100,42050
20240202,15:20:52,61.5,400,42050
20240202,15:23:45,61.5,50,41900
20240202,15:25:10,62.4,100,41900
20240202,15:25:38,62.0,150,41900
20240202,15:26:25,61.7,50,41900
20240202,15:27:19,62.3,600,41950
20240202,15:27:47,62.0,850,41950
20240202,15:28:15,61.65,500,41950
20240202,15:28:44,61.7,300,41950
20240202,15:28:53,61.7,200,41950
20240202,15:29:19,61.85,250,41950
20240202,15:29:29,61.85,50,41950
20240202,15:29:40,61.75,50,41950
20240202,15:29:52,61.55,50,41950
20240205,09:17:33,70.0,1,41850
20240205,09:17:33,67.0,1,41850
20240205,09:17:33,67.3,400,41850
20240205,09:18:01,67.3,100,41850
20240205,09:18:11,66.95,100,41850
20240205,09:19:02,66.95,200,41850
20240205,09:19:23,68.9,100,42150
20240205,09:20:12,67.55,150,42150
20240205,09:20:42,67.6,50,42150
20240205,09:21:01,64.85,50,42150
20240205,09:25:34,61.9,50,42150
20240205,09:26:27,61.5,400,42150
20240205,09:26:49,60.9,300,42150
20240205,09:27:10,61.35,250,42150
20240205,09:27:20,60.9,2650,42150
20240205,09:27:38,61.0,2500,42150
20240205,09:28:07,60.7,200,42150
20240205,09:28:26,61.5,50,47350
20240205,09:28:46,61.9,50,47350
20240205,09:28:56,62.4,350,47350
20240205,09:29:06,62.5,50,47350
20240205,09:29:35,61.9,200,47350
20240205,09:29:45,61.95,200,47350
20240205,09:29:55,61.25,2200,47350
20240205,09:30:05,62.0,500,47350
20240205,09:30:25,61.85,2500,47350
20240205,09:30:35,62.9,200,47350
20240205,09:30:45,63.9,50,47350
20240205,09:30:55,63.6,100,47350
20240205,09:31:25,63.5,200,52600
20240205,09:31:43,63.6,1550,52600
20240205,09:32:02,63.05,50,52600
20240205,09:32:12,63.2,1450,52600
20240205,09:32:21,63.65,200,52600
20240205,09:32:40,64.3,150,52600
20240205,09:33:11,64.85,100,52600
20240205,09:33:22,65.05,1050,52600
20240205,09:34:11,64.5,450,52600
20240205,09:34:20,64.35,300,52600
20240205,09:35:15,64.55,100,55000
20240205,09:35:44,64.1,250,55000
20240205,09:35:53,64.2,200,55000
20240205,09:36:11,64.25,300,55000
20240205,09:38:12,63.35,50,55350
20240205,09:39:08,63.45,50,55350
20240205,09:42:09,63.65,100,55350
20240205,09:42:44,62.9,200,55350
20240205,09:43:48,63.45,100,55450
20240205,09:44:15,63.5,50,55450
20240205,09:44:41,63.45,50,55450
20240205,09:45:08,63.0,100,55450
20240205,09:45:27,62.9,50,55450
20240205,09:45:37,62.85,100,55450
20240205,09:45:46,62.9,100,55450
20240205,09:49:58,61.0,100,55650
20240205,09:50:09,60.8,50,55650
20240205,09:50:19,61.1,100,55650
20240205,09:51:49,60.1,100,55650
20240205,09:52:06,59.55,50,55650
20240205,09:54:54,59.15,50,55600
20240205,09:55:39,59.15,50,55650
20240205,09:56:53,60.0,50,55650
20240205,09:59:43,60.65,50,55750
20240205,10:01:10,60.65,50,55750
20240205,10:01:19,60.65,50,55750
20240205,10:01:37,60.1,50,55850
20240205,10:03:00,60.35,150,55850
20240205,10:03:18,60.45,50,55850
20240205,10:03:37,60.5,50,55850
20240205,10:03:47,60.9,50,55850
20240205,10:03:56,60.3,100,55850
20240205,10:04:05,60.9,250,55850
20240205,10:04:26,61.45,200,55850
20240205,10:04:55,61.9,50,56200
20240205,10:09:48,60.5,50,56250
20240205,10:09:57,61.1,150,56250
20240205,10:10:22,60.55,100,56250
20240205,10:10:31,60.35,100,56200
20240205,10:11:59,61.45,250,56200
20240205,10:14:21,61.2,300,56350
20240205,10:14:54,61.15,50,56350
20240205,10:15:03,61.35,50,56350
20240205,10:15:50,61.5,100,56350
20240205,10:17:24,61.9,50,56350
20240205,10:17:35,62.0,250,56350
20240205,10:17:46,62.25,150,56350
20240205,10:17:58,62.9,50,56350
20240205,10:18:09,63.0,50,56350
20240205,10:18:19,63.05,50,56350
20240205,10:18:29,63.85,400,56350
20240205,10:18:40,63.7,550,56350
20240205,10:18:59,63.8,50,56350
20240205,10:19:34,65.5,1000,56800
20240205,10:19:46,65.5,100,56800
20240205,10:20:29,64.8,1500,56800
20240205,10:20:48,64.25,400,56800
20240205,10:21:06,64.9,200,56800
20240205,10:21:16,65.9,150,56800
20240205,10:21:26,65.9,50,56800
20240205,10:22:58,65.0,50,58150
20240205,10:23:06,64.8,150,58150
20240205,10:23:33,65.0,50,58150
20240205,10:23:51,65.1,350,58150
20240205,10:27:39,63.3,200,58150
20240205,10:29:04,62.6,50,58250
20240205,10:30:30,62.65,400,58250
20240205,10:30:39,63.0,300,58250
20240205,10:30:56,63.0,50,58250
20240205,10:31:23,63.85,100,58250
20240205,10:31:31,64.05,200,58250
20240205,10:31:40,64.2,100,58600
20240205,10:32:24,63.95,100,58600
20240205,10:34:17,64.05,100,58600
20240205,10:37:46,63.05,150,58500
20240205,10:37:55,63.25,250,58500
20240205,10:38:04,62.7,100,58500
20240205,10:38:37,63.15,150,58500
20240205,10:39:11,62.35,50,58500
20240205,10:42:08,62.5,100,58650
20240205,10:42:34,62.55,200,58650
20240205,10:44:50,60.35,100,58700
20240205,10:45:18,60.05,100,58700
20240205,10:46:19,59.55,200,58700
20240205,10:46:27,60.0,50,58700
20240205,10:47:46,60.25,50,58900
20240205,10:48:49,60.65,100,58900
20240205,10:48:58,60.25,150,58900
20240205,10:51:59,61.3,50,58900
20240205,10:54:15,61.0,50,58950
20240205,10:55:50,60.3,50,58950
20240205,10:58:19,61.05,50,58950
20240205,10:58:52,61.45,100,58950
20240205,11:00:06,61.25,50,58900
20240205,11:01:12,60.9,50,58900
20240205,11:03:14,59.75,200,58950
20240205,11:03:23,60.0,50,58950
20240205,11:03:40,60.55,50,58950
20240205,11:07:11,61.55,50,59150
20240205,11:09:00,61.55,500,59200
20240205,11:09:18,61.25,250,59200
20240205,11:09:59,61.8,250,59200
20240205,11:11:05,61.0,150,59600
20240205,11:12:12,60.6,300,59600
20240205,11:13:31,60.1,50,59600
20240205,11:13:50,60.2,200,59450
20240205,11:14:16,59.95,50,59450
20240205,11:14:25,60.25,50,59450
20240205,11:16:14,59.75,100,59450
20240205,11:16:58,59.5,50,59750
20240205,11:17:08,59.55,100,59750
20240205,11:17:18,59.65,50,59750
20240205,11:17:39,59.45,100,59750
20240205,11:19:42,60.0,50,59750
20240205,11:20:09,59.95,100,59900
20240205,11:20:18,59.9,50,59900
20240205,11:22:12,59.25,50,59900
20240205,11:23:38,60.3,850,59850
20240205,11:23:56,60.15,50,59850
20240205,11:24:47,60.0,100,59850
20240205,11:25:04,60.0,50,59850
20240205,11:25:13,60.4,50,59850
20240205,11:25:48,60.55,150,59950
20240205,11:26:58,60.0,50,59950
20240205,11:27:42,60.9,50,59950
20240205,11:29:34,60.55,50,60150
20240205,11:29:42,60.7,50,60150
20240205,11:32:16,59.9,100,60150
20240205,11:32:25,60.0,100,60150
20240205,11:35:45,59.45,150,60350
20240205,11:37:26,59.75,100,60350
20240205,11:38:23,58.65,100,60500
20240205,11:39:09,58.65,100,60500
20240205,11:40:51,58.95,200,60400
20240205,11:41:28,59.0,250,60400
20240205,11:41:46,59.0,50,60400
20240205,11:42:55,59.0,50,60400
20240205,11:44:05,59.25,50,60850
20240205,11:44:15,59.25,50,60850
20240205,11:44:24,59.5,100,60850
20240205,11:44:33,59.65,50,60850
20240205,11:46:13,59.9,50,60850
20240205,11:46:24,60.0,250,60850
20240205,11:49:07,60.0,100,61400
20240205,11:52:04,60.65,50,61400
20240205,11:53:27,60.35,50,61400
20240205,11:57:10,60.1,50,61400
20240205,11:59:09,59.9,100,61350
20240205,11:59:27,59.5,50,61350
20240205,12:00:24,58.85,550,61350
20240205,12:00:52,59.0,50,61350
20240205,12:01:00,58.9,200,61350
20240205,12:03:43,59.65,50,61500
20240205,12:05:00,60.0,50,61550
20240205,12:05:09,60.0,450,61550
20240205,12:08:12,60.45,50,62050
20240205,12:11:58,61.0,50,62100
20240205,12:14:24,59.85,350,62100
20240205,12:14:50,59.1,150,62100
20240205,12:15:17,59.2,100,62100
20240205,12:15:25,59.1,50,62100
20240205,12:15:34,59.05,50,62100
20240205,12:15:51,59.2,50,62100
20240205,12:16:43,59.0,50,62100
20240205,12:18:08,58.25,200,62150
20240205,12:19:14,58.2,50,62150
20240205,12:20:17,58.15,100,62050
20240205,12:20:26,58.1,50,62050
20240205,12:20:44,58.0,100,62050
20240205,12:22:37,58.4,250,62050
20240205,12:23:40,58.1,50,62500
20240205,12:25:25,58.65,150,62500
20240205,12:26:20,59.7,100,62600
20240205,12:27:05,59.7,50,62600
20240205,12:27:40,59.7,50,62600
20240205,12:28:59,60.0,100,62650
20240205,12:29:44,60.4,50,62650
20240205,12:29:53,60.6,200,62650
20240205,12:30:46,60.4,100,62650
20240205,12:30:54,60.4,100,62650
20240205,12:31:03,60.6,50,62650
20240205,12:31:12,60.9,50,62650
20240205,12:31:55,60.7,100,63050
20240205,12:32:03,60.7,100,63050
20240205,12:32:45,61.0,100,63050
20240205,12:33:39,61.4,100,63050
20240205,12:35:39,60.5,500,63050
20240205,12:36:04,60.2,200,63050
20240205,12:45:07,58.45,50,63750
20240205,12:45:33,58.0,50,63750
20240205,12:45:41,57.55,250,63750
20240205,12:45:57,58.25,250,63750
20240205,12:46:06,58.5,750,63750
20240205,12:50:44,58.3,50,64250
20240205,12:50:52,58.45,100,64250
20240205,12:51:01,58.75,100,64250
20240205,12:51:26,58.9,50,64250
20240205,12:51:50,58.95,50,64250
20240205,12:54:36,58.75,50,64250
20240205,12:55:29,59.1,50,64450
20240205,12:58:49,58.25,50,64400
20240205,12:58:58,58.15,50,64450
20240205,12:59:33,58.45,100,64450
20240205,12:59:57,58.5,50,64450
20240205,13:00:46,58.3,50,64450
20240205,13:01:20,58.3,450,64450
20240205,13:02:41,58.15,50,64600
20240205,13:02:49,58.15,100,64600
20240205,13:04:02,58.9,150,64600
20240205,13:04:52,58.6,150,64600
20240205,13:05:24,58.95,50,64800
20240205,13:06:03,58.95,50,64800
20240205,13:08:26,57.35,100,64850
20240205,13:08:35,57.3,100,64850
20240205,13:09:23,57.25,150,64850
20240205,13:10:08,57.25,250,64850
20240205,13:10:43,57.4,50,64850
20240205,13:13:23,58.25,50,65050
20240205,13:14:50,58.35,200,65050
20240205,13:15:42,58.4,50,65050
20240205,13:20:15,58.0,50,65250
20240205,13:20:31,58.0,50,65250
20240205,13:20:48,58.1,50,65250
20240205,13:21:53,57.8,150,65250
20240205,13:22:27,57.55,50,65250
20240205,13:22:44,57.9,50,65250
20240205,13:25:47,58.9,100,65450
20240205,13:27:35,58.8,100,65450
20240205,13:28:55,59.6,100,65450
20240205,13:29:05,59.55,150,65450
20240205,13:29:16,59.65,150,65450
20240205,13:29:36,59.75,50,65450
20240205,13:30:42,59.25,200,65450
20240205,13:30:51,59.25,50,65450
20240205,13:33:43,58.4,100,65750
20240205,13:33:51,58.8,100,65750
20240205,13:40:34,58.9,200,65950
20240205,13:43:34,58.05,50,66050
20240205,13:44:16,58.55,50,66050
20240205,13:44:59,58.75,100,66050
20240205,13:46:16,58.5,50,66050
20240205,13:46:25,58.65,100,66050
20240205,13:48:47,57.85,50,66250
20240205,13:48:56,57.65,400,66250
20240205,13:49:20,57.75,50,66250
20240205,13:50:08,57.35,50,66150
20240205,13:50:16,57.6,100,66150
20240205,13:50:40,57.45,100,66150
20240205,13:51:36,57.2,50,66150
20240205,13:51:52,57.2,150,66150
20240205,13:54:22,57.2,100,66400
20240205,13:57:30,57.5,50,66400
20240205,13:57:54,57.65,150,66400
20240205,14:00:18,57.25,50,66600
20240205,14:00:56,56.9,50,66600
20240205,14:01:04,56.9,50,66600
20240205,14:01:12,57.0,100,66600
20240205,14:01:21,57.25,200,66600
20240205,14:01:37,57.15,50,66600
20240205,14:04:05,57.65,50,67050
20240205,14:04:21,57.9,50,67050
20240205,14:04:29,58.0,100,67050
20240205,14:04:38,57.9,50,67050
20240205,14:04:46,57.95,50,67050
20240205,14:05:37,57.95,300,67250
20240205,14:06:11,58.35,200,67250
20240205,14:06:46,58.4,50,67250
20240205,14:07:14,58.85,300,67250
20240205,14:07:40,58.55,100,67250
20240205,14:07:49,58.55,200,67250
20240205,14:07:57,58.5,150,67250
20240205,14:09:25,59.7,50,67350
20240205,14:09:34,59.6,50,67350
20240205,14:09:53,59.75,50,67350
20240205,14:10:03,60.05,100,67350
20240205,14:10:57,61.05,50,67350
20240205,14:12:44,61.0,50,67350
20240205,14:13:33,60.35,50,67350
20240205,14:13:42,60.0,100,67350
20240205,14:14:21,59.15,100,67400
20240205,14:14:32,58.8,50,67400
20240205,14:15:00,58.8,100,67400
20240205,14:15:10,57.95,250,67400
20240205,14:15:48,57.95,50,67400
20240205,14:15:57,57.7,150,67400
20240205,14:16:07,58.05,50,67400
20240205,14:16:34,57.2,100,67400
20240205,14:16:43,56.8,50,67400
20240205,14:16:52,56.8,50,67400
20240205,14:17:27,56.8,50,67650
20240205,14:21:13,57.0,50,67700
20240205,14:21:31,57.35,50,67700
20240205,14:22:00,57.35,50,67700
20240205,14:23:58,57.2,50,67800
20240205,14:24:16,57.6,300,67800
20240205,14:24:25,57.65,750,67800
20240205,14:24:45,57.9,50,67800
20240205,14:25:13,57.85,50,67800
20240205,14:25:34,58.0,50,67800
20240205,14:25:44,58.65,100,67800
20240205,14:25:54,58.75,50,67800
20240205,14:26:22,58.0,100,67900
20240205,14:27:13,58.85,50,67900
20240205,14:27:33,58.8,200,67900
20240205,14:28:16,58.8,350,67900
20240205,14:28:34,58.7,50,67900
20240205,14:29:46,58.25,200,67850
20240205,14:29:55,58.25,100,67850
20240205,14:30:13,58.25,50,67850
20240205,14:31:52,58.9,50,67850
20240205,14:32:27,59.9,150,67950
20240205,14:32:40,60.05,50,67950
20240205,14:33:37,59.75,150,67950
20240205,14:35:04,61.55,50,67950
20240205,14:35:36,61.95,250,68050
20240205,14:35:49,61.9,200,68050
20240205,14:36:22,62.5,100,68050
20240205,14:36:34,62.8,50,68050
20240205,14:36:47,63.1,200,68050
20240205,14:36:59,63.65,50,68050
20240205,14:37:56,63.9,50,68050
20240205,14:38:27,63.05,50,68350
20240205,14:39:04,65.4,750,68350
20240205,14:39:17,64.45,300,68350
20240205,14:39:29,65.0,150,68350
20240205,14:40:26,65.9,100,68350
20240205,14:40:38,65.7,100,68350
20240205,14:41:09,65.0,50,69000
20240205,14:42:50,67.35,500,69000
20240205,14:43:03,67.5,50,69000
20240205,14:43:15,68.0,1000,69000
20240205,14:43:28,69.15,1000,69000
20240205,14:43:40,69.1,150,69000
20240205,14:44:15,69.55,950,70800
20240205,14:44:39,66.8,50,70800
20240205,14:44:53,67.0,50,70800
20240205,14:45:17,69.55,550,70800
20240205,14:45:30,71.1,200,70800
20240205,14:45:56,71.15,600,70800
20240205,14:46:08,71.4,1800,70800
20240205,14:46:20,69.6,250,70800
20240205,14:47:05,68.9,300,70800
20240205,14:47:28,66.65,200,70950
20240205,14:47:54,67.45,250,70950
20240205,14:48:07,65.05,250,70950
20240205,14:48:21,65.0,250,70950
20240205,14:48:33,64.45,150,70950
20240205,14:49:44,66.05,200,70950
20240205,14:49:56,66.15,150,70950
20240205,14:50:18,65.95,150,71200
20240205,14:51:02,68.35,100,71200
20240205,14:51:15,68.7,350,71200
20240205,14:51:27,68.65,300,71200
20240205,14:51:39,69.05,400,71200
20240205,14:51:49,69.75,100,71200
20240205,14:52:10,68.85,100,71200
20240205,14:53:46,67.25,350,71250
20240205,14:54:07,68.5,100,71250
20240205,14:54:17,67.4,450,71250
20240205,14:54:27,67.2,100,71250
20240205,14:54:38,66.9,50,71250
20240205,14:54:49,67.25,400,71250
20240205,14:56:09,69.6,100,71250
20240205,14:56:42,69.75,100,71250
20240205,14:56:54,69.8,150,71250
20240205,14:57:50,69.35,100,71250
20240205,14:58:45,70.95,200,71250
20240205,14:58:56,71.0,50,71250
20240205,14:59:07,69.7,150,71250
20240205,14:59:39,70.15,50,71400
20240205,15:00:59,69.2,400,71400
20240205,15:01:10,69.65,550,71400
20240205,15:01:43,69.65,100,71400
20240205,15:02:15,69.6,100,71400
20240205,15:03:28,68.75,50,71650
20240205,15:04:11,66.9,100,71650
20240205,15:04:52,66.2,100,71650
20240205,15:05:14,66.1,200,71650
20240205,15:06:17,64.75,300,71750
20240205,15:06:38,66.0,50,71750
20240205,15:07:29,65.4,300,71750
20240205,15:08:38,64.7,450,71650
20240205,15:08:49,64.75,700,71650
20240205,15:08:59,64.75,500,71650
20240205,15:09:09,63.95,50,71650
20240205,15:09:30,63.8,100,71650
20240205,15:10:32,63.7,50,71650
20240205,15:10:42,63.7,50,71650
20240205,15:11:12,64.05,100,71650
20240205,15:12:18,65.45,350,71450
20240205,15:16:45,67.65,50,71550
20240205,15:17:05,66.95,50,71550
20240205,15:17:16,66.0,350,71550
20240205,15:17:48,66.45,400,71500
20240205,15:18:09,66.0,400,71500
20240205,15:18:20,66.2,100,71500
20240205,15:18:30,66.85,250,71500
20240205,15:18:41,67.2,550,71500
20240205,15:20:31,67.65,100,71200
20240205,15:20:41,67.65,100,71200
20240205,15:21:02,66.6,250,71200
20240205,15:21:13,66.75,100,71200
20240205,15:22:14,66.0,450,71200
20240205,15:23:15,65.7,600,71100
20240205,15:23:25,65.65,50,71100
20240205,15:23:35,65.6,50,71100
20240205,15:24:04,66.0,100,71100
20240205,15:24:14,66.1,600,71100
20240205,15:24:54,65.9,50,71100
20240205,15:25:04,66.0,100,71100
20240205,15:25:14,66.4,250,71100
20240205,15:25:25,66.25,50,71100
20240205,15:25:35,65.95,50,71100
20240205,15:25:44,66.5,200,71100
20240205,15:25:54,66.5,50,71100
20240205,15:26:13,66.5,200,71100
20240205,15:26:22,66.55,200,71650
20240205,15:26:41,66.55,150,71650
20240205,15:26:51,66.85,150,71650
20240205,15:27:01,66.55,50,71650
20240205,15:27:11,66.4,250,71650
20240205,15:27:30,66.25,800,71650
20240205,15:27:39,66.2,150,71650
20240205,15:27:49,66.5,350,71650
20240205,15:27:58,66.5,300,71650
20240205,15:28:08,66.75,50,71650
20240205,15:28:17,66.25,200,71650
20240205,15:28:27,66.6,500,71650
20240205,15:28:36,66.6,850,71650
20240205,15:28:47,66.55,650,71650
20240205,15:28:57,67.15,50,71650
20240205,15:29:17,67.05,50,71650
20240205,15:29:27,67.25,300,72200
20240205,15:29:37,67.2,50,72200
20240205,15:29:48,66.4,300,72200
20240206,09:15:02,66.45,1,72200
20240206,09:15:02,66.45,50,72200
20240206,09:15:14,66.35,50,72200
20240206,09:15:37,66.35,50,72200
20240206,09:15:58,64.85,150,72200
20240206,09:16:20,63.55,350,72200
20240206,09:16:39,63.1,100,72250
20240206,09:17:33,65.45,200,72250
20240206,09:18:15,67.05,200,72250
20240206,09:18:38,68.2,100,72250
20240206,09:18:58,69.35,100,72250
20240206,09:20:06,66.0,150,72450
20240206,09:20:27,68.05,650,72450
20240206,09:20:38,67.0,150,72450
20240206,09:20:48,68.0,150,72450
20240206,09:20:58,67.8,50,72450
20240206,09:21:18,68.6,50,72450
20240206,09:21:28,68.0,50,72450
20240206,09:22:24,68.9,50,72450
20240206,09:22:46,67.15,150,73350
20240206,09:22:57,66.35,50,73350
20240206,09:23:08,65.6,150,73350
20240206,09:23:19,65.55,50,73350
20240206,09:23:40,64.55,50,73350
20240206,09:24:10,65.35,50,73350
20240206,09:24:39,64.8,100,73350
20240206,09:25:09,64.9,50,73350
20240206,09:25:20,64.35,100,73350
20240206,09:25:30,64.1,50,73350
20240206,09:25:41,63.3,50,73300
20240206,09:26:12,63.4,550,73300
20240206,09:26:52,64.05,200,73300
20240206,09:29:17,63.0,450,73800
20240206,09:29:46,63.0,50,73800
20240206,09:29:55,62.7,450,73800
20240206,09:30:05,63.9,200,73800
20240206,09:31:41,63.6,150,74300
20240206,09:31:51,63.95,100,74300
20240206,09:32:01,63.25,100,74300
20240206,09:32:20,62.85,100,74300
20240206,09:34:24,62.9,50,74300
20240206,09:36:47,61.95,50,74250
20240206,09:39:29,60.6,150,74300
20240206,09:40:26,60.6,250,74300
20240206,09:43:45,60.6,100,74550
20240206,09:44:57,60.95,50,74550
20240206,09:45:06,60.95,100,74550
20240206,09:45:15,60.75,100,74550
20240206,09:45:33,61.35,100,74550
20240206,09:45:42,61.15,50,74550
20240206,09:45:51,61.0,300,74550
20240206,09:46:31,61.0,50,74550
20240206,09:46:40,61.25,50,75250
20240206,09:48:33,61.2,50,75250
20240206,09:49:09,61.2,50,75250
20240206,09:49:18,61.05,150,75250
20240206,09:49:27,61.25,250,75250
20240206,09:49:37,61.1,50,75250
20240206,09:49:48,60.15,550,75600
20240206,09:50:52,60.15,50,75600
20240206,09:51:52,60.4,50,75600
20240206,09:55:05,61.0,150,75550
20240206,09:55:14,61.45,50,75550
20240206,09:56:02,61.65,50,75650
20240206,09:57:24,61.65,50,75650
20240206,09:57:52,60.35,50,75650
20240206,09:58:30,60.55,100,75650
20240206,09:58:50,60.0,200,75750
20240206,09:59:00,60.0,50,75750
20240206,09:59:45,60.8,50,75750
20240206,10:00:12,60.75,50,75750
20240206,10:00:21,60.65,50,75750
20240206,10:00:30,60.85,50,75750
20240206,10:00:57,60.9,50,75750
20240206,10:01:24,60.95,50,75750
20240206,10:05:09,60.25,400,75950
20240206,10:06:32,60.95,200,75950
20240206,10:07:36,61.0,300,75950
20240206,10:12:22,60.95,50,76600
20240206,10:14:26,61.0,300,76650
20240206,10:14:35,61.2,300,76650
20240206,10:14:46,61.25,50,76650
20240206,10:15:16,61.45,50,76650
20240206,10:16:38,61.85,250,76650
20240206,10:16:48,61.9,50,77600
20240206,10:19:25,62.25,400,77600
20240206,10:22:23,62.05,50,78050
20240206,10:24:28,62.05,50,78050
20240206,10:24:58,63.0,50,78050
20240206,10:25:18,62.9,50,78050
20240206,10:25:29,63.0,100,78050
20240206,10:26:40,63.45,50,78250
20240206,10:27:32,63.7,200,78250
20240206,10:28:44,63.7,50,78250
20240206,10:29:06,63.9,50,78550
20240206,10:29:37,64.0,300,78550
20240206,10:30:09,64.15,50,78550
20240206,10:30:21,64.55,50,78550
20240206,10:30:34,65.5,100,78550
20240206,10:31:10,65.7,50,78550
20240206,10:31:21,64.35,250,78550
20240206,10:31:32,64.9,200,78550
20240206,10:32:15,65.0,1200,78850
20240206,10:33:46,65.7,50,78850
20240206,10:35:33,65.5,100,80000
20240206,10:35:43,65.3,150,80000
20240206,10:37:25,64.4,150,80000
20240206,10:38:47,63.2,200,79900
20240206,10:39:08,63.25,150,79900
20240206,10:45:14,62.2,200,80150
20240206,10:45:24,62.2,250,80150
20240206,10:47:33,63.0,100,80200
20240206,10:48:02,62.7,100,80200
20240206,10:48:12,63.1,100,80200
20240206,10:52:34,62.25,50,80400
20240206,10:55:03,61.05,250,80400
20240206,10:56:46,61.05,50,80550
20240206,10:56:56,61.75,50,80550
20240206,10:59:33,60.4,100,80650
20240206,10:59:54,60.3,50,80650
20240206,11:01:07,59.9,400,80650
20240206,11:06:19,60.5,50,80950
20240206,11:09:25,60.0,300,80900
20240206,11:11:59,60.15,50,81200
20240206,11:14:34,60.2,50,81150
20240206,11:17:17,58.95,200,81150
20240206,11:19:22,59.45,50,81150
20240206,11:19:50,59.5,50,81150
20240206,11:20:08,59.6,150,81400
20240206,11:20:54,59.5,50,81400
20240206,11:22:47,59.75,100,81400
20240206,11:23:47,59.95,50,81650
20240206,11:32:00,59.75,100,81700
20240206,11:32:17,59.9,50,81700
20240206,11:32:36,59.4,200,81700
20240206,11:33:20,58.0,250,81700
20240206,11:33:55,58.95,200,81700
20240206,11:34:06,58.8,100,81700
20240206,11:35:03,59.7,150,81700
20240206,11:35:15,59.95,100,81700
20240206,11:35:47,60.0,100,81700
20240206,11:36:29,60.25,50,81700
20240206,11:37:10,60.0,250,81700
20240206,11:39:08,60.2,100,82200
20240206,11:39:27,60.0,100,82200
20240206,11:39:47,60.2,200,82200
20240206,11:40:05,60.45,50,82200
20240206,11:44:54,60.7,200,82650
20240206,11:46:41,60.1,100,82650
20240206,11:49:11,60.95,50,82950
20240206,11:49:46,60.9,50,82950
20240206,11:57:54,60.0,250,83050
20240206,11:58:34,60.5,200,83050
20240206,11:59:04,60.8,100,83050
20240206,11:59:23,59.85,150,83100
20240206,11:59:42,60.25,100,83100
20240206,12:00:12,59.9,50,83100
20240206,12:00:22,59.9,100,83100
20240206,12:01:01,59.85,300,83100
20240206,12:01:11,59.4,350,83100
20240206,12:01:41,59.7,150,83100
20240206,12:04:48,59.4,100,83150
20240206,12:04:57,59.45,50,83150
20240206,12:09:51,59.3,50,83300
20240206,12:10:36,58.8,100,83300
20240206,12:10:54,59.4,100,83300
20240206,12:11:03,58.6,250,83300
20240206,12:11:13,59.0,200,83250
20240206,12:12:21,59.05,100,83250
20240206,12:12:31,59.15,100,83250
20240206,12:12:41,59.2,100,83250
20240206,12:13:03,58.05,100,83250
20240206,12:13:13,57.95,200,83250
20240206,12:13:32,58.1,150,83250
20240206,12:14:00,58.3,200,83250
20240206,12:15:43,58.3,50,83350
20240206,12:15:53,58.45,150,83350
20240206,12:16:11,58.5,100,83350
20240206,12:17:06,58.1,250,83450
20240206,12:17:50,58.45,50,83450
20240206,12:18:49,58.45,50,83450
20240206,12:19:15,58.6,50,83450
20240206,12:21:04,58.4,100,83550
20240206,12:21:12,58.3,100,83550
20240206,12:21:21,58.55,150,83550
20240206,12:22:04,58.05,300,83550
20240206,12:22:13,58.0,250,83550
20240206,12:22:41,58.2,500,83550
20240206,12:24:47,59.0,100,83550
20240206,12:25:15,59.45,50,84100
20240206,12:25:25,59.45,100,84100
20240206,12:25:45,59.15,50,84100
20240206,12:26:04,58.65,50,84100
20240206,12:27:41,59.35,50,84100
20240206,12:28:28,59.35,50,84100
20240206,12:29:31,59.5,50,84100
20240206,12:29:48,59.25,100,84100
20240206,12:30:25,58.8,100,84100
20240206,12:30:43,58.95,50,84100
20240206,12:31:38,58.8,250,84100
20240206,12:31:47,58.8,100,84100
20240206,12:37:44,57.95,50,84000
20240206,12:37:54,58.0,100,84000
20240206,12:38:12,57.95,250,84000
20240206,12:38:59,57.9,100,84000
20240206,12:39:27,57.65,50,84000
20240206,12:41:31,57.65,50,84000
20240206,12:46:25,57.65,50,84050
20240206,12:47:11,57.65,50,84100
20240206,12:47:29,57.65,50,84100
20240206,12:48:42,58.45,50,84100
20240206,12:48:52,58.45,100,84100
20240206,12:49:11,58.65,200,84100
20240206,12:50:15,58.9,100,84100
20240206,12:50:24,58.9,100,84550
20240206,12:51:44,58.95,50,84550
20240206,12:53:26,59.5,150,84700
20240206,12:53:46,59.95,200,84700
20240206,12:53:56,60.05,250,84700
20240206,12:54:15,59.95,100,84700
20240206,13:07:04,57.95,300,85000
20240206,13:11:53,57.65,150,85000
20240206,13:16:39,58.0,50,85000
20240206,13:16:54,58.0,50,85000
20240206,13:17:10,58.1,50,85000
20240206,13:18:15,58.35,350,85150
20240206,13:20:04,58.45,50,85150
20240206,13:21:13,58.35,50,85200
20240206,13:21:47,57.9,50,85200
20240206,13:23:17,58.35,50,85150
20240206,13:23:41,58.25,50,85150
20240206,13:25:14,58.15,300,85150
20240206,13:26:00,57.95,200,85150
20240206,13:27:00,57.8,50,85550
20240206,13:27:09,57.75,150,85550
20240206,13:28:07,57.9,100,85550
20240206,13:31:48,57.5,50,85800
20240206,13:33:41,57.25,100,85850
20240206,13:34:24,57.25,100,85850
20240206,13:36:03,57.85,100,85850
20240206,13:36:21,58.0,150,85850
20240206,13:36:31,58.25,150,85850
20240206,13:36:43,58.4,200,85850
20240206,13:36:55,58.55,50,85850
20240206,13:37:07,58.9,100,85850
20240206,13:37:41,59.15,50,85850
20240206,13:37:52,59.45,200,85850
20240206,13:38:53,59.5,100,86350
20240206,13:39:33,59.0,250,86350
20240206,13:41:29,58.7,250,86200
20240206,13:44:09,57.6,450,86200
20240206,13:44:57,57.85,100,86450
20240206,13:45:06,57.85,100,86450
20240206,13:45:41,58.0,250,86450
20240206,13:46:35,58.0,100,86450
20240206,13:49:13,58.8,250,86900
20240206,13:49:56,58.55,100,86900
20240206,13:51:35,57.9,50,86800
20240206,13:51:44,58.0,50,86800
20240206,13:52:22,58.0,200,86800
20240206,13:52:32,57.95,50,86800
20240206,13:54:35,58.0,50,87000
20240206,13:54:54,58.45,50,87000
20240206,13:55:31,58.55,50,87000
20240206,13:55:49,59.1,100,87000
20240206,14:02:11,58.55,100,87200
20240206,14:02:19,58.4,100,87200
20240206,14:02:29,58.7,200,87200
20240206,14:03:06,58.5,100,87200
20240206,14:06:00,58.2,550,87350
20240206,14:07:15,58.5,50,87350
20240206,14:07:23,58.5,550,87350
20240206,14:10:37,58.95,200,87450
20240206,14:11:10,59.0,50,87450
20240206,14:11:38,59.25,50,87600
20240206,14:11:48,59.45,50,87600
20240206,14:12:07,59.35,150,87600
20240206,14:13:03,59.95,100,87600
20240206,14:13:23,60.0,50,87600
20240206,14:13:45,60.15,550,87600
20240206,14:13:56,60.15,100,87600
20240206,14:14:06,59.95,50,87600
20240206,14:15:30,59.25,50,87750
20240206,14:21:19,59.8,100,87800
20240206,14:21:56,59.85,100,87800
20240206,14:22:58,59.9,50,87800
20240206,14:23:07,59.9,200,87800
20240206,14:25:06,58.9,100,87850
20240206,14:25:51,59.0,100,87850
20240206,14:26:35,59.15,150,87850
20240206,14:31:43,59.5,50,88000
20240206,14:34:54,59.0,50,88050
20240206,14:37:20,58.95,100,88100
20240206,14:37:29,58.9,250,88100
20240206,14:37:48,58.65,100,88100
20240206,14:37:57,58.95,50,88100
20240206,14:38:55,58.0,50,88350
20240206,14:39:15,57.95,100,88350
20240206,14:41:23,58.45,50,88350
20240206,14:42:09,58.25,200,88400
20240206,14:42:28,58.05,200,88400
20240206,14:42:56,58.25,50,88400
20240206,14:43:27,58.1,50,88400
20240206,14:43:57,58.45,200,88400
20240206,14:44:07,58.4,200,88400
20240206,14:44:16,58.5,50,88400
20240206,14:44:26,58.4,150,88400
20240206,14:45:16,59.25,300,88400
20240206,14:46:24,58.55,200,87700
20240206,14:46:42,59.0,200,87700
20240206,14:46:51,58.6,200,87700
20240206,14:47:09,58.45,100,87700
20240206,14:47:18,58.4,200,87700
20240206,14:47:45,58.4,150,87100
20240206,14:49:23,59.55,100,87100
20240206,14:54:09,59.35,100,87100
20240206,14:54:30,59.4,250,87100
20240206,14:55:48,59.4,250,87100
20240206,14:56:08,59.0,200,87100
20240206,14:56:27,59.0,250,87100
20240206,14:58:11,58.85,250,86750
20240206,14:59:25,58.9,200,86750
20240206,14:59:43,59.45,400,86850
20240206,14:59:53,58.65,1300,86850
20240206,15:00:02,59.0,350,86850
20240206,15:00:41,57.95,100,86850
20240206,15:01:10,57.75,150,86850
20240206,15:01:19,58.25,50,86850
20240206,15:01:37,58.45,100,86850
20240206,15:02:52,58.7,100,86850
20240206,15:03:29,58.75,200,86850
20240206,15:03:55,58.15,100,86850
20240206,15:04:05,58.5,200,86850
20240206,15:04:14,58.5,50,86850
20240206,15:05:08,57.9,100,86850
20240206,15:05:18,57.75,100,86850
20240206,15:05:54,58.45,50,86900
20240206,15:06:02,58.5,50,86900
20240206,15:06:11,57.95,50,86900
20240206,15:06:29,57.7,100,86900
20240206,15:06:39,58.25,700,86900
20240206,15:06:49,57.5,250,86900
20240206,15:06:58,58.0,500,86900
20240206,15:07:09,58.1,450,86900
20240206,15:07:39,57.9,100,86900
20240206,15:07:49,57.7,50,86900
20240206,15:08:07,58.45,50,86900
20240206,15:09:01,58.05,100,87000
20240206,15:09:11,57.85,50,87000
20240206,15:09:38,58.0,50,87000
20240206,15:10:24,58.0,50,87000
20240206,15:12:23,58.45,50,87050
20240206,15:12:58,58.2,50,87050
20240206,15:13:15,58.25,550,87050
20240206,15:14:02,59.0,50,87050
20240206,15:14:52,59.55,200,87050
20240206,15:15:02,59.1,350,87050
20240206,15:17:38,58.8,50,86850
20240206,15:18:56,59.15,500,86850
20240206,15:20:16,59.35,100,86850
20240206,15:20:42,59.35,50,86400
20240206,15:20:51,59.7,100,86400
20240206,15:21:51,58.6,300,86400
20240206,15:23:04,58.5,100,86400
20240206,15:24:33,58.2,250,86300
20240206,15:24:42,58.35,100,86300
20240206,15:24:51,58.8,250,86300
20240206,15:25:01,58.7,200,86300
20240206,15:25:11,58.85,350,86300
20240206,15:25:20,58.9,500,86300
20240206,15:25:29,58.9,200,86300
20240206,15:25:48,58.2,150,86300
20240206,15:27:01,58.85,350,86050
20240206,15:27:19,58.3,250,86050
20240206,15:27:28,58.45,200,86050
20240206,15:27:36,58.0,400,86050
20240206,15:28:23,58.55,1050,86050
20240206,15:28:43,57.85,150,86050
20240206,15:28:55,57.6,50,86050
20240206,15:29:36,57.4,100,86050
20240206,15:29:46,57.4,50,86300
20240207,09:17:04,53.4,1,85300
20240207,09:17:04,51.7,1,85300
20240207,09:17:04,51.8,350,85300
20240207,09:17:19,52.0,50,85300
20240207,09:17:41,52.3,50,85300
20240207,09:18:22,52.3,50,85300
20240207,09:18:53,53.0,200,85300
20240207,09:19:03,53.0,100,85300
20240207,09:19:11,53.8,200,85300
20240207,09:19:28,54.05,100,85300
20240207,09:19:36,53.85,350,85300
20240207,09:19:45,53.8,150,85800
20240207,09:19:54,53.65,150,85800
20240207,09:20:11,53.8,50,85800
20240207,09:20:23,54.2,150,85800
20240207,09:21:06,54.2,100,85800
20240207,09:21:25,53.75,100,85800
20240207,09:22:02,54.75,50,85800
20240207,09:22:46,54.75,50,85900
20240207,09:23:33,55.0,50,85900
20240207,09:23:42,55.0,150,85900
20240207,09:23:50,54.8,150,85900
20240207,09:23:58,54.6,50,85900
20240207,09:24:07,53.9,200,85900
20240207,09:24:16,53.8,100,85900
20240207,09:24:25,53.6,50,85900
20240207,09:25:00,52.7,300,85900
20240207,09:25:19,53.05,100,85900
20240207,09:25:28,53.25,250,85900
20240207,09:26:03,54.15,100,85950
20240207,09:26:20,54.3,300,85950
20240207,09:27:04,54.75,250,85950
20240207,09:27:52,54.95,50,85950
20240207,09:28:03,55.15,150,85950
20240207,09:28:49,55.9,150,86050
20240207,09:29:24,55.9,100,86050
20240207,09:29:33,55.3,200,86050
20240207,09:29:51,55.1,100,86050
20240207,09:30:08,55.95,300,86050
20240207,09:30:17,55.6,200,86050
20240207,09:30:26,56.65,900,86050
20240207,09:30:35,55.95,250,86050
20240207,09:30:44,55.8,50,86050
20240207,09:30:53,55.45,100,86050
20240207,09:31:34,54.8,50,86050
20240207,09:31:43,55.25,400,86050
20240207,09:31:52,55.45,100,86350
20240207,09:32:00,55.3,300,86350
20240207,09:32:09,54.65,50,86350
20240207,09:33:01,55.5,150,86350
20240207,09:33:10,55.4,300,86350
20240207,09:33:18,55.7,50,86350
20240207,09:33:26,55.9,150,86350
20240207,09:33:43,55.4,200,86350
20240207,09:33:52,55.7,50,86350
20240207,09:34:00,55.4,400,86350
20240207,09:34:09,55.75,450,86350
20240207,09:34:17,55.55,50,86350
20240207,09:34:26,55.7,50,86350
20240207,09:34:35,55.25,100,86350
20240207,09:35:53,54.6,50,86450
20240207,09:39:54,53.5,1800,86450
20240207,09:40:39,53.4,50,86450
20240207,09:41:51,54.7,100,88250
20240207,09:42:00,54.3,100,88250
20240207,09:42:18,54.8,100,88250
20240207,09:42:36,55.45,100,88250
20240207,09:42:47,55.55,450,88250
20240207,09:42:56,55.8,50,88250
20240207,09:43:24,55.3,250,88250
20240207,09:43:42,54.85,50,88250
20240207,09:44:07,55.45,50,88300
20240207,09:44:18,55.95,100,88300
20240207,09:45:24,55.7,50,88300
20240207,09:45:41,55.3,1950,88300
20240207,09:45:49,55.3,1800,88300
20240207,09:46:16,55.1,150,88300
20240207,09:46:33,55.25,50,88300
20240207,09:46:51,55.4,100,91950
20240207,09:47:00,55.4,200,91950
20240207,09:47:09,55.95,200,91950
20240207,09:47:17,55.8,150,91950
20240207,09:47:35,56.0,150,91950
20240207,09:48:08,56.0,50,91950
20240207,09:49:06,55.95,50,91950
20240207,09:49:31,55.3,50,91950
20240207,09:49:39,55.0,1800,91950
20240207,09:49:56,54.5,1500,93950
20240207,09:50:04,54.4,650,93950
20240207,09:50:22,54.9,50,93950
20240207,09:50:48,55.75,200,93950
20240207,09:50:56,55.35,50,93950
20240207,09:51:06,55.4,100,93950
20240207,09:52:03,54.75,200,93950
20240207,09:52:12,54.75,100,93950
20240207,09:53:20,54.9,200,95750
20240207,09:53:45,54.2,50,95750
20240207,09:58:00,54.0,150,95800
20240207,09:58:09,54.2,550,95800
20240207,10:00:25,53.5,100,95950
20240207,10:00:34,53.65,50,95950
20240207,10:00:51,53.75,50,95950
20240207,10:02:42,54.55,150,96100
20240207,10:02:59,54.4,50,96100
20240207,10:04:01,54.6,100,96100
20240207,10:04:19,54.6,300,96100
20240207,10:04:28,54.95,350,96100
20240207,10:04:36,55.0,150,96100
20240207,10:05:05,55.45,50,96100
20240207,10:05:15,55.5,100,96100
20240207,10:05:45,55.35,100,96100
20240207,10:05:54,54.95,200,96100
20240207,10:06:12,54.55,50,96100
20240207,10:07:22,54.55,100,96100
20240207,10:09:15,53.7,400,96000
20240207,10:10:50,54.0,100,96250
20240207,10:11:07,53.85,50,96250
20240207,10:12:23,53.6,50,96250
20240207,10:12:41,53.6,50,96250
20240207,10:13:06,53.65,100,96250
20240207,10:13:48,53.5,250,96250
20240207,10:14:15,54.0,100,96350
20240207,10:14:57,53.9,50,96350
20240207,10:15:15,53.65,250,96350
20240207,10:15:40,53.65,150,96350
20240207,10:16:22,54.0,250,96350
20240207,10:17:04,53.55,50,96450
20240207,10:17:21,53.75,50,96450
20240207,10:19:34,53.1,100,96450
20240207,10:19:43,53.45,100,96450
20240207,10:20:18,53.7,850,96550
20240207,10:21:11,53.4,50,96550
20240207,10:21:44,53.5,50,96550
20240207,10:22:28,53.95,50,96550
20240207,10:22:45,53.85,50,96550
20240207,10:24:25,53.75,50,96600
20240207,10:24:41,54.1,50,96600
20240207,10:24:59,54.25,50,96600
20240207,10:28:20,53.45,50,96600
20240207,10:28:37,53.9,2000,96600
20240207,10:28:53,53.5,1800,98500
20240207,10:31:03,53.8,100,98500
20240207,10:31:11,53.75,100,98500
20240207,10:31:19,53.95,50,98500
20240207,10:33:17,53.35,100,100400
20240207,10:33:33,53.55,50,100400
20240207,10:36:26,54.25,100,100500
20240207,10:37:09,54.45,50,100500
20240207,10:37:50,54.35,250,100500
20240207,10:39:12,54.75,150,100600
20240207,10:40:41,54.5,1200,100600
20240207,10:40:51,54.9,50,100600
20240207,10:41:08,54.4,50,101750
20240207,10:41:32,54.4,250,101750
20240207,10:41:40,54.4,300,101750
20240207,10:41:57,54.5,650,101750
20240207,10:42:08,55.25,1800,101750
20240207,10:42:29,54.7,100,101750
20240207,10:42:38,54.5,100,101750
20240207,10:42:46,54.35,50,101750
20240207,10:43:29,55.4,50,101750
20240207,10:43:47,55.05,1450,101750
20240207,10:43:57,55.9,150,101700
20240207,10:44:24,55.45,100,101700
20240207,10:44:41,55.0,100,101700
20240207,10:44:49,55.0,100,101700
20240207,10:45:15,55.0,100,101700
20240207,10:45:40,54.7,250,101700
20240207,10:45:58,54.55,50,101700
20240207,10:46:14,54.65,50,101700
20240207,10:47:04,54.25,100,101700
20240207,10:47:13,54.25,50,101700
20240207,10:47:36,54.1,50,101700
20240207,10:47:44,54.3,2000,101700
20240207,10:48:08,54.45,50,101700
20240207,10:49:59,54.6,200,101700
20240207,10:50:10,54.5,300,103700
20240207,10:51:39,54.2,900,103700
20240207,10:51:46,54.2,250,103700
20240207,10:51:54,54.2,1500,103700
20240207,10:52:02,54.2,1000,103700
20240207,10:55:05,53.7,50,107300
20240207,10:55:53,54.0,150,107300
20240207,10:56:01,54.3,250,107450
20240207,10:57:19,54.3,100,107450
20240207,10:57:27,54.25,50,107450
20240207,10:57:35,53.7,50,107450
20240207,10:58:56,54.3,50,107250
20240207,10:59:28,54.65,150,107250
20240207,11:00:01,54.9,50,107250
20240207,11:00:09,54.75,50,107250
20240207,11:00:34,54.8,50,107250
20240207,11:00:41,54.85,50,107250
20240207,11:00:49,54.6,50,107250
20240207,11:01:29,54.15,50,107250
20240207,11:03:24,54.9,200,107550
20240207,11:04:15,54.8,50,107550
20240207,11:04:55,54.95,50,107550
20240207,11:05:03,55.05,50,107750
20240207,11:05:32,54.8,50,107750
20240207,11:06:07,55.45,150,107750
20240207,11:06:44,55.65,100,107750
20240207,11:06:53,55.95,200,107750
20240207,11:09:35,56.2,100,107850
20240207,11:10:02,55.7,50,107850
20240207,11:10:28,55.6,50,107850
20240207,11:10:45,55.6,50,107850
20240207,11:11:27,55.8,200,107850
20240207,11:11:59,54.7,50,107850
20240207,11:13:13,54.35,100,107850
20240207,11:15:33,54.0,100,107950
20240207,11:16:17,54.25,50,107950
20240207,11:16:52,54.35,50,107950
20240207,11:17:09,53.75,50,108050
20240207,11:20:00,54.15,50,108050
20240207,11:21:50,54.0,650,108100
20240207,11:23:25,54.75,150,108600
20240207,11:24:17,55.0,200,108600
20240207,11:25:01,55.4,50,108600
20240207,11:25:56,55.45,50,108600
20240207,11:26:22,55.75,50,109000
20240207,11:26:39,55.9,50,109000
20240207,11:26:48,56.05,150,109000
20240207,11:26:59,56.15,100,109000
20240207,11:27:09,55.95,250,109000
20240207,11:27:19,56.4,150,109000
20240207,11:27:29,56.15,50,109000
20240207,11:28:41,56.0,50,109000
20240207,11:29:07,56.2,50,109100
20240207,11:29:16,56.25,50,109100
20240207,11:29:58,55.7,100,109100
20240207,11:30:16,56.45,200,109100
20240207,11:30:33,56.6,50,109100
20240207,11:30:42,56.35,200,109100
20240207,11:30:50,56.4,100,109100
20240207,11:30:59,56.25,50,109100
20240207,11:31:08,56.55,50,109100
20240207,11:31:42,56.85,350,109100
20240207,11:31:55,56.95,100,109100
20240207,11:32:07,57.1,200,109550
20240207,11:32:19,57.75,450,109550
20240207,11:32:30,57.75,1200,109550
20240207,11:32:39,57.5,100,109550
20240207,11:32:59,58.15,150,109550
20240207,11:33:10,58.2,550,109550
20240207,11:33:32,58.75,350,109550
20240207,11:33:59,58.75,200,109550
20240207,11:34:58,58.65,50,109550
20240207,11:35:07,58.8,50,109500
20240207,11:36:16,58.8,300,109500
20240207,11:36:25,57.5,200,109500
20240207,11:37:00,58.2,50,109500
20240207,11:37:17,58.3,50,109500
20240207,11:37:26,58.1,150,109500
20240207,11:37:36,58.6,800,109500
20240207,11:38:58,59.45,50,109550
20240207,11:39:21,60.1,50,109550
20240207,11:40:00,60.1,100,109550
20240207,11:40:27,60.2,150,109550
20240207,11:40:55,60.5,50,109550
20240207,11:41:03,60.5,150,109500
20240207,11:41:12,59.85,50,109500
20240207,11:41:21,59.85,100,109500
20240207,11:41:39,59.6,100,109500
20240207,11:41:57,59.5,50,109500
20240207,11:42:32,59.2,100,109500
20240207,11:42:41,58.85,200,109500
20240207,11:43:43,59.0,1000,109500
20240207,11:44:01,58.75,200,109500
20240207,11:44:37,57.8,50,110550
20240207,11:45:22,58.45,150,110550
20240207,11:46:13,57.25,50,110550
20240207,11:46:21,57.65,100,110550
20240207,11:46:47,57.3,500,110550
20240207,11:46:55,57.5,700,110550
20240207,11:47:12,57.3,100,111200
20240207,11:47:46,57.0,50,111200
20240207,11:48:12,57.7,500,111200
20240207,11:48:29,57.2,150,111200
20240207,11:49:19,56.5,600,111200
20240207,11:49:28,56.5,750,111200
20240207,11:50:01,56.2,300,111200
20240207,11:50:10,56.05,650,113150
20240207,11:50:18,56.5,350,113150
20240207,11:50:27,56.8,1000,113150
20240207,11:51:27,56.5,300,113150
20240207,11:53:24,57.25,50,114750
20240207,11:54:06,57.35,50,114750
20240207,11:54:31,57.95,50,114750
20240207,11:55:13,58.4,50,114750
20240207,11:55:30,58.95,100,114750
20240207,11:56:33,59.85,200,114800
20240207,11:56:44,59.7,400,114800
20240207,11:57:02,59.95,50,114800
20240207,11:57:21,60.05,150,114800
20240207,11:57:58,60.4,50,114800
20240207,11:58:36,60.2,50,114800
20240207,11:58:54,59.85,100,114800
20240207,11:59:10,59.8,50,115000
20240207,12:00:42,59.0,50,115000
20240207,12:00:59,58.55,350,115000
20240207,12:01:25,57.85,50,115000
20240207,12:03:04,57.65,50,115200
20240207,12:09:07,56.55,50,115200
20240207,12:09:24,57.1,50,115200
20240207,12:09:49,57.25,100,115200
20240207,12:10:46,57.5,250,115200
20240207,12:13:00,57.65,50,115500
20240207,12:13:17,57.95,50,115500
20240207,12:14:00,58.35,150,115500
20240207,12:16:35,58.0,100,115650
20240207,12:20:30,57.2,150,115750
20240207,12:21:42,57.15,50,115750
20240207,12:22:47,57.4,150,115750
20240207,12:23:03,57.45,50,115750
20240207,12:26:58,57.5,200,115850
20240207,12:27:31,57.15,50,115850
20240207,12:30:59,57.1,100,115750
20240207,12:31:07,57.15,50,115750
20240207,12:31:55,56.75,200,115750
20240207,12:32:28,56.15,50,115850
20240207,12:32:37,55.85,350,115850
20240207,12:33:23,55.25,300,115850
20240207,12:35:50,55.45,100,116050
20240207,12:37:43,56.0,50,116050
20240207,12:39:01,56.3,50,115950
20240207,12:40:00,56.4,50,115950
20240207,12:40:18,56.9,50,115950
20240207,12:40:27,57.4,150,115950
20240207,12:40:36,57.4,250,115950
20240207,12:41:02,56.75,100,115950
20240207,12:43:12,56.5,100,116000
20240207,12:44:52,56.6,50,116000
20240207,12:46:40,56.6,200,116000
20240207,12:47:06,56.5,100,116000
20240207,12:47:15,56.6,50,116000
20240207,12:50:59,56.95,50,116200
20240207,12:58:54,56.0,50,116250
20240207,12:59:02,56.0,100,116250
20240207,12:59:19,56.0,50,116400
20240207,13:00:43,56.5,50,116400
20240207,13:00:51,56.5,50,116400
20240207,13:01:08,56.15,50,116400
20240207,13:04:57,56.4,50,116550
20240207,13:06:03,56.35,50,116600
20240207,13:09:12,56.05,200,116600
20240207,13:17:25,55.45,50,116700
20240207,13:18:21,55.5,50,116700
20240207,13:21:37,55.15,200,116650
20240207,13:23:25,54.75,250,116600
20240207,13:23:42,55.15,50,116600
20240207,13:23:50,55.15,150,116600
20240207,13:24:32,54.65,50,116600
20240207,13:24:40,54.7,100,116600
20240207,13:31:46,56.05,50,117000
20240207,13:31:54,55.8,50,117000
20240207,13:32:21,55.3,50,117000
20240207,13:33:06,54.6,50,117150
20240207,13:34:45,54.0,50,117150
20240207,13:35:48,54.45,50,117200
20240207,13:36:24,54.1,150,117200
20240207,13:36:41,54.0,1100,117200
20240207,13:36:50,54.0,850,117200
20240207,13:39:14,53.85,150,119100
20240207,13:41:07,52.15,50,119100
20240207,13:41:45,51.9,450,119000
20240207,13:42:25,51.5,50,119000
20240207,13:44:22,51.4,100,119000
20240207,13:44:31,51.85,100,119000
20240207,13:45:45,52.25,100,119000
20240207,13:45:54,52.25,100,119000
20240207,13:46:13,52.45,200,119000
20240207,13:46:22,52.9,1150,119000
20240207,13:46:50,53.25,150,119000
20240207,13:48:58,53.9,50,119500
20240207,13:49:26,54.0,300,119500
20240207,13:51:27,53.8,50,119550
20240207,13:52:27,54.2,50,119550
20240207,13:52:53,54.15,100,119550
20240207,13:53:35,54.25,100,119550
20240207,13:53:52,53.75,50,119550
20240207,13:54:26,53.75,100,119550
20240207,13:55:08,53.9,50,119550
20240207,13:55:16,54.25,100,119550
20240207,13:55:33,54.05,50,119550
20240207,13:56:23,54.2,200,119550
20240207,14:00:03,52.35,300,119700
20240207,14:00:12,52.55,250,119700
20240207,14:02:42,52.55,50,119800
20240207,14:03:09,52.0,500,119800
20240207,14:03:18,52.0,500,119800
20240207,14:03:27,52.5,50,119800
20240207,14:03:45,52.75,50,119800
20240207,14:04:56,52.6,200,119800
20240207,14:05:04,52.85,250,119800
20240207,14:05:13,52.9,200,119800
20240207,14:05:31,52.95,100,120750
20240207,14:05:40,53.1,100,120750
20240207,14:05:57,52.85,50,120750
20240207,14:06:40,52.7,100,120750
20240207,14:06:57,52.75,50,120750
20240207,14:07:23,52.65,100,120750
20240207,14:07:59,51.95,50,120750
20240207,14:08:10,51.8,100,120750
20240207,14:08:39,51.75,100,120800
20240207,14:09:00,51.5,150,120800
20240207,14:09:19,51.8,100,120800
20240207,14:11:01,51.7,150,120800
20240207,14:11:12,51.6,50,120800
20240207,14:11:42,51.05,50,121000
20240207,14:12:39,51.05,50,121000
20240207,14:12:57,51.4,50,121000
20240207,14:15:06,51.35,150,120900
20240207,14:16:16,51.75,50,120900
20240207,14:16:25,51.8,50,120900
20240207,14:16:34,52.0,100,120900
20240207,14:17:39,52.1,100,121100
20240207,14:18:43,51.9,50,121100
20240207,14:18:53,51.7,450,121100
20240207,14:19:38,51.45,100,121100
20240207,14:19:47,51.55,100,121100
20240207,14:20:32,51.15,200,121100
20240207,14:20:42,51.05,100,121150
20240207,14:21:23,50.5,200,121150
20240207,14:23:12,50.5,250,121150
20240207,14:23:56,50.9,500,121250
20240207,14:24:05,50.55,200,121250
20240207,14:24:22,50.55,50,121250
20240207,14:26:05,50.35,100,121250
20240207,14:27:48,50.35,100,121150
20240207,14:27:57,50.8,200,121150
20240207,14:28:06,51.25,100,121150
20240207,14:28:42,51.45,50,121150
20240207,14:29:35,51.55,100,121400
20240207,14:29:54,51.55,100,121400
20240207,14:30:03,51.5,50,121400
20240207,14:31:13,51.65,100,121400
20240207,14:31:31,51.6,300,121400
20240207,14:31:58,52.0,50,121400
20240207,14:32:42,51.65,100,121400
20240207,14:33:34,52.15,50,121400
20240207,14:34:52,52.7,250,121400
20240207,14:36:11,52.35,100,121400
20240207,14:37:48,51.9,200,121400
20240207,14:38:52,52.95,100,121550
20240207,14:39:13,53.75,100,121550
20240207,14:39:59,53.05,50,121550
20240207,14:40:09,53.25,300,121550
20240207,14:40:30,53.75,50,121550
20240207,14:40:58,53.55,150,121550
20240207,14:44:22,52.5,300,121650
20240207,14:44:31,52.5,200,121650
20240207,14:45:15,52.1,50,121550
20240207,14:45:32,51.95,50,121550
20240207,14:45:41,51.95,50,121550
20240207,14:46:16,52.45,100,121550
20240207,14:46:43,52.0,50,121550
20240207,14:47:01,51.95,50,121550
20240207,14:49:52,52.65,350,121750
20240207,14:54:07,51.2,50,122000
20240207,14:54:16,51.0,100,122000
20240207,14:54:34,51.1,50,122000
20240207,14:58:06,51.8,100,122100
20240207,14:58:40,51.65,50,122100
20240207,14:59:16,52.25,50,122100
20240207,14:59:54,53.0,100,122000
20240207,15:09:19,51.2,50,122000
20240207,15:11:09,50.75,50,122000
20240207,15:13:19,51.0,50,122000
20240207,15:13:28,50.55,50,122000
20240207,15:13:37,50.5,50,122000
20240207,15:14:46,50.4,100,122000
20240207,15:14:55,50.4,150,122000
20240207,15:15:04,50.15,150,122000
20240207,15:15:40,50.0,50,122000
20240207,15:15:50,49.9,50,122000
20240207,15:15:58,49.9,50,122000
20240207,15:16:25,49.9,50,122000
20240207,15:16:43,50.0,500,122000
20240207,15:17:37,50.25,100,122000
20240207,15:18:27,50.45,50,121800
20240207,15:18:35,50.4,100,121800
20240207,15:20:52,50.65,50,121750
20240207,15:22:22,50.6,50,121750
20240207,15:23:09,50.1,150,121750
20240207,15:24:21,50.4,50,121750
20240207,15:24:29,50.15,50,121750
20240207,15:25:34,50.2,50,121750
20240207,15:25:43,50.2,200,121750
20240207,15:27:10,50.15,50,121500
20240207,15:27:35,49.75,800,121500
20240207,15:28:00,49.7,500,121500
20240207,15:28:19,49.7,500,121500
20240207,15:28:32,50.2,50,121500
20240207,15:28:52,49.85,50,121500
20240207,15:29:10,50.2,1000,121500
20240207,15:29:19,50.0,1850,121500
20240207,15:29:47,50.0,1850,123900
20240207,15:29:59,50.4,50,123900
20240208,09:17:04,48.65,1,125700
20240208,09:17:04,48.55,150,125700
20240208,09:17:13,48.15,50,125700
20240208,09:17:29,48.1,150,125700
20240208,09:17:37,48.35,200,125700
20240208,09:17:54,47.85,250,125700
20240208,09:18:25,48.3,200,125700
20240208,09:21:17,46.9,3000,125600
20240208,09:21:38,46.9,200,125600
20240208,09:21:59,47.65,50,125600
20240208,09:22:10,47.75,300,125600
20240208,09:22:19,47.7,50,125600
20240208,09:23:14,48.25,50,123050
20240208,09:23:31,48.45,150,123050
20240208,09:24:15,48.9,50,123050
20240208,09:24:24,49.4,50,123050
20240208,09:24:51,49.4,1800,123050
20240208,09:25:00,49.95,1550,123050
20240208,09:25:20,49.95,1100,123050
20240208,09:26:30,48.4,1800,123350
20240208,09:27:31,48.45,1800,123350
20240208,09:27:49,48.75,50,123350
20240208,09:28:07,48.95,1350,123350
20240208,09:30:13,48.9,100,125850
20240208,09:30:30,49.15,50,125850
20240208,09:30:39,49.15,2500,125850
20240208,09:30:48,49.1,100,125850
20240208,09:32:33,49.1,50,123200
20240208,09:33:10,49.25,50,123200
20240208,09:33:18,49.3,200,123200
20240208,09:33:27,49.5,50,123200
20240208,09:33:36,49.8,200,123200
20240208,09:33:45,49.5,400,123200
20240208,09:34:21,49.5,300,123200
20240208,09:36:21,49.95,50,122600
20240208,09:36:46,49.6,50,122600
20240208,09:38:01,49.9,350,122600
20240208,09:38:28,50.15,50,122600
20240208,09:38:37,50.15,50,122600
20240208,09:39:31,50.65,150,122600
20240208,09:40:16,50.65,50,122600
20240208,09:40:25,50.5,50,122600
20240208,09:40:34,50.0,250,122600
20240208,09:41:08,50.0,50,121900
20240208,09:41:42,50.2,150,121900
20240208,09:42:08,50.6,50,121900
20240208,09:42:18,50.95,50,121900
20240208,09:42:27,51.0,350,121900
20240208,09:42:36,51.0,400,121900
20240208,09:43:14,51.0,150,121900
20240208,09:45:14,51.0,50,121250
20240208,09:45:59,50.35,50,121250
20240208,09:46:16,50.55,50,121250
20240208,09:46:35,50.9,600,121250
20240208,09:46:46,50.5,100,121250
20240208,09:46:56,50.35,50,121400
20240208,09:47:04,50.4,250,121400
20240208,09:47:48,49.9,500,121400
20240208,09:48:06,49.9,50,121400
20240208,09:48:22,49.9,100,121400
20240208,09:48:30,49.9,150,121400
20240208,09:48:39,49.9,50,121400
20240208,09:48:47,49.9,200,121400
20240208,09:49:12,49.9,400,121400
20240208,09:49:20,49.9,350,121400
20240208,09:50:03,50.15,800,119800
20240208,09:50:11,50.15,1000,119800
20240208,09:51:12,50.3,1800,119800
20240208,09:51:39,50.35,100,119800
20240208,09:51:49,51.1,200,119800
20240208,09:52:13,51.1,100,119800
20240208,09:52:20,50.45,50,119800
20240208,09:52:52,50.2,550,122950
20240208,09:53:00,50.2,250,122950
20240208,09:53:08,49.95,50,122950
20240208,09:53:17,50.2,250,122950
20240208,09:53:41,50.15,1900,122950
20240208,09:54:15,49.55,750,122950
20240208,09:57:26,49.95,450,126350
20240208,09:59:10,49.6,50,126700
20240208,09:59:27,49.6,50,126700
20240208,10:00:01,50.0,250,126700
20240208,10:00:11,50.7,200,126700
20240208,10:00:21,50.7,200,126700
20240208,10:03:01,50.1,50,126950
20240208,10:04:02,49.5,100,126950
20240208,10:04:10,49.35,200,126950
20240208,10:04:19,49.2,50,126950
20240208,10:04:36,49.2,150,126950
20240208,10:04:54,48.45,50,127200
20240208,10:05:07,46.8,600,127200
20240208,10:05:18,46.8,50,127200
20240208,10:07:20,48.8,100,127200
20240208,10:08:35,49.45,50,127200
20240208,10:09:07,49.6,50,127200
20240208,10:09:19,50.45,850,127200
20240208,10:09:31,50.7,200,127200
20240208,10:09:52,50.35,100,127200
20240208,10:10:01,50.65,50,127200
20240208,10:10:13,51.45,350,127200
20240208,10:10:24,50.95,250,127200
20240208,10:10:34,50.95,100,127200
20240208,10:11:04,50.65,100,127400
20240208,10:11:14,51.0,100,127400
20240208,10:11:23,51.1,100,127400
20240208,10:11:32,50.65,150,127400
20240208,10:13:22,51.25,50,127400
20240208,10:14:08,50.75,50,127500
20240208,10:14:28,50.2,50,127500
20240208,10:14:56,50.95,50,127500
20240208,10:15:06,50.4,550,127500
20240208,10:15:48,52.4,200,127500
20240208,10:16:00,52.45,100,127500
20240208,10:16:12,53.1,200,127500
20240208,10:16:45,52.6,100,127500
20240208,10:16:55,52.3,250,127500
20240208,10:17:15,52.05,150,127650
20240208,10:18:31,51.5,150,127650
20240208,10:18:50,51.85,300,127650
20240208,10:18:59,51.95,50,127650
20240208,10:19:08,51.8,100,127650
20240208,10:20:05,51.0,400,127800
20240208,10:23:11,50.75,50,127800
20240208,10:24:05,50.85,100,127800
20240208,10:26:21,49.6,50,127800
20240208,10:26:32,48.95,50,127800
20240208,10:27:02,48.25,400,127800
20240208,10:27:13,47.85,50,127800
20240208,10:27:54,48.25,100,127800
20240208,10:28:04,48.45,100,127800
20240208,10:28:14,48.1,250,127800
20240208,10:28:24,48.25,50,127800
20240208,10:28:33,48.0,100,127800
20240208,10:28:42,48.0,150,127800
20240208,10:28:51,48.05,150,127800
20240208,10:29:47,48.45,50,128000
20240208,10:33:04,48.0,100,128050
20240208,10:33:31,47.75,50,128050
20240208,10:33:40,47.85,50,128050
20240208,10:34:07,47.95,50,128050
20240208,10:36:12,47.9,50,128200
20240208,10:36:58,48.3,50,128200
20240208,10:37:07,48.5,200,128200
20240208,10:39:17,47.9,850,128400
20240208,10:39:55,47.6,50,128400
20240208,10:40:13,47.85,50,128400
20240208,10:41:10,48.15,150,129250
20240208,10:41:20,48.15,100,129250
20240208,10:41:31,49.45,100,129250
20240208,10:41:43,50.0,1250,129250
20240208,10:41:56,50.8,100,129250
20240208,10:42:07,51.1,100,129250
20240208,10:42:18,51.65,50,129250
20240208,10:43:41,52.55,550,129250
20240208,10:43:53,52.0,50,129250
20240208,10:44:42,52.0,50,131550
20240208,10:44:52,52.0,100,131550
20240208,10:45:12,52.75,50,131550
20240208,10:46:49,51.25,100,131550
20240208,10:46:59,51.35,100,131550
20240208,10:47:08,51.2,50,131750
20240208,10:47:36,52.0,150,131750
20240208,10:47:46,52.45,150,131750
20240208,10:47:55,52.55,50,131750
20240208,10:48:50,52.2,100,131750
20240208,10:48:59,52.25,500,131750
20240208,10:49:08,51.8,200,131750
20240208,10:49:54,51.4,50,131750
20240208,10:50:03,51.4,50,132700
20240208,10:50:12,51.3,50,132700
20240208,10:50:31,50.25,150,132700
20240208,10:50:42,50.15,50,132700
20240208,10:51:02,50.15,50,132700
20240208,10:51:22,50.1,450,132700
20240208,10:51:51,51.2,50,132700
20240208,10:52:19,51.0,550,132700
20240208,10:55:30,51.0,50,133100
20240208,10:55:48,51.6,150,133100
20240208,10:56:16,51.5,50,133100
20240208,10:57:46,53.0,700,133100
20240208,10:57:59,53.5,50,133100
20240208,10:58:12,54.2,350,133100
20240208,10:58:25,54.6,100,133100
20240208,10:58:36,54.6,100,133100
20240208,10:58:48,54.1,100,133100
20240208,10:59:11,55.0,200,133850
20240208,10:59:23,54.85,100,133850
20240208,10:59:34,54.55,50,133850
20240208,10:59:44,54.55,50,133850
20240208,11:00:05,54.9,50,133850
20240208,11:00:17,55.3,200,133850
20240208,11:00:29,56.05,100,133850
20240208,11:00:41,56.15,800,133850
20240208,11:00:54,55.05,1000,133850
20240208,11:01:05,55.0,50,133850
20240208,11:01:54,55.7,50,133850
20240208,11:02:26,56.9,50,135350
20240208,11:02:38,56.9,100,135350
20240208,11:03:03,58.55,150,135350
20240208,11:03:18,59.1,500,135350
20240208,11:04:03,59.35,50,135350
20240208,11:04:15,60.25,350,135350
20240208,11:04:27,61.45,250,135350
20240208,11:04:53,61.65,150,135350
20240208,11:05:18,61.65,200,135750
20240208,11:05:42,62.0,2000,135750
20240208,11:06:16,62.0,150,135750
20240208,11:06:39,59.1,50,135750
20240208,11:07:00,59.25,200,135750
20240208,11:07:10,60.05,250,135750
20240208,11:07:32,60.15,50,135750
20240208,11:07:55,58.9,100,135750
20240208,11:08:06,58.5,300,137750
20240208,11:08:16,58.5,200,137750
20240208,11:08:27,59.0,500,137750
20240208,11:08:57,60.5,200,137750
20240208,11:09:17,60.8,50,137750
20240208,11:09:37,60.6,100,137750
20240208,11:09:58,61.15,150,137750
20240208,11:10:09,61.05,50,137750
20240208,11:10:21,62.0,100,137750
20240208,11:10:33,62.0,900,137750
20240208,11:10:44,61.55,100,137750
20240208,11:11:16,60.75,100,138950
20240208,11:11:27,59.5,300,138950
20240208,11:11:49,59.15,50,138950
20240208,11:11:59,59.15,250,138950
20240208,11:12:09,59.05,200,138950
20240208,11:12:19,58.85,50,138950
20240208,11:12:29,59.1,50,138950
20240208,11:12:38,58.85,50,138950
20240208,11:13:08,60.15,50,138950
20240208,11:13:46,60.0,50,138950
20240208,11:13:55,60.1,100,138950
20240208,11:15:01,61.0,1000,139250
20240208,11:15:11,60.9,50,139250
20240208,11:15:48,61.3,100,139250
20240208,11:15:58,61.25,150,139250
20240208,11:16:36,61.25,50,139250
20240208,11:16:46,60.35,150,139250
20240208,11:16:56,60.1,50,139250
20240208,11:17:48,60.4,100,140400
20240208,11:18:36,59.8,100,140400
20240208,11:18:55,59.2,50,140400
20240208,11:19:06,58.8,100,140400
20240208,11:19:35,59.75,400,140400
20240208,11:20:52,59.95,150,140400
20240208,11:21:02,59.95,150,140400
20240208,11:21:12,59.3,50,140400
20240208,11:22:00,59.15,50,140400
20240208,11:22:10,59.5,50,140400
20240208,11:22:29,60.0,150,140400
20240208,11:23:57,60.35,50,140550
20240208,11:24:08,60.35,50,140550
20240208,11:24:17,60.35,50,140550
20240208,11:24:27,60.1,100,140550
20240208,11:25:05,59.7,50,140550
20240208,11:25:14,59.7,50,140550
20240208,11:25:24,59.55,50,140550
20240208,11:25:53,59.7,50,140550
20240208,11:26:02,59.7,50,140550
20240208,11:26:20,59.7,1000,140500
20240208,11:27:08,58.85,100,140500
20240208,11:28:44,58.25,50,140500
20240208,11:29:05,57.3,1000,140500
20240208,11:29:26,57.25,150,141450
20240208,11:30:04,58.25,150,141450
20240208,11:31:59,58.9,100,141450
20240208,11:32:39,59.9,50,140850
20240208,11:35:02,60.45,250,140850
20240208,11:35:11,61.0,200,140950
20240208,11:36:45,59.9,50,140950
20240208,11:37:04,59.7,50,140950
20240208,11:37:13,59.6,100,140950
20240208,11:37:23,59.25,400,140950
20240208,11:37:32,59.2,250,140950
20240208,11:42:18,59.25,100,141100
20240208,11:43:06,58.25,50,141100
20240208,11:45:50,58.85,100,141200
20240208,11:46:00,59.0,50,141200
20240208,11:46:09,59.0,100,141200
20240208,11:46:39,59.0,50,141200
20240208,11:47:27,58.0,50,141450
20240208,11:47:46,57.95,50,141450
20240208,11:50:06,57.6,500,141450
20240208,11:53:31,56.65,50,141500
20240208,11:53:52,56.05,50,141500
20240208,11:54:03,55.1,50,141500
20240208,11:54:24,55.1,50,141500
20240208,11:55:12,55.9,150,141500
20240208,11:58:03,56.9,50,141650
20240208,11:58:24,57.75,50,141650
20240208,11:58:33,57.75,200,141650
20240208,12:00:44,57.0,100,141750
20240208,12:00:54,57.3,50,141750
20240208,12:01:03,57.1,100,141750
20240208,12:03:13,56.5,600,141850
20240208,12:08:31,56.4,250,141850
20240208,12:08:50,55.95,100,141850
20240208,12:09:27,56.0,50,141850
20240208,12:11:46,55.65,150,141850
20240208,12:12:15,55.15,50,141850
20240208,12:12:25,55.1,950,141850
20240208,12:13:15,54.5,50,141850
20240208,12:15:56,54.95,50,141850
20240208,12:16:24,55.25,50,141850
20240208,12:16:43,55.25,100,141850
20240208,12:16:53,55.25,50,141850
20240208,12:18:55,55.75,50,142100
20240208,12:19:33,55.9,50,142100
20240208,12:19:43,56.3,50,142100
20240208,12:21:01,56.5,150,142150
20240208,12:21:12,56.9,50,142150
20240208,12:21:23,57.3,50,142150
20240208,12:21:33,57.1,100,142150
20240208,12:23:01,57.55,100,142150
20240208,12:23:11,58.0,50,142150
20240208,12:23:22,58.35,50,142150
20240208,12:26:27,56.75,50,142400
20240208,12:26:56,56.75,50,142400
20240208,12:28:13,56.95,50,142400
20240208,12:28:51,57.4,200,142400
20240208,12:29:11,57.7,50,142400
20240208,12:29:20,57.75,50,142450
20240208,12:29:49,57.6,250,142450
20240208,12:29:59,57.25,100,142450
20240208,12:30:09,57.55,150,142450
20240208,12:30:19,57.65,50,142450
20240208,12:30:28,57.55,50,142450
20240208,12:30:47,57.9,50,142450
20240208,12:31:06,57.75,50,142450
20240208,12:31:54,58.1,150,142450
20240208,12:32:04,58.35,50,142450
20240208,12:33:23,57.8,150,142700
20240208,12:33:43,57.35,50,142700
20240208,12:35:08,56.3,50,142700
20240208,12:46:24,55.5,50,142650
20240208,12:46:34,55.5,100,142650
20240208,12:47:00,55.5,300,142650
20240208,12:51:14,55.5,50,143100
20240208,12:52:49,55.95,250,143100
20240208,12:53:16,55.65,100,143100
20240208,12:59:15,55.45,50,143400
20240208,13:00:22,54.0,200,143400
20240208,13:00:31,54.25,50,143400
20240208,13:00:49,54.45,50,143400
20240208,13:01:08,54.9,50,143400
20240208,13:01:27,55.45,100,143400
20240208,13:02:05,55.9,100,143400
20240208,13:02:15,56.0,150,143400
20240208,13:03:53,56.1,4550,144050
20240208,13:04:02,55.5,650,144050
20240208,13:04:11,56.15,50,144050
20240208,13:04:37,56.2,50,144050
20240208,13:05:12,55.95,50,144050
20240208,13:05:39,56.05,50,149100
20240208,13:10:04,54.85,100,149100
20240208,13:12:10,54.65,50,149100
20240208,13:12:27,54.2,50,149100
20240208,13:12:44,54.2,50,149100
20240208,13:12:54,53.8,50,149100
20240208,13:13:14,54.0,250,149100
20240208,13:23:33,54.6,300,149100
20240208,13:23:42,54.65,50,149100
20240208,13:24:10,54.3,50,149100
20240208,13:24:20,54.5,150,149100
20240208,13:24:30,55.05,50,149100
20240208,13:24:49,55.15,100,149100
20240208,13:25:35,54.65,50,149100
20240208,13:25:43,54.65,50,149100
20240208,13:28:14,55.05,100,149450
20240208,13:28:48,54.5,50,149450
20240208,13:29:45,54.3,50,149450
20240208,13:29:53,54.2,50,149450
20240208,13:31:13,54.85,50,149450
20240208,13:31:37,54.45,50,149450
20240208,13:32:02,54.8,50,149450
20240208,13:32:34,54.75,50,149650
20240208,13:33:15,54.75,50,149650
20240208,13:34:01,54.85,50,149650
20240208,13:34:31,55.0,250,149650
20240208,13:35:49,55.0,50,149900
20240208,13:42:20,55.45,50,149950
20240208,13:44:24,54.9,50,149950
20240208,13:44:41,54.8,150,149950
20240208,13:47:33,55.25,300,150100
20240208,13:49:41,55.6,150,150100
20240208,13:51:22,55.05,50,150400
20240208,13:51:29,55.05,50,150400
20240208,13:52:27,55.4,100,150400
20240208,13:52:38,56.0,400,150400
20240208,13:53:12,56.25,100,150400
20240208,13:53:22,56.5,50,150400
20240208,13:53:45,56.3,100,150550
20240208,13:54:05,56.85,400,150550
20240208,13:54:16,56.6,1200,150550
20240208,13:54:44,56.9,50,150550
20240208,13:55:35,57.3,50,150550
20240208,13:55:52,56.5,150,150550
20240208,13:56:01,56.8,200,150550
20240208,13:58:00,57.25,50,151650
20240208,13:58:25,57.15,50,151650
20240208,13:59:13,56.85,100,151650
20240208,13:59:55,56.55,50,151650
20240208,14:01:02,56.5,100,151650
20240208,14:01:12,56.3,50,151650
20240208,14:01:21,56.0,350,151650
20240208,14:01:30,56.25,500,151650
20240208,14:02:04,56.8,50,151650
20240208,14:02:21,56.7,50,151650
20240208,14:02:29,56.65,50,151650
20240208,14:02:38,56.35,100,152550
20240208,14:02:47,56.35,100,152550
20240208,14:03:10,56.9,200,152550
20240208,14:03:19,57.1,250,152550
20240208,14:03:30,57.9,150,152550
20240208,14:03:41,57.55,50,152550
20240208,14:03:52,57.1,150,152550
20240208,14:04:02,57.55,50,152550
20240208,14:04:57,58.0,550,152550
20240208,14:05:19,58.0,650,152550
20240208,14:05:30,58.0,250,153900
20240208,14:05:41,58.45,150,153900
20240208,14:06:02,58.8,50,153900
20240208,14:06:45,58.8,50,153900
20240208,14:10:01,57.6,100,154150
20240208,14:10:11,57.55,50,154150
20240208,14:14:12,58.7,150,154100
20240208,14:14:46,59.0,500,154150
20240208,14:14:57,59.0,50,154150
20240208,14:15:08,59.4,50,154150
20240208,14:15:20,60.0,150,154150
20240208,14:15:54,60.05,100,154150
20240208,14:16:05,59.65,50,154150
20240208,14:16:26,59.65,100,154150
20240208,14:16:47,60.0,1050,154150
20240208,14:16:58,59.9,100,154150
20240208,14:17:19,60.3,200,154150
20240208,14:17:30,59.65,100,154150
20240208,14:18:45,58.0,50,155900
20240208,14:18:54,58.05,50,155900
20240208,14:23:57,60.6,150,156000
20240208,14:25:10,59.3,50,156000
20240208,14:25:30,59.6,50,156000
20240208,14:26:31,59.65,50,156000
20240208,14:26:42,60.05,200,156000
20240208,14:26:53,61.0,100,156250
20240208,14:27:16,60.8,100,156250
20240208,14:27:28,61.5,50,156250
20240208,14:27:40,62.0,100,156250
20240208,14:29:37,61.25,50,156400
20240208,14:30:09,61.65,200,156400
20240208,14:30:20,62.0,100,156400
20240208,14:30:30,61.6,150,156400
20240208,14:30:41,62.25,300,156400
20240208,14:31:02,62.65,350,156400
20240208,14:31:13,62.1,100,156400
20240208,14:31:36,63.35,200,156400
20240208,14:31:47,63.0,200,156400
20240208,14:31:59,63.0,200,156400
20240208,14:32:10,62.95,150,156400
20240208,14:32:21,63.1,50,156400
20240208,14:32:32,62.0,1000,156400
20240208,14:32:44,63.0,1700,157500
20240208,14:32:56,63.0,1000,157500
20240208,14:34:13,61.45,50,157500
20240208,14:34:34,61.9,50,157500
20240208,14:34:55,61.65,50,157500
20240208,14:35:50,62.7,150,157550
20240208,14:36:01,62.85,50,157550
20240208,14:36:23,62.85,50,157550
20240208,14:36:45,63.5,350,157550
20240208,14:36:57,64.3,250,157550
20240208,14:37:09,64.3,50,157550
20240208,14:37:43,63.85,50,157550
20240208,14:37:54,63.8,300,157550
20240208,14:39:12,65.45,350,157900
20240208,14:39:47,65.45,100,157900
20240208,14:40:09,68.85,5300,157900
20240208,14:40:20,65.45,600,157900
20240208,14:40:53,65.0,1150,157900
20240208,14:41:15,63.9,100,157900
20240208,14:42:09,63.0,300,159150
20240208,14:42:21,62.7,50,159150
20240208,14:43:05,62.4,50,159150
20240208,14:43:27,62.0,50,159150
20240208,14:44:00,62.4,50,159150
20240208,14:44:11,62.0,50,159150
20240208,14:45:23,62.1,50,159300
20240208,14:45:35,61.55,50,159300
20240208,14:47:07,62.05,50,159300
20240208,14:47:29,62.05,150,159300
20240208,14:47:40,62.75,50,159550
20240208,14:48:04,62.1,50,159550
20240208,14:51:04,62.6,100,159550
20240208,14:51:15,62.5,100,159550
20240208,14:51:27,63.35,50,159550
20240208,14:51:39,63.55,1000,159550
20240208,14:53:06,63.15,250,159550
20240208,14:54:52,63.2,100,159600
20240208,14:55:03,63.25,100,159600
20240208,14:55:13,63.75,150,159600
20240208,14:55:24,63.8,350,159600
20240208,14:55:57,64.8,50,159600
20240208,14:56:08,64.7,350,159600
20240208,14:56:40,64.7,850,159650
20240208,14:57:02,64.35,200,159650
20240208,14:57:34,64.2,150,159650
20240208,14:57:44,64.65,100,159650
20240208,14:57:55,65.05,400,159650
20240208,14:58:06,65.25,200,159650
20240208,14:58:29,65.55,300,159650
20240208,14:58:41,65.7,50,159650
20240208,14:58:53,66.15,1450,159650
20240208,14:59:05,66.1,450,159650
20240208,14:59:16,66.25,250,159650
20240208,14:59:28,66.05,100,159650
20240208,14:59:40,66.05,150,159650
20240208,15:00:14,66.0,300,160150
20240208,15:00:50,64.8,100,160150
20240208,15:01:37,66.35,250,160150
20240208,15:02:11,66.15,50,160150
20240208,15:02:34,66.2,50,160150
20240208,15:02:45,66.45,50,160150
20240208,15:02:56,66.9,50,160150
20240208,15:03:08,66.95,150,160150
20240208,15:03:21,67.5,600,160150
20240208,15:03:34,67.1,100,160150
20240208,15:03:46,67.0,150,160150
20240208,15:03:58,67.3,100,160150
