date,time,tick_price,volume,open_interest
20240129,14:19:23,400.0,50,50
20240130,09:26:18,405.0,1,50
20240130,09:26:18,405.0,50,50
20240130,11:35:01,405.0,50,100
20240130,12:00:18,395.15,50,150
20240130,12:07:30,395.15,50,200
20240130,12:09:01,409.45,300,200
20240130,12:25:30,416.55,50,500
20240130,12:26:23,416.55,50,500
20240130,12:41:26,407.9,50,500
20240130,12:47:10,418.7,650,550
20240130,14:29:37,465.0,50,1200
20240130,14:31:46,485.0,50,1250
20240130,15:01:10,509.2,50,1300
20240130,15:01:23,523.05,100,1300
20240130,15:01:35,523.05,50,1300
20240130,15:01:48,526.15,50,1300
20240130,15:21:14,534.95,600,1500
20240130,15:24:06,515.9,50,1500
20240130,15:24:26,516.85,150,1550
20240130,15:24:36,516.95,50,1550
20240130,15:24:45,517.55,50,1550
20240130,15:28:07,515.0,50,1750
20240201,15:13:46,367.85,1,1800
20240201,15:13:46,367.85,50,1800
20240201,15:14:03,369.15,500,1800
20240201,15:20:11,369.15,500,1800
20240201,15:23:22,365.2,100,1800
20240201,15:28:16,365.2,100,1900
20240201,15:29:37,373.15,50,1900
20240202,09:16:06,252.85,1,1950
20240202,09:16:06,252.85,450,1950
20240202,09:16:24,248.4,650,1950
20240202,09:16:52,248.4,100,1950
20240202,09:17:07,247.7,250,1950
20240202,09:17:13,248.2,100,1950
20240202,09:17:34,248.7,100,3450
20240202,09:18:02,246.55,50,3450
20240202,09:18:07,243.0,50,3450
20240202,09:18:17,240.15,50,3450
20240202,09:18:31,240.15,150,3450
20240202,09:18:44,240.25,200,3450
20240202,09:18:47,240.0,50,3450
20240202,09:18:57,239.35,50,3450
20240202,09:19:04,239.1,50,3450
20240202,09:19:32,239.1,50,3450
20240202,09:20:05,231.7,100,3450
20240202,09:20:07,231.7,250,3450
20240202,09:20:09,233.0,100,3450
20240202,09:20:10,233.65,200,3450
20240202,09:20:14,233.7,100,3850
20240202,09:20:17,233.5,150,3850
20240202,09:20:22,232.2,50,3850
20240202,09:20:25,229.4,50,3850
20240202,09:20:30,229.4,50,3850
20240202,09:20:32,231.25,550,3850
20240202,09:20:33,231.65,50,3850
20240202,09:20:37,230.85,50,3850
20240202,09:20:42,230.7,50,3850
20240202,09:20:43,231.45,50,3850
20240202,09:20:45,231.7,150,3850
20240202,09:20:47,231.75,50,3850
20240202,09:20:48,232.0,50,3850
20240202,09:20:52,229.15,50,3850
20240202,09:20:53,229.15,1000,3850
20240202,09:20:57,229.25,50,3850
20240202,09:21:02,229.3,50,3850
20240202,09:21:05,228.0,50,3850
20240202,09:21:06,227.45,50,3850
20240202,09:21:10,227.45,50,3850
20240202,09:21:11,227.4,200,3850
20240202,09:21:13,228.8,50,3850
20240202,09:21:16,226.25,200,3850
20240202,09:21:18,226.15,150,3850
20240202,09:21:20,226.15,50,3850
20240202,09:21:21,228.3,150,3850
20240202,09:21:23,229.65,200,3850
20240202,09:21:25,230.15,250,3850
20240202,09:21:26,230.95,100,3850
20240202,09:21:30,231.0,150,3850
20240202,09:21:33,229.6,150,3850
20240202,09:21:35,231.55,100,3850
20240202,09:21:36,230.15,200,3850
20240202,09:21:38,228.9,50,3850
20240202,09:21:40,230.3,50,3850
20240202,09:21:41,229.0,50,3850
20240202,09:21:43,227.7,400,3850
20240202,09:21:48,226.7,50,3850
20240202,09:21:51,225.8,50,3850
20240202,09:21:56,224.4,50,3850
20240202,09:21:58,224.4,150,3850
20240202,09:22:03,222.75,50,3850
20240202,09:22:04,222.75,1000,3850
20240202,09:22:08,222.95,50,3850
20240202,09:22:09,223.4,100,3850
20240202,09:22:13,222.0,150,3850
20240202,09:22:14,222.0,50,3850
20240202,09:22:23,221.05,50,3850
20240202,09:22:34,220.15,50,3850
20240202,09:22:41,218.0,1050,3850
20240202,09:22:48,218.55,50,3850
20240202,09:22:51,216.45,100,3850
20240202,09:23:01,219.0,50,3850
20240202,09:23:04,217.8,100,3850
20240202,09:23:09,217.95,50,3850
20240202,09:23:11,218.05,500,3850
20240202,09:23:30,216.0,500,9550
20240202,09:23:35,216.0,50,9550
20240202,09:23:50,215.35,150,9550
20240202,09:23:54,215.35,50,9550
20240202,09:24:07,214.95,50,9550
20240202,09:24:08,214.95,1000,9550
20240202,09:24:22,216.5,100,9550
20240202,09:24:27,216.0,50,9550
20240202,09:24:28,216.65,200,9550
20240202,09:24:30,216.65,50,9550
20240202,09:24:33,216.85,250,9550
20240202,09:24:47,215.1,200,9550
20240202,09:24:50,214.3,100,9550
20240202,09:24:57,212.85,50,9550
20240202,09:25:00,211.75,100,9550
20240202,09:25:05,211.55,200,9550
20240202,09:25:13,211.55,50,9550
20240202,09:25:15,213.7,50,9550
20240202,09:25:21,213.5,50,9550
20240202,09:25:23,211.7,100,9550
20240202,09:25:26,210.75,150,9550
20240202,09:25:36,210.75,50,9550
20240202,09:25:41,215.1,800,9550
20240202,09:25:51,214.9,350,9550
20240202,09:25:53,216.65,1050,9550
20240202,09:25:56,217.2,400,9550
20240202,09:26:01,217.7,150,9550
20240202,09:26:09,216.95,50,9550
20240202,09:26:12,218.1,100,9550
20240202,09:26:19,218.9,100,14050
20240202,09:26:20,219.25,150,14050
20240202,09:26:22,218.85,50,14050
20240202,09:26:27,217.3,1050,14050
20240202,09:26:37,219.15,50,14050
20240202,09:26:38,217.95,200,14050
20240202,09:26:49,218.45,50,14050
20240202,09:26:57,218.05,250,14050
20240202,09:26:59,217.25,1000,14050
20240202,09:27:00,216.9,50,14050
20240202,09:27:07,215.55,150,14050
20240202,09:27:08,215.1,50,14050
20240202,09:27:12,213.5,700,14050
20240202,09:27:20,211.3,50,14050
20240202,09:27:27,211.65,100,14050
20240202,09:27:53,213.55,100,14050
20240202,09:27:55,213.8,100,14050
20240202,09:27:58,213.55,50,14050
20240202,09:28:03,213.05,50,14050
20240202,09:28:13,212.9,150,14050
20240202,09:28:17,212.8,50,14050
20240202,09:28:22,212.0,50,14050
20240202,09:28:23,211.8,50,14050
20240202,09:28:27,212.15,100,14050
20240202,09:28:50,211.0,50,14050
20240202,09:28:56,211.1,150,14050
20240202,09:29:02,211.5,50,14050
20240202,09:29:25,210.85,50,17200
20240202,09:29:27,210.0,400,17200
20240202,09:29:30,210.0,50,17200
20240202,09:29:32,210.0,50,17200
20240202,09:29:43,211.5,50,17200
20240202,09:29:50,212.4,100,17200
20240202,09:29:53,212.6,50,17200
20240202,09:29:57,212.85,250,17200
20240202,09:30:02,212.35,50,17200
20240202,09:30:04,211.15,50,17200
20240202,09:30:05,212.3,50,17200
20240202,09:30:14,214.25,200,17200
20240202,09:30:20,214.2,250,17200
20240202,09:30:40,214.35,50,17200
20240202,09:30:43,213.95,150,17200
20240202,09:31:14,212.15,50,17200
20240202,09:31:19,212.25,50,17200
20240202,09:31:21,211.35,50,17200
20240202,09:31:31,212.55,100,17200
20240202,09:31:39,213.4,100,17200
20240202,09:32:03,213.6,100,17200
20240202,09:32:08,213.15,300,17200
20240202,09:32:24,212.8,100,18050
20240202,09:32:33,212.25,50,18050
20240202,09:32:34,211.95,50,18050
20240202,09:32:49,210.0,100,18050
20240202,09:32:53,209.0,50,18050
20240202,09:32:54,209.0,100,18050
20240202,09:32:56,209.6,100,18050
20240202,09:32:59,209.0,50,18050
20240202,09:33:01,209.4,50,18050
20240202,09:33:16,211.35,250,18050
20240202,09:33:25,209.4,50,18050
20240202,09:33:40,208.9,100,18050
20240202,09:33:45,207.9,150,18050
20240202,09:33:50,208.0,50,18050
20240202,09:34:00,207.85,1300,18050
20240202,09:34:08,207.75,50,18050
20240202,09:34:10,207.0,300,18050
20240202,09:34:15,206.5,50,18050
20240202,09:34:18,205.3,250,18050
20240202,09:34:21,205.3,50,18050
20240202,09:34:26,205.0,50,18050
20240202,09:34:28,204.65,800,18050
20240202,09:34:30,204.65,50,18050
20240202,09:34:46,205.65,250,18050
20240202,09:35:00,206.45,50,18050
20240202,09:35:11,208.2,50,18050
20240202,09:35:15,207.4,300,21150
20240202,09:35:16,207.25,100,21150
20240202,09:35:18,207.0,50,21150
20240202,09:35:20,206.0,100,21150
20240202,09:35:21,207.0,50,21150
20240202,09:35:33,206.9,50,21150
20240202,09:35:35,207.7,50,21150
20240202,09:35:43,207.25,100,21150
20240202,09:35:46,206.9,50,21150
20240202,09:35:50,206.9,50,21150
20240202,09:35:54,208.35,50,21150
20240202,09:35:56,208.2,100,21150
20240202,09:35:59,206.35,50,21150
20240202,09:36:16,208.4,50,21150
20240202,09:36:23,210.0,200,21150
20240202,09:36:25,208.8,50,21150
20240202,09:36:28,208.9,300,21150
20240202,09:36:36,208.35,150,21150
20240202,09:36:45,210.0,150,21150
20240202,09:36:53,212.0,250,21150
20240202,09:36:56,213.7,50,21150
20240202,09:36:58,214.05,100,21150
20240202,09:37:00,214.75,100,21150
20240202,09:37:03,212.95,100,21150
20240202,09:37:05,213.4,50,21150
20240202,09:37:06,213.8,50,21150
20240202,09:37:08,212.7,200,21150
20240202,09:37:16,215.1,350,21150
20240202,09:37:20,213.6,50,21150
20240202,09:37:23,212.9,150,21150
20240202,09:37:28,212.9,50,21150
20240202,09:37:33,210.55,50,21150
20240202,09:37:40,210.65,250,21150
20240202,09:37:47,211.5,50,21150
20240202,09:37:48,210.65,50,21150
20240202,09:37:55,210.35,300,21150
20240202,09:38:08,212.05,200,21150
20240202,09:38:12,212.1,50,21150
20240202,09:38:13,212.15,50,21150
20240202,09:38:17,211.9,50,22700
20240202,09:38:28,213.0,100,22700
20240202,09:38:32,212.9,100,22700
20240202,09:38:35,212.15,100,22700
20240202,09:38:45,211.0,50,22700
20240202,09:38:50,210.5,100,22700
20240202,09:38:58,210.45,50,22700
20240202,09:39:00,210.3,1000,22700
20240202,09:39:27,211.95,500,22700
20240202,09:39:32,210.3,50,22700
20240202,09:39:47,211.1,150,22700
20240202,09:39:49,212.1,100,22700
20240202,09:39:55,211.05,100,22700
20240202,09:39:57,211.05,150,22700
20240202,09:39:59,210.3,300,22700
20240202,09:40:17,210.75,50,22700
20240202,09:40:27,208.0,200,22700
20240202,09:40:30,207.6,50,22700
20240202,09:40:42,208.0,50,22700
20240202,09:40:44,207.0,50,22700
20240202,09:40:49,206.4,200,22700
20240202,09:41:05,207.0,50,22700
20240202,09:41:07,205.75,50,22700
20240202,09:41:08,205.0,400,22700
20240202,09:41:12,204.5,50,22700
20240202,09:41:18,204.5,50,25850
20240202,09:41:23,207.05,300,25850
20240202,09:41:25,208.0,50,25850
20240202,09:41:43,210.45,150,25850
20240202,09:41:57,208.0,250,25850
20240202,09:42:00,209.25,100,25850
20240202,09:42:15,209.85,600,25850
20240202,09:42:20,207.8,100,25850
20240202,09:42:24,208.25,50,25850
20240202,09:42:34,205.65,50,25850
20240202,09:42:39,206.65,100,25850
20240202,09:42:50,206.7,450,25850
20240202,09:42:59,206.2,50,25850
20240202,09:43:04,206.7,50,25850
20240202,09:43:05,207.0,400,25850
20240202,09:43:12,205.85,50,25850
20240202,09:43:25,208.85,50,25850
20240202,09:44:25,205.05,200,26800
20240202,09:44:38,206.9,500,26800
20240202,09:44:56,206.65,50,26800
20240202,09:45:01,205.5,50,26800
20240202,09:45:08,206.0,100,26800
20240202,09:45:11,207.5,150,26800
20240202,09:45:15,205.85,100,26800
20240202,09:45:39,207.15,50,26800
20240202,09:45:49,209.15,200,26800
20240202,09:45:56,210.0,300,26800
20240202,09:46:07,210.15,300,26800
20240202,09:46:22,210.15,100,26800
20240202,09:46:24,209.7,800,26800
20240202,09:46:25,208.9,100,26800
20240202,09:46:29,209.25,50,26800
20240202,09:46:34,209.55,150,26800
20240202,09:46:44,208.8,100,26800
20240202,09:46:46,207.15,100,26800
20240202,09:46:57,209.0,200,26800
20240202,09:47:22,210.6,250,27850
20240202,09:47:31,209.0,50,27850
20240202,09:47:54,206.5,100,27850
20240202,09:48:08,207.5,50,27850
20240202,09:48:26,210.15,50,27850
20240202,09:48:36,207.9,50,27850
20240202,09:48:58,210.0,150,27850
20240202,09:49:01,210.05,50,27850
20240202,09:49:09,209.95,50,27850
20240202,09:49:22,208.6,50,27850
20240202,09:49:51,206.65,100,27850
20240202,09:49:52,205.85,2200,27850
20240202,09:49:54,205.85,1450,27850
20240202,09:49:57,205.0,200,27850
20240202,09:50:04,205.0,50,27850
20240202,09:50:13,205.0,50,27850
20240202,09:50:23,204.0,50,31750
20240202,09:50:24,203.1,50,31750
20240202,09:50:28,202.35,50,31750
20240202,09:50:29,202.1,200,31750
20240202,09:50:39,202.1,50,31750
20240202,09:50:51,204.3,50,31750
20240202,09:51:06,202.95,450,31750
20240202,09:51:07,203.7,50,31750
20240202,09:51:17,200.95,1050,31750
20240202,09:51:31,200.95,50,31750
20240202,09:51:32,203.35,200,31750
20240202,09:51:39,201.85,50,31750
20240202,09:51:44,203.35,100,31750
20240202,09:51:54,203.05,50,31750
20240202,09:52:01,204.6,650,31750
20240202,09:52:02,204.0,100,31750
20240202,09:52:06,204.4,100,31750
20240202,09:52:16,201.75,50,31750
20240202,09:52:17,201.4,350,31750
20240202,09:52:21,202.5,100,31750
20240202,09:52:42,201.5,100,31750
20240202,09:52:46,201.15,100,31750
20240202,09:52:47,201.4,50,31750
20240202,09:52:54,202.9,150,31750
20240202,09:52:56,203.35,50,31750
20240202,09:52:59,204.05,50,31750
20240202,09:53:06,203.3,50,31750
20240202,09:53:21,201.55,50,32300
20240202,09:53:22,201.4,100,32300
20240202,09:53:24,200.4,1000,32300
20240202,09:53:27,200.0,350,32300
20240202,09:53:31,200.35,50,32300
20240202,09:53:34,199.9,200,32300
20240202,09:53:36,199.65,350,32300
20240202,09:53:39,199.3,50,32300
20240202,09:53:42,199.3,50,32300
20240202,09:53:51,201.2,50,32300
20240202,09:54:47,201.0,150,32300
20240202,09:54:49,201.0,150,32300
20240202,09:55:12,202.0,50,32300
20240202,09:55:26,201.0,700,32300
20240202,09:55:46,202.4,50,32300
20240202,09:56:03,204.05,50,32300
20240202,09:56:04,204.05,100,32300
20240202,09:56:18,204.35,100,34050
20240202,09:56:19,203.9,200,34050
20240202,09:56:26,203.95,200,34050
20240202,09:56:31,202.7,50,34050
20240202,09:56:38,202.0,50,34050
20240202,09:56:39,202.3,50,34050
20240202,09:57:08,203.95,250,34050
20240202,09:57:19,204.55,50,34050
20240202,09:57:43,203.4,50,34050
20240202,09:57:53,204.55,200,34050
20240202,09:58:06,202.0,50,34050
20240202,09:58:18,204.05,250,34050
20240202,09:58:19,204.1,200,34050
20240202,09:58:21,204.15,200,34050
20240202,09:58:23,204.05,150,34050
20240202,09:58:34,204.05,250,34050
20240202,09:58:48,204.2,50,34050
20240202,09:58:54,204.5,450,34050
20240202,09:58:59,204.3,200,34050
20240202,09:59:24,205.3,100,34200
20240202,09:59:28,204.05,50,34200
20240202,09:59:33,205.35,50,34200
20240202,09:59:46,203.85,50,34200
20240202,09:59:55,204.05,100,34200
20240202,09:59:56,202.95,2100,34200
20240202,10:00:03,200.6,1800,34200
20240202,10:00:06,201.35,150,34200
20240202,10:00:08,201.25,50,34200
20240202,10:00:11,201.25,100,34200
20240202,10:00:40,201.35,50,34200
20240202,10:01:31,197.0,50,34200
20240202,10:01:36,195.9,50,34200
20240202,10:01:38,195.0,100,34200
20240202,10:01:41,195.0,50,34200
20240202,10:01:46,196.0,500,34200
20240202,10:01:48,196.0,50,34200
20240202,10:01:58,195.0,50,34200
20240202,10:02:00,194.05,400,34200
20240202,10:02:01,195.0,100,34200
20240202,10:02:15,195.2,50,34200
20240202,10:02:22,197.0,50,31900
20240202,10:02:28,196.95,100,31900
20240202,10:02:30,196.8,50,31900
20240202,10:02:40,196.8,100,31900
20240202,10:02:43,196.8,100,31900
20240202,10:03:07,195.95,900,31900
20240202,10:03:48,197.0,900,31900
20240202,10:04:04,197.15,50,31900
20240202,10:04:05,195.95,1000,31900
20240202,10:04:24,196.25,50,31900
20240202,10:04:39,196.75,100,31900
20240202,10:04:45,196.4,50,31900
20240202,10:04:54,196.5,250,31900
20240202,10:04:55,196.35,200,31900
20240202,10:04:59,196.5,200,31900
20240202,10:05:03,196.8,250,31900
20240202,10:05:11,196.0,500,31900
20240202,10:05:21,195.0,50,31300
20240202,10:05:25,196.0,50,31300
20240202,10:05:38,195.15,300,31300
20240202,10:06:03,193.0,100,31300
20240202,10:06:45,193.0,100,31300
20240202,10:07:20,195.0,100,31300
20240202,10:07:44,194.6,200,31300
20240202,10:08:00,194.8,600,31300
20240202,10:08:07,195.2,200,31300
20240202,10:08:49,195.6,50,31300
20240202,10:09:12,195.2,50,31600
20240202,10:09:35,194.35,50,31600
20240202,10:10:10,192.75,50,31600
20240202,10:10:12,192.4,150,31600
20240202,10:10:13,192.35,50,31600
20240202,10:10:15,192.0,150,31600
20240202,10:10:19,192.0,100,31600
20240202,10:10:20,191.55,1800,31600
20240202,10:10:24,191.55,50,31600
20240202,10:10:30,193.05,750,31600
20240202,10:10:57,193.6,50,31600
20240202,10:11:00,193.95,50,31600
20240202,10:11:10,194.95,500,31600
20240202,10:11:12,195.5,150,31600
20240202,10:11:55,193.05,200,32750
20240202,10:12:15,194.05,150,32750
20240202,10:12:46,194.0,350,32750
20240202,10:12:51,193.2,150,32750
20240202,10:13:01,193.0,250,32750
20240202,10:13:44,195.35,50,32750
20240202,10:13:51,196.0,100,32750
20240202,10:13:52,196.45,200,32750
20240202,10:14:02,195.45,50,32750
20240202,10:14:10,196.5,150,32750
20240202,10:14:14,196.8,50,32750
20240202,10:14:20,196.8,50,32750
20240202,10:14:39,197.35,50,33150
20240202,10:14:51,196.2,250,33150
20240202,10:15:02,195.05,250,33150
20240202,10:15:12,196.9,250,33150
20240202,10:15:27,197.55,50,33150
20240202,10:15:37,196.3,5250,33150
20240202,10:15:42,197.4,50,33150
20240202,10:15:47,197.85,50,33150
20240202,10:16:02,197.05,50,33150
20240202,10:16:07,197.5,350,33150
20240202,10:16:11,197.85,100,33150
20240202,10:16:32,196.15,150,33150
20240202,10:17:06,197.85,50,33150
20240202,10:17:16,196.85,100,33150
20240202,10:17:52,197.75,150,35000
20240202,10:18:22,198.7,300,35000
20240202,10:18:24,200.0,200,35000
20240202,10:18:29,199.95,50,35000
20240202,10:18:56,200.3,50,35000
20240202,10:20:06,199.75,50,35000
20240202,10:20:14,198.95,600,35000
20240202,10:20:32,201.0,150,35600
20240202,10:20:46,201.0,50,35600
20240202,10:21:16,201.65,50,35600
20240202,10:22:04,201.85,100,35600
20240202,10:22:14,201.0,100,35600
20240202,10:22:26,203.0,50,35600
20240202,10:22:27,202.6,50,35600
20240202,10:22:37,203.45,200,35600
20240202,10:22:47,201.2,50,35600
20240202,10:22:57,200.0,200,35600
20240202,10:23:07,199.85,250,35600
20240202,10:23:29,198.7,100,35700
20240202,10:23:38,197.6,250,35700
20240202,10:23:49,197.1,50,35700
20240202,10:23:53,197.1,500,35700
20240202,10:23:54,197.6,50,35700
20240202,10:23:59,197.6,100,35700
20240202,10:24:04,198.3,150,35700
20240202,10:25:29,196.8,250,35700
20240202,10:25:33,196.8,100,35700
20240202,10:27:01,193.95,50,36000
20240202,10:27:18,194.95,50,36000
20240202,10:28:00,194.0,50,36000
20240202,10:28:07,194.3,50,36000
20240202,10:28:08,194.4,50,36000
20240202,10:28:13,194.3,50,36000
20240202,10:28:20,195.55,500,36000
20240202,10:29:10,192.0,200,36000
20240202,10:29:22,191.3,100,36450
20240202,10:29:23,191.3,200,36450
20240202,10:29:25,191.5,50,36450
20240202,10:29:53,193.0,250,36450
20240202,10:30:00,192.15,500,36450
20240202,10:30:02,192.2,50,36450
20240202,10:30:12,191.0,250,36450
20240202,10:30:27,191.0,400,36450
20240202,10:30:47,194.2,50,36450
20240202,10:30:50,193.05,600,36450
20240202,10:30:53,194.2,250,36450
20240202,10:30:57,194.2,50,36450
20240202,10:30:58,194.5,500,36450
20240202,10:31:00,194.0,150,36450
20240202,10:31:02,194.0,50,36450
20240202,10:31:18,194.95,50,36450
20240202,10:31:28,196.4,250,36450
20240202,10:31:41,196.1,50,36450
20240202,10:31:49,195.25,100,36450
20240202,10:31:51,193.95,50,36450
20240202,10:32:40,196.9,50,37100
20240202,10:33:33,197.25,450,37100
20240202,10:34:07,196.1,50,37100
20240202,10:35:03,196.9,50,37100
20240202,10:35:48,196.95,50,37100
20240202,10:35:57,198.0,300,37200
20240202,10:36:27,198.0,50,37200
20240202,10:36:40,200.0,150,37200
20240202,10:36:42,199.7,50,37200
20240202,10:37:28,198.4,50,37200
20240202,10:37:30,197.35,200,37200
20240202,10:37:32,198.35,50,37200
20240202,10:38:10,198.4,100,37200
20240202,10:38:50,200.6,50,37150
20240202,10:39:04,201.0,50,37150
20240202,10:39:22,198.7,450,37150
20240202,10:39:35,198.7,50,37150
20240202,10:39:37,199.65,750,37150
20240202,10:39:47,199.8,100,37150
20240202,10:39:57,201.0,250,37150
20240202,10:40:04,201.5,50,37150
20240202,10:40:22,199.0,150,37150
20240202,10:41:44,202.35,50,36400
20240202,10:41:46,201.55,50,36400
20240202,10:42:04,203.2,50,36400
20240202,10:42:09,203.85,350,36400
20240202,10:42:15,203.45,350,36400
20240202,10:42:20,203.0,100,36400
20240202,10:42:24,204.0,50,36400
20240202,10:42:32,205.0,650,36400
20240202,10:42:45,203.1,300,36400
20240202,10:42:47,203.0,150,36400
20240202,10:43:04,201.55,50,36400
20240202,10:43:11,200.0,150,36400
20240202,10:43:16,199.35,50,36400
20240202,10:43:24,199.0,100,36400
20240202,10:43:26,199.0,150,36400
20240202,10:43:33,199.3,300,36400
20240202,10:43:53,198.35,50,36400
20240202,10:43:59,197.15,50,36400
20240202,10:44:33,201.5,200,35800
20240202,10:44:43,201.35,100,35800
20240202,10:45:38,198.5,150,35800
20240202,10:45:58,201.25,150,35800
20240202,10:45:59,201.1,100,35800
20240202,10:46:29,200.35,200,35800
20240202,10:46:34,200.8,50,35800
20240202,10:47:12,202.15,50,35800
20240202,10:47:22,200.95,50,35800
20240202,10:48:18,200.7,200,35800
20240202,10:48:28,201.0,50,35800
20240202,10:48:39,199.0,50,35800
20240202,10:48:58,201.3,200,35800
20240202,10:49:06,201.6,50,35800
20240202,10:49:41,201.55,150,35800
20240202,10:52:06,198.55,150,35750
20240202,10:52:18,200.35,50,35750
20240202,10:52:26,201.3,150,35750
20240202,10:52:50,201.3,100,35750
20240202,10:52:56,202.4,50,35750
20240202,10:54:06,198.55,50,35600
20240202,10:54:28,198.0,50,35600
20240202,10:56:49,195.95,50,35600
20240202,10:57:04,196.0,400,35600
20240202,10:57:12,195.0,200,35600
20240202,10:57:14,194.25,150,35600
20240202,10:57:49,193.0,50,35600
20240202,10:58:00,193.0,150,35600
20240202,10:58:03,191.95,300,35600
20240202,10:58:20,191.0,250,35600
20240202,10:58:40,190.95,50,35600
20240202,10:58:43,190.0,600,35600
20240202,10:58:45,189.65,50,35600
20240202,10:58:57,189.65,100,35600
20240202,10:59:48,191.65,50,36650
20240202,11:00:11,190.85,250,36650
20240202,11:00:13,190.0,200,36650
20240202,11:00:23,189.2,100,36650
20240202,11:00:31,189.2,50,36650
20240202,11:01:00,191.3,50,36650
20240202,11:01:40,192.0,50,36650
20240202,11:02:28,191.75,50,37150
20240202,11:03:50,188.55,1100,37150
20240202,11:03:52,187.65,400,37150
20240202,11:03:55,187.0,250,37150
20240202,11:04:07,186.0,50,37150
20240202,11:04:15,185.4,100,37150
20240202,11:04:18,185.4,100,37150
20240202,11:04:23,187.05,100,37150
20240202,11:04:27,188.2,50,37150
20240202,11:04:32,186.05,50,37150
20240202,11:04:43,187.85,50,37150
20240202,11:05:15,186.0,50,37150
20240202,11:05:22,186.9,50,37150
20240202,11:05:38,186.9,50,38650
20240202,11:06:06,189.2,150,38650
20240202,11:06:11,189.0,50,38650
20240202,11:06:28,189.0,100,38650
20240202,11:06:31,189.2,50,38650
20240202,11:06:37,189.4,100,38650
20240202,11:07:14,189.6,50,38650
20240202,11:07:17,190.0,150,38650
20240202,11:07:32,190.0,50,38650
20240202,11:07:42,190.0,50,38650
20240202,11:07:43,190.1,250,38650
20240202,11:08:03,190.0,50,38650
20240202,11:08:12,190.1,100,38650
20240202,11:09:00,190.4,450,38850
20240202,11:09:33,190.4,50,38850
20240202,11:10:25,187.7,150,38850
20240202,11:11:00,189.05,50,38850
20240202,11:11:01,188.85,100,38850
20240202,11:11:02,188.85,100,38850
20240202,11:11:12,190.0,50,38850
20240202,11:11:27,190.95,50,39100
20240202,11:11:36,189.95,50,39100
20240202,11:11:39,189.0,350,39100
20240202,11:12:08,188.95,50,39100
20240202,11:12:25,187.25,50,39100
20240202,11:12:27,187.15,450,39100
20240202,11:13:17,188.55,50,39100
20240202,11:13:29,188.25,50,39100
20240202,11:13:37,185.35,1200,39100
20240202,11:13:39,185.0,250,39100
20240202,11:13:40,184.0,50,39100
20240202,11:13:42,181.55,550,39100
20240202,11:13:44,182.5,50,39100
20240202,11:13:47,184.15,350,39100
20240202,11:13:53,180.95,200,39100
20240202,11:13:55,179.7,350,39100
20240202,11:13:57,179.7,50,39100
20240202,11:13:58,179.45,1000,39100
20240202,11:14:02,179.0,100,39100
20240202,11:14:03,179.0,200,39100
20240202,11:14:05,180.55,200,39100
20240202,11:14:07,181.15,800,39100
20240202,11:14:10,179.55,200,39100
20240202,11:14:24,179.05,50,39100
20240202,11:14:27,179.55,550,39100
20240202,11:14:29,179.8,100,40400
20240202,11:14:32,178.25,50,40400
20240202,11:14:37,176.85,100,40400
20240202,11:14:47,176.85,50,40400
20240202,11:14:50,178.55,100,40400
20240202,11:14:53,178.15,50,40400
20240202,11:15:03,178.0,100,40400
20240202,11:15:04,177.9,50,40400
20240202,11:15:11,178.7,50,40400
20240202,11:15:13,178.7,100,40400
20240202,11:15:18,176.15,150,40400
20240202,11:15:19,177.45,100,40400
20240202,11:15:21,178.05,100,40400
20240202,11:15:34,175.85,200,40400
20240202,11:15:40,175.85,200,40400
20240202,11:15:57,175.0,250,40400
20240202,11:16:03,174.1,250,40400
20240202,11:16:05,173.3,50,40400
20240202,11:16:06,173.3,50,40400
20240202,11:16:08,173.3,200,40400
20240202,11:16:10,173.9,250,40400
20240202,11:16:16,173.95,700,40400
20240202,11:16:20,173.0,50,40400
20240202,11:16:21,173.0,100,40400
20240202,11:16:25,172.35,150,40400
20240202,11:16:26,171.6,150,40400
20240202,11:16:31,171.6,100,40400
20240202,11:16:35,174.6,150,40400
20240202,11:16:38,174.2,800,40400
20240202,11:16:40,173.45,150,40400
20240202,11:16:45,173.75,400,40400
20240202,11:16:48,173.5,50,40400
20240202,11:16:58,173.6,800,40400
20240202,11:17:03,172.25,100,40400
20240202,11:17:07,172.05,50,40400
20240202,11:17:08,172.25,1000,40400
20240202,11:17:18,172.0,50,40400
20240202,11:17:27,171.65,100,40400
20240202,11:17:30,170.05,500,39950
20240202,11:17:32,170.05,150,39950
20240202,11:17:40,171.4,100,39950
20240202,11:17:45,171.25,50,39950
20240202,11:17:50,171.25,50,39950
20240202,11:18:00,170.95,50,39950
20240202,11:18:03,170.0,100,39950
20240202,11:18:07,169.0,50,39950
20240202,11:18:10,169.0,50,39950
20240202,11:18:25,168.95,250,39950
20240202,11:18:27,168.85,50,39950
20240202,11:18:38,168.55,100,39950
20240202,11:18:42,168.05,50,39950
20240202,11:18:43,168.05,50,39950
20240202,11:18:52,169.0,50,39950
20240202,11:18:55,169.2,50,39950
20240202,11:18:57,168.6,350,39950
20240202,11:18:58,168.25,150,39950
20240202,11:19:15,169.7,100,39950
20240202,11:19:22,170.1,250,39950
20240202,11:19:42,170.8,50,39950
20240202,11:19:48,170.5,750,39950
20240202,11:19:53,169.0,50,39950
20240202,11:20:15,169.0,50,39950
20240202,11:20:20,168.5,50,39950
20240202,11:20:30,168.15,50,40000
20240202,11:20:36,168.6,350,40000
20240202,11:20:53,169.25,50,40000
20240202,11:20:54,170.0,50,40000
20240202,11:21:14,169.4,100,40000
20240202,11:21:22,169.6,100,40000
20240202,11:21:35,170.55,150,40000
20240202,11:21:47,171.25,50,40000
20240202,11:21:52,169.6,100,40000
20240202,11:22:17,169.2,50,40000
20240202,11:22:20,168.05,50,40000
20240202,11:22:24,168.3,50,40000
20240202,11:22:40,168.25,50,40000
20240202,11:22:42,169.3,50,40000
20240202,11:22:55,168.5,50,40000
20240202,11:23:02,168.8,50,40000
20240202,11:23:13,170.0,450,40000
20240202,11:23:17,169.45,150,40000
20240202,11:23:41,170.3,50,40000
20240202,11:23:44,169.2,50,40000
20240202,11:24:05,169.6,50,40000
20240202,11:24:21,170.1,150,40000
20240202,11:24:23,170.5,50,40000
20240202,11:24:26,170.4,100,40000
20240202,11:24:39,170.05,700,40000
20240202,11:24:40,170.45,200,40000
20240202,11:24:45,170.05,200,40000
20240202,11:24:47,170.05,900,40000
20240202,11:25:08,168.0,50,40000
20240202,11:25:38,168.0,150,40000
20240202,11:25:41,168.0,150,40000
20240202,11:25:50,167.55,850,40000
20240202,11:25:51,167.55,50,40000
20240202,11:26:01,168.35,1250,40000
20240202,11:26:10,168.9,600,40000
20240202,11:26:12,169.2,150,40000
20240202,11:26:15,168.9,50,40000
20240202,11:26:24,169.85,200,40000
20240202,11:26:25,169.9,50,40000
20240202,11:26:30,170.2,100,41100
20240202,11:26:40,168.5,1000,41100
20240202,11:26:42,168.65,350,41100
20240202,11:26:50,169.3,450,41100
20240202,11:26:59,169.45,500,41100
20240202,11:27:00,169.5,50,41100
20240202,11:27:09,169.55,450,41100
20240202,11:27:17,169.65,250,41100
20240202,11:27:25,169.45,500,41100
20240202,11:27:27,169.45,100,41100
20240202,11:27:47,169.0,50,41100
20240202,11:27:50,168.3,1800,41100
20240202,11:27:52,167.65,3600,41100
20240202,11:27:54,167.35,950,41100
20240202,11:27:55,167.35,1200,41100
20240202,11:27:57,167.85,150,41100
20240202,11:28:02,168.3,550,41100
20240202,11:28:09,168.7,50,41100
20240202,11:28:11,168.6,150,41100
20240202,11:28:12,168.65,400,41100
20240202,11:28:22,167.9,500,41100
20240202,11:28:24,168.0,100,41100
20240202,11:28:29,168.0,150,41100
20240202,11:28:35,168.9,250,41100
20240202,11:28:37,168.5,400,41100
20240202,11:28:49,168.3,1200,41100
20240202,11:28:50,168.4,750,41100
20240202,11:28:57,168.4,500,41100
20240202,11:29:03,167.9,300,41100
20240202,11:29:04,168.7,300,41100
20240202,11:29:08,168.0,1400,41100
20240202,11:29:09,167.45,1400,41100
20240202,11:29:11,167.2,1350,41100
20240202,11:29:13,168.0,200,41100
20240202,11:29:14,168.0,250,41100
20240202,11:29:16,167.7,250,41100
20240202,11:29:21,167.35,600,41100
20240202,11:29:23,168.15,50,41100
20240202,11:29:24,168.25,50,41100
20240202,11:29:34,168.15,200,52500
20240202,11:29:38,168.3,450,52500
20240202,11:29:43,168.4,200,52500
20240202,11:29:48,168.45,550,52500
20240202,11:30:01,167.4,100,52500
20240202,11:30:03,167.0,250,52500
20240202,11:30:21,166.7,100,52500
20240202,11:30:23,166.7,500,52500
20240202,11:30:25,168.3,150,52500
20240202,11:30:28,167.7,350,52500
20240202,11:30:30,168.05,200,52500
20240202,11:30:38,167.5,50,52500
20240202,11:30:55,166.75,100,52500
20240202,11:31:08,166.75,100,52500
20240202,11:31:13,166.0,650,52500
20240202,11:31:20,166.0,200,52500
20240202,11:31:23,168.0,150,52500
20240202,11:31:43,165.95,100,52500
20240202,11:32:00,165.0,50,52500
20240202,11:32:01,164.3,100,52500
20240202,11:32:03,165.4,350,52500
20240202,11:32:24,165.0,200,52500
20240202,11:32:44,166.4,50,53500
20240202,11:33:43,167.35,300,53500
20240202,11:33:55,168.6,650,53500
20240202,11:34:26,166.7,100,53500
20240202,11:34:50,165.3,350,53500
20240202,11:34:55,164.75,400,53500
20240202,11:35:03,164.25,300,53500
20240202,11:35:26,164.25,50,53500
20240202,11:35:28,164.0,250,53500
20240202,11:35:48,164.0,700,54050
20240202,11:36:16,165.5,500,54050
20240202,11:36:46,165.65,500,54050
20240202,11:37:06,164.5,100,54050
20240202,11:37:31,164.7,100,54050
20240202,11:37:32,164.6,450,54050
20240202,11:37:46,163.65,50,54050
20240202,11:38:05,163.05,300,54050
20240202,11:38:09,163.05,50,54050
20240202,11:38:19,161.5,250,54050
20240202,11:38:25,161.5,150,54050
20240202,11:38:27,163.7,100,54050
20240202,11:38:30,162.9,1800,54050
20240202,11:38:37,162.4,200,54950
20240202,11:38:42,162.75,50,54950
20240202,11:39:02,161.95,100,54950
20240202,11:39:07,161.0,50,54950
20240202,11:39:16,161.0,50,54950
20240202,11:39:18,161.0,50,54950
20240202,11:39:21,162.0,600,54950
20240202,11:39:24,162.0,150,54950
20240202,11:39:26,162.0,50,54950
20240202,11:39:37,162.0,500,54950
20240202,11:39:39,162.9,150,54950
20240202,11:39:51,163.2,50,54950
20240202,11:39:56,162.75,50,54950
20240202,11:40:06,162.6,100,54950
20240202,11:40:15,161.4,50,54950
20240202,11:40:20,162.2,1100,54950
20240202,11:40:30,163.0,1000,54950
20240202,11:40:33,162.9,100,54950
20240202,11:41:08,162.95,50,54950
20240202,11:41:09,163.6,50,54950
20240202,11:41:16,162.85,250,54950
20240202,11:41:26,162.65,50,54950
20240202,11:41:34,162.05,50,54450
20240202,11:41:45,161.15,50,54450
20240202,11:41:47,160.95,150,54450
20240202,11:41:50,160.75,50,54450
20240202,11:41:54,160.75,200,54450
20240202,11:42:00,160.75,50,54450
20240202,11:42:08,161.7,50,54450
20240202,11:42:20,160.05,50,54450
20240202,11:42:35,160.05,50,54450
20240202,11:42:40,161.15,200,54450
20240202,11:42:46,161.3,50,54450
20240202,11:42:58,163.7,150,54450
20240202,11:43:23,164.15,100,54450
20240202,11:43:48,164.55,200,54450
20240202,11:43:56,163.85,200,54450
20240202,11:43:59,162.65,50,54450
20240202,11:44:03,163.1,50,54450
20240202,11:44:04,162.45,100,54450
20240202,11:44:23,165.0,1100,54450
20240202,11:44:26,164.95,500,54450
20240202,11:44:38,165.25,50,54500
20240202,11:44:43,165.45,1000,54500
20240202,11:45:07,165.0,50,54500
20240202,11:45:20,167.0,150,54500
20240202,11:45:24,166.5,200,54500
20240202,11:45:27,167.35,50,54500
20240202,11:45:34,166.9,50,54500
20240202,11:45:35,167.35,50,54500
20240202,11:45:42,167.0,100,54500
20240202,11:45:54,167.0,50,54500
20240202,11:45:57,167.4,50,54500
20240202,11:46:00,166.65,100,54500
20240202,11:46:02,167.65,350,54500
20240202,11:46:07,167.85,150,54500
20240202,11:46:12,167.85,50,54500
20240202,11:46:27,168.0,50,54500
20240202,11:46:34,166.5,100,54500
20240202,11:46:37,166.5,50,54500
20240202,11:47:06,165.0,50,54500
20240202,11:47:14,165.25,50,54500
20240202,11:47:22,164.65,50,54500
20240202,11:47:48,164.65,50,54000
20240202,11:49:08,166.5,300,54000
20240202,11:49:11,167.15,50,54000
20240202,11:49:31,166.5,950,54000
20240202,11:49:33,167.4,150,54000
20240202,11:49:35,168.0,100,54000
20240202,11:49:43,167.4,150,54000
20240202,11:49:51,168.0,50,54000
20240202,11:50:01,167.85,50,54000
20240202,11:50:03,167.65,50,54000
20240202,11:50:25,167.3,50,54000
20240202,11:50:43,165.95,50,54950
20240202,11:50:50,165.6,50,54950
20240202,11:51:11,167.4,400,54950
20240202,11:52:02,167.15,100,54950
20240202,11:52:27,167.75,50,54950
20240202,11:52:38,167.4,50,54950
20240202,11:52:46,165.9,900,54950
20240202,11:53:50,167.65,550,54700
20240202,11:53:55,167.85,300,54700
20240202,11:54:09,166.6,50,54700
20240202,11:54:15,165.9,50,54700
20240202,11:54:19,165.4,100,54700
20240202,11:56:01,164.65,50,54700
20240202,11:56:27,163.0,50,54700
20240202,11:56:32,163.75,50,54700
20240202,11:57:10,163.6,100,54650
20240202,11:57:45,161.55,50,54650
20240202,11:57:50,160.0,50,54650
20240202,11:58:48,160.0,50,54650
20240202,11:59:16,160.1,150,54650
20240202,11:59:29,160.0,100,54650
20240202,11:59:43,160.05,150,54650
20240202,12:00:04,158.0,50,54600
20240202,12:00:14,157.85,300,54600
20240202,12:00:57,157.05,150,54600
20240202,12:01:12,157.05,50,54600
20240202,12:01:13,156.65,150,54600
20240202,12:01:20,156.0,150,54600
20240202,12:01:36,155.65,100,54600
20240202,12:01:54,155.65,450,54600
20240202,12:02:17,156.95,50,54600
20240202,12:03:08,158.0,100,55050
20240202,12:03:47,156.15,50,55050
20240202,12:04:10,157.8,50,55050
20240202,12:04:21,157.55,50,55050
20240202,12:04:29,156.65,50,55050
20240202,12:04:52,156.75,50,55050
20240202,12:05:19,159.75,150,55050
20240202,12:05:30,158.7,100,55050
20240202,12:05:32,158.05,50,55050
20240202,12:06:19,159.6,50,55050
20240202,12:06:24,160.25,50,55150
20240202,12:06:29,161.1,50,55150
20240202,12:06:42,161.1,150,55150
20240202,12:06:45,162.0,50,55150
20240202,12:06:57,161.55,100,55150
20240202,12:07:04,162.8,50,55150
20240202,12:07:07,162.35,50,55150
20240202,12:07:21,162.65,50,55150
20240202,12:07:27,161.6,50,55150
20240202,12:07:37,162.9,50,55150
20240202,12:07:47,162.25,100,55150
20240202,12:08:09,162.7,50,55150
20240202,12:08:10,162.8,350,55150
20240202,12:08:32,162.7,50,55150
20240202,12:08:39,163.15,450,54850
20240202,12:08:56,162.9,1100,54850
20240202,12:09:00,163.75,50,54850
20240202,12:09:01,163.8,100,54850
20240202,12:09:39,164.75,150,54850
20240202,12:09:45,163.8,50,54850
20240202,12:09:55,164.05,50,54850
20240202,12:10:28,164.05,50,54850
20240202,12:10:33,163.4,50,54850
20240202,12:11:29,163.25,200,54850
20240202,12:11:41,164.25,50,54850
20240202,12:11:44,165.0,50,55600
20240202,12:11:47,164.65,400,55600
20240202,12:11:52,164.2,50,55600
20240202,12:11:55,164.8,50,55600
20240202,12:12:14,164.8,450,55600
20240202,12:12:34,164.75,400,55600
20240202,12:13:07,166.95,100,55600
20240202,12:13:50,165.2,100,55600
20240202,12:14:25,167.8,150,55600
20240202,12:14:35,166.95,50,55600
20240202,12:14:42,166.05,50,55550
20240202,12:14:43,166.05,100,55550
20240202,12:14:52,165.4,300,55550
20240202,12:14:57,166.05,200,55550
20240202,12:15:17,166.95,50,55550
20240202,12:15:45,165.6,50,55550
20240202,12:15:49,165.15,150,55550
20240202,12:16:14,165.85,50,55550
20240202,12:17:32,165.3,50,55550
20240202,12:18:05,167.3,100,56200
20240202,12:18:08,166.25,100,56200
20240202,12:18:13,166.75,150,56200
20240202,12:18:17,167.05,50,56200
20240202,12:18:22,167.05,50,56200
20240202,12:18:27,166.75,50,56200
20240202,12:18:28,166.55,200,56200
20240202,12:18:32,166.55,50,56200
20240202,12:18:33,166.2,50,56200
20240202,12:18:38,166.75,50,56200
20240202,12:18:43,166.9,50,56200
20240202,12:18:45,166.05,50,56200
20240202,12:18:48,166.8,50,56200
20240202,12:18:53,165.65,150,56200
20240202,12:18:55,165.2,50,56200
20240202,12:19:08,165.8,300,56200
20240202,12:19:40,166.5,50,56200
20240202,12:19:42,165.9,50,56200
20240202,12:19:50,167.45,50,56200
20240202,12:20:25,167.0,50,56200
20240202,12:22:08,167.45,400,55250
20240202,12:22:43,168.3,50,55250
20240202,12:22:45,168.75,50,55250
20240202,12:22:53,169.2,100,55250
20240202,12:23:02,170.0,150,55250
20240202,12:23:15,168.35,400,55250
20240202,12:23:29,169.05,50,55250
20240202,12:23:44,169.05,50,55050
20240202,12:23:53,169.85,50,55050
20240202,12:24:04,169.5,100,55050
20240202,12:24:09,169.4,100,55050
20240202,12:24:14,169.2,100,55050
20240202,12:24:19,169.65,100,55050
20240202,12:24:24,170.55,100,55050
20240202,12:24:27,171.1,50,55050
20240202,12:24:32,171.4,50,55050
20240202,12:24:34,171.9,50,55050
20240202,12:24:37,172.0,50,55050
20240202,12:24:41,173.4,50,55050
20240202,12:24:44,172.2,50,55050
20240202,12:24:49,173.85,150,55050
20240202,12:24:54,173.3,100,55050
20240202,12:24:59,174.7,50,55050
20240202,12:25:03,175.0,150,55050
20240202,12:25:05,174.45,300,55050
20240202,12:25:06,174.0,50,55050
20240202,12:25:08,172.9,150,55050
20240202,12:25:10,172.0,100,55050
20240202,12:25:13,172.05,50,55050
20240202,12:25:18,174.0,50,55050
20240202,12:25:20,172.85,100,55050
20240202,12:25:21,172.35,200,55050
20240202,12:25:25,174.25,100,55050
20240202,12:25:26,173.8,50,55050
20240202,12:25:28,175.0,200,55050
20240202,12:25:30,175.4,50,55050
20240202,12:25:31,174.7,50,55050
20240202,12:25:33,174.6,150,55050
20240202,12:25:35,173.3,100,55050
20240202,12:26:10,174.75,50,55050
20240202,12:26:12,173.7,150,55050
20240202,12:26:33,174.35,50,55050
20240202,12:26:40,173.7,250,53700
20240202,12:26:46,173.7,50,53700
20240202,12:27:10,175.5,50,53700
20240202,12:27:21,178.0,850,53700
20240202,12:27:31,180.0,1200,53700
20240202,12:27:38,180.0,50,53700
20240202,12:27:43,177.75,100,53700
20240202,12:27:48,177.0,600,53700
20240202,12:27:55,175.7,100,53700
20240202,12:27:58,177.5,150,53700
20240202,12:28:05,178.2,250,53700
20240202,12:28:07,177.45,50,53700
20240202,12:28:20,180.5,50,53700
20240202,12:28:33,182.85,50,53700
20240202,12:28:37,182.05,900,53700
20240202,12:28:42,184.45,200,53700
20240202,12:28:45,185.0,150,53700
20240202,12:28:47,185.6,200,53700
20240202,12:28:53,186.45,100,53700
20240202,12:28:55,186.15,50,53700
20240202,12:28:57,186.0,50,53700
20240202,12:28:58,185.6,150,53700
20240202,12:29:02,185.65,100,53700
20240202,12:29:07,188.05,50,53700
20240202,12:29:08,188.2,50,53700
20240202,12:29:10,190.0,250,53700
20240202,12:29:13,190.25,50,53700
20240202,12:29:15,193.0,50,53700
20240202,12:29:18,194.5,600,53700
20240202,12:29:20,195.15,350,53700
20240202,12:29:22,196.3,400,53700
20240202,12:29:23,196.35,300,53700
20240202,12:29:25,195.65,450,53700
20240202,12:29:27,194.75,50,53700
20240202,12:29:28,193.7,200,53700
20240202,12:29:32,193.95,450,53700
20240202,12:29:33,193.2,1550,53700
20240202,12:29:37,191.45,100,53700
20240202,12:29:42,193.3,200,51000
20240202,12:29:45,193.15,300,51000
20240202,12:29:48,192.75,50,51000
20240202,12:29:50,190.0,50,51000
20240202,12:29:53,191.55,100,51000
20240202,12:29:57,191.35,1550,51000
20240202,12:29:58,192.65,150,51000
20240202,12:30:00,192.5,450,51000
20240202,12:30:02,194.0,500,51000
20240202,12:30:03,194.55,300,51000
20240202,12:30:04,195.2,300,51000
20240202,12:30:06,196.75,250,51000
20240202,12:30:08,196.05,50,51000
20240202,12:30:10,197.65,1350,51000
20240202,12:30:11,196.45,250,51000
20240202,12:30:13,198.8,650,51000
20240202,12:30:15,199.75,250,51000
20240202,12:30:16,200.4,350,51000
20240202,12:30:18,200.0,1650,51000
20240202,12:30:23,202.05,300,51000
20240202,12:30:25,203.2,50,51000
20240202,12:30:26,203.85,50,51000
20240202,12:30:31,205.0,1400,51000
20240202,12:30:35,208.85,1050,51000
20240202,12:30:36,208.5,1250,51000
20240202,12:30:41,209.0,550,51000
20240202,12:30:43,208.1,100,51000
20240202,12:30:45,208.0,150,51000
20240202,12:30:46,204.55,1200,51000
20240202,12:30:48,202.8,150,51000
20240202,12:30:51,204.05,150,51000
20240202,12:30:53,204.35,250,51000
20240202,12:30:55,205.25,200,51000
20240202,12:30:58,205.15,50,51000
20240202,12:31:00,203.4,550,51000
20240202,12:31:01,204.05,100,51000
20240202,12:31:05,204.65,50,51000
20240202,12:31:07,207.3,50,51000
20240202,12:31:09,207.9,50,51000
20240202,12:31:10,209.2,100,51000
20240202,12:31:12,210.0,50,51000
20240202,12:31:14,210.65,550,51000
20240202,12:31:15,212.0,200,51000
20240202,12:31:19,212.55,400,51000
20240202,12:31:20,211.55,50,51000
20240202,12:31:22,212.3,200,51000
20240202,12:31:27,211.5,500,51000
20240202,12:31:29,212.7,200,51000
20240202,12:31:30,212.3,50,51000
20240202,12:31:34,214.05,600,51000
20240202,12:31:35,215.1,400,51000
20240202,12:31:37,215.3,50,51000
20240202,12:31:39,218.1,300,51000
20240202,12:31:40,221.85,5200,51000
20240202,12:31:42,219.3,4350,51000
20240202,12:31:44,220.5,1000,51000
20240202,12:31:47,220.0,650,51000
20240202,12:31:49,220.5,150,51000
20240202,12:31:50,220.3,1050,51000
20240202,12:31:54,221.5,550,51000
20240202,12:31:57,220.95,150,51000
20240202,12:32:00,222.0,50,51000
20240202,12:32:02,221.75,1300,51000
20240202,12:32:04,220.35,200,51000
20240202,12:32:05,220.8,50,51000
20240202,12:32:07,220.9,100,51000
20240202,12:32:09,216.45,1250,51000
20240202,12:32:10,212.0,750,51000
20240202,12:32:12,212.25,650,51000
20240202,12:32:14,213.45,450,51000
20240202,12:32:19,213.15,50,51000
20240202,12:32:25,211.95,250,51000
20240202,12:32:27,211.1,1000,51000
20240202,12:32:29,210.75,150,51000
20240202,12:32:32,211.25,450,51000
20240202,12:32:34,211.9,850,51000
20240202,12:32:35,212.4,50,51000
20240202,12:32:37,213.1,350,51000
20240202,12:32:45,217.65,1150,48400
20240202,12:32:49,217.7,150,48400
20240202,12:33:00,216.9,100,48400
20240202,12:33:04,220.3,650,48400
20240202,12:33:06,220.05,100,48400
20240202,12:33:09,221.45,300,48400
20240202,12:33:11,219.75,800,48400
20240202,12:33:12,221.35,400,48400
20240202,12:33:14,222.45,600,48400
20240202,12:33:16,219.3,700,48400
20240202,12:33:17,218.45,400,48400
20240202,12:33:24,219.65,50,48400
20240202,12:33:31,217.1,100,48400
20240202,12:33:32,218.35,150,48400
20240202,12:33:36,219.15,50,48400
20240202,12:33:41,218.35,50,48400
20240202,12:33:44,216.95,700,48400
20240202,12:33:51,212.9,200,48400
20240202,12:33:52,212.75,250,48400
20240202,12:33:54,212.9,50,48400
20240202,12:33:59,212.45,550,48400
20240202,12:34:01,209.5,250,48400
20240202,12:34:02,208.65,500,48400
20240202,12:34:06,210.25,100,48400
20240202,12:34:12,207.6,100,48400
20240202,12:34:14,206.35,550,48400
20240202,12:34:16,204.3,850,48400
20240202,12:34:17,203.75,100,48400
20240202,12:34:22,206.75,500,48400
20240202,12:34:27,202.55,200,48400
20240202,12:34:31,202.15,550,48400
20240202,12:34:37,204.85,50,48400
20240202,12:34:44,200.85,350,48400
20240202,12:34:46,199.6,100,48400
20240202,12:34:49,198.55,50,48400
20240202,12:34:51,200.2,50,48400
20240202,12:34:54,199.8,1100,48400
20240202,12:34:56,201.7,950,48400
20240202,12:34:59,203.45,500,48400
20240202,12:35:06,207.55,850,48400
20240202,12:35:09,209.6,150,48400
20240202,12:35:11,210.05,450,48400
20240202,12:35:14,212.0,300,48400
20240202,12:35:17,215.0,150,48400
20240202,12:35:19,216.75,200,48400
20240202,12:35:21,218.45,550,48400
20240202,12:35:26,220.85,100,48400
20240202,12:35:27,221.85,200,48400
20240202,12:35:29,221.4,900,48400
20240202,12:35:31,223.15,150,48400
20240202,12:35:32,220.2,550,48400
20240202,12:35:34,221.4,200,48400
20240202,12:35:36,221.15,1850,48400
20240202,12:35:37,221.1,1100,48400
20240202,12:35:39,225.0,950,48400
20240202,12:35:42,224.15,250,55000
20240202,12:35:44,225.35,500,55000
20240202,12:35:46,227.1,500,55000
20240202,12:35:47,227.3,950,55000
20240202,12:35:49,230.0,800,55000
20240202,12:35:51,230.3,100,55000
20240202,12:35:52,230.5,100,55000
20240202,12:35:54,229.2,50,55000
20240202,12:35:56,228.5,450,55000
20240202,12:35:57,231.5,100,55000
20240202,12:35:59,231.15,1350,55000
20240202,12:36:01,232.25,200,55000
20240202,12:36:02,232.9,200,55000
20240202,12:36:04,238.6,250,55000
20240202,12:36:05,236.35,200,55000
20240202,12:36:07,238.15,300,55000
20240202,12:36:09,236.7,600,55000
20240202,12:36:10,240.0,850,55000
20240202,12:36:12,240.05,100,55000
20240202,12:36:14,239.85,100,55000
20240202,12:36:15,240.3,600,55000
20240202,12:36:17,240.9,450,55000
20240202,12:36:19,241.1,700,55000
20240202,12:36:20,241.45,50,55000
20240202,12:36:22,242.15,650,55000
20240202,12:36:26,243.0,850,55000
20240202,12:36:27,243.85,150,55000
20240202,12:36:29,243.0,50,55000
20240202,12:36:32,238.9,350,55000
20240202,12:36:34,237.2,700,55000
20240202,12:36:36,239.35,200,55000
20240202,12:36:37,240.0,50,55000
20240202,12:36:41,238.3,50,55000
20240202,12:36:46,232.8,900,55000
20240202,12:36:47,235.25,750,55000
20240202,12:36:51,234.0,1800,55000
20240202,12:36:52,230.5,3900,55000
20240202,12:36:54,232.3,1850,55000
20240202,12:36:56,230.8,550,55000
20240202,12:37:01,230.4,100,55000
20240202,12:37:02,230.65,550,55000
20240202,12:37:04,230.7,500,55000
20240202,12:37:06,229.65,100,55000
20240202,12:37:11,232.35,50,55000
20240202,12:37:12,233.3,300,55000
20240202,12:37:14,232.5,50,55000
20240202,12:37:16,231.5,950,55000
20240202,12:37:17,231.6,50,55000
20240202,12:37:19,230.3,100,55000
20240202,12:37:22,232.95,700,55000
20240202,12:37:24,232.45,350,55000
20240202,12:37:26,232.75,150,55000
20240202,12:37:29,229.65,100,55000
20240202,12:37:32,226.65,150,55000
20240202,12:37:34,226.2,400,55000
20240202,12:37:37,228.9,400,55000
20240202,12:37:39,229.15,50,55000
20240202,12:37:44,227.5,700,55000
20240202,12:37:46,226.85,400,55000
20240202,12:37:51,225.6,2300,55000
20240202,12:37:52,226.15,200,55000
20240202,12:37:54,228.6,800,55000
20240202,12:37:56,228.15,50,55000
20240202,12:37:59,226.8,100,55000
20240202,12:38:01,224.4,150,55000
20240202,12:38:02,225.35,150,55000
20240202,12:38:04,224.1,800,55000
20240202,12:38:05,224.45,250,55000
20240202,12:38:07,225.8,500,55000
20240202,12:38:10,222.9,3200,55000
20240202,12:38:12,219.6,2550,55000
20240202,12:38:15,218.75,400,55000
20240202,12:38:17,219.3,150,55000
20240202,12:38:19,218.85,100,55000
20240202,12:38:20,218.2,50,55000
20240202,12:38:24,219.25,50,55000
20240202,12:38:32,219.1,1200,55000
20240202,12:38:37,219.5,100,55000
20240202,12:38:44,222.4,300,69150
20240202,12:38:46,223.2,150,69150
20240202,12:38:47,225.0,50,69150
20240202,12:38:51,225.7,300,69150
20240202,12:38:56,222.4,50,69150
20240202,12:39:07,218.65,600,69150
20240202,12:39:12,218.75,450,69150
20240202,12:39:14,222.4,350,69150
20240202,12:39:19,223.85,750,69150
20240202,12:39:20,225.65,450,69150
20240202,12:39:22,227.3,650,69150
20240202,12:39:27,227.5,250,69150
20240202,12:39:30,225.0,400,69150
20240202,12:39:32,224.95,200,69150
20240202,12:39:45,220.75,200,69150
20240202,12:39:50,219.65,150,69150
20240202,12:39:55,218.35,250,69150
20240202,12:39:59,214.65,250,69150
20240202,12:40:02,211.85,550,69150
20240202,12:40:04,214.2,350,69150
20240202,12:40:07,216.35,100,69150
20240202,12:40:09,214.65,50,69150
20240202,12:40:12,209.9,100,69150
20240202,12:40:17,207.45,300,69150
20240202,12:40:19,207.75,650,69150
20240202,12:40:20,211.1,350,69150
20240202,12:40:22,210.05,550,69150
20240202,12:40:25,207.85,50,69150
20240202,12:40:27,208.2,50,69150
20240202,12:40:30,209.15,50,69150
20240202,12:40:34,210.6,50,69150
20240202,12:40:35,210.7,50,69150
20240202,12:40:37,208.45,50,69150
20240202,12:40:40,207.9,300,69150
20240202,12:40:44,205.75,50,69150
20240202,12:40:47,203.85,500,69150
20240202,12:40:49,204.55,50,69150
20240202,12:40:52,208.0,600,69150
20240202,12:40:54,209.35,200,69150
20240202,12:40:57,206.5,500,69150
20240202,12:41:01,208.9,450,69150
20240202,12:41:04,209.55,150,69150
20240202,12:41:05,206.75,50,69150
20240202,12:41:09,210.7,50,69150
20240202,12:41:10,210.65,50,69150
20240202,12:41:17,210.1,150,69150
20240202,12:41:20,211.05,50,69150
20240202,12:41:22,211.65,100,69150
20240202,12:41:24,212.9,1700,69150
20240202,12:41:29,212.8,500,69150
20240202,12:41:32,214.55,450,69150
20240202,12:41:34,213.75,400,69150
20240202,12:41:37,212.45,1250,69150
20240202,12:41:39,212.5,100,69150
20240202,12:41:40,212.9,550,69150
20240202,12:41:42,213.8,100,67600
20240202,12:41:54,213.2,50,67600
20240202,12:41:55,212.3,150,67600
20240202,12:41:59,212.5,250,67600
20240202,12:42:00,211.75,150,67600
20240202,12:42:04,213.4,250,67600
20240202,12:42:09,216.5,1100,67600
20240202,12:42:10,216.1,150,67600
20240202,12:42:15,219.35,150,67600
20240202,12:42:20,223.15,200,67600
20240202,12:42:22,219.65,200,67600
20240202,12:42:25,219.15,1200,67600
20240202,12:42:29,217.7,100,67600
20240202,12:42:32,216.0,100,67600
20240202,12:42:37,214.05,50,67600
20240202,12:42:50,214.4,250,67600
20240202,12:42:52,214.75,400,67600
20240202,12:42:59,214.1,550,67600
20240202,12:43:02,216.25,50,67600
20240202,12:43:04,214.75,50,67600
20240202,12:43:09,211.85,600,67600
20240202,12:43:12,215.55,50,67600
20240202,12:43:32,210.6,100,67600
20240202,12:43:34,210.65,750,67600
20240202,12:43:39,213.8,200,67600
20240202,12:43:42,214.45,50,67600
20240202,12:43:51,216.4,50,67600
20240202,12:43:59,213.7,200,67600
20240202,12:44:04,215.15,500,67600
20240202,12:44:12,211.25,50,67600
20240202,12:44:21,214.85,50,67600
20240202,12:44:29,214.45,50,67600
20240202,12:44:37,211.4,200,67600
20240202,12:44:42,210.0,400,69750
20240202,12:44:47,209.85,50,69750
20240202,12:44:49,210.0,200,69750
20240202,12:44:52,207.7,50,69750
20240202,12:44:57,207.1,100,69750
20240202,12:45:02,208.45,50,69750
20240202,12:45:09,208.75,50,69750
20240202,12:45:13,209.25,50,69750
20240202,12:45:16,209.55,50,69750
20240202,12:45:19,212.5,350,69750
20240202,12:45:24,214.2,250,69750
20240202,12:45:28,213.45,100,69750
20240202,12:45:41,213.3,100,69750
20240202,12:45:43,212.1,300,69750
20240202,12:45:56,212.8,600,69750
20240202,12:46:01,213.25,200,69750
20240202,12:46:13,210.5,400,69750
20240202,12:46:18,213.9,400,69750
20240202,12:46:28,217.0,100,69750
20240202,12:46:38,218.9,500,69750
20240202,12:46:58,220.0,50,69750
20240202,12:47:01,219.15,50,69750
20240202,12:47:13,224.2,50,69750
20240202,12:47:19,222.8,950,69750
20240202,12:47:21,222.55,500,69750
20240202,12:47:24,221.45,650,69750
20240202,12:47:26,220.0,450,69750
20240202,12:47:34,218.35,500,69750
20240202,12:47:36,218.25,200,69750
20240202,12:47:44,220.75,200,70950
20240202,12:47:59,224.4,150,70950
20240202,12:48:02,223.05,1150,70950
20240202,12:48:04,223.75,100,70950
20240202,12:48:06,223.4,650,70950
20240202,12:48:09,223.95,250,70950
20240202,12:48:12,224.55,200,70950
20240202,12:48:17,225.0,150,70950
20240202,12:48:19,226.0,200,70950
20240202,12:48:21,228.1,50,70950
20240202,12:48:29,229.65,500,70950
20240202,12:48:31,227.05,650,70950
20240202,12:48:37,227.05,100,70950
20240202,12:48:39,228.6,450,70950
20240202,12:48:56,228.05,400,70950
20240202,12:48:57,225.3,400,70950
20240202,12:48:59,226.3,1300,70950
20240202,12:49:02,226.8,50,70950
20240202,12:49:04,224.75,600,70950
20240202,12:49:06,226.05,150,70950
20240202,12:49:09,226.2,50,70950
20240202,12:49:12,229.0,50,70950
20240202,12:49:14,230.0,50,70950
20240202,12:49:16,230.05,650,70950
20240202,12:49:17,232.0,150,70950
20240202,12:49:31,229.15,450,70950
20240202,12:49:36,227.85,50,70950
20240202,12:49:47,231.0,50,70950
20240202,12:50:09,233.35,50,70950
20240202,12:50:14,233.2,50,70950
20240202,12:50:17,235.65,400,70950
20240202,12:50:22,237.05,550,70950
20240202,12:50:27,239.0,50,70950
20240202,12:50:29,238.95,300,70950
20240202,12:50:31,240.1,150,70950
20240202,12:50:34,239.85,200,70950
20240202,12:50:36,243.0,700,70950
20240202,12:50:41,236.75,300,70950
20240202,12:50:42,238.45,550,72450
20240202,12:50:44,237.8,500,72450
20240202,12:50:54,235.55,850,72450
20240202,12:51:06,230.85,900,72450
20240202,12:51:14,230.9,150,72450
20240202,12:51:17,228.15,50,72450
20240202,12:51:51,222.6,400,72450
20240202,12:51:54,221.65,50,72450
20240202,12:51:58,221.85,550,72450
20240202,12:52:03,220.4,350,72450
20240202,12:52:06,222.65,350,72450
20240202,12:52:08,223.1,100,72450
20240202,12:52:09,223.15,450,72450
20240202,12:52:14,223.0,450,72450
20240202,12:52:16,223.2,150,72450
20240202,12:52:23,223.65,50,72450
20240202,12:52:41,226.25,50,72450
20240202,12:52:49,223.2,300,72450
20240202,12:53:01,223.95,150,72450
20240202,12:53:13,222.0,50,72450
20240202,12:53:14,220.85,50,72450
20240202,12:53:26,218.1,150,72450
20240202,12:53:33,217.6,200,72450
20240202,12:53:54,222.05,50,73050
20240202,12:54:03,219.45,100,73050
20240202,12:54:05,219.1,50,73050
20240202,12:54:13,217.4,450,73050
20240202,12:54:40,220.35,50,73050
20240202,12:54:46,219.7,50,73050
20240202,12:55:06,217.8,250,73050
20240202,12:55:19,216.15,50,73050
20240202,12:55:31,217.8,150,73050
20240202,12:55:34,218.0,50,73050
20240202,12:55:38,219.45,50,73050
20240202,12:55:44,219.05,200,73050
20240202,12:55:49,218.45,1800,73050
20240202,12:55:59,215.65,300,73050
20240202,12:56:20,215.7,200,73050
20240202,12:56:21,214.45,400,73050
20240202,12:56:25,213.95,50,73050
20240202,12:56:26,213.95,150,73050
20240202,12:56:46,218.65,300,73050
20240202,12:56:53,219.25,50,73250
20240202,12:57:21,217.0,100,73250
20240202,12:57:25,216.35,50,73250
20240202,12:58:24,220.0,900,73250
20240202,12:58:28,220.5,50,73250
20240202,12:58:38,220.1,650,73250
20240202,12:58:45,219.75,550,73250
20240202,12:58:51,222.55,50,73250
20240202,12:59:18,222.55,50,73250
20240202,12:59:21,223.75,50,73250
20240202,12:59:30,223.1,300,73250
20240202,12:59:36,220.35,50,73250
20240202,12:59:58,225.0,100,72650
20240202,13:00:10,229.25,100,72650
20240202,13:00:23,231.2,900,72650
20240202,13:00:48,224.55,50,72650
20240202,13:00:51,224.6,250,72650
20240202,13:01:03,223.2,800,72650
20240202,13:01:08,222.45,1000,72650
20240202,13:01:13,223.45,200,72650
20240202,13:01:15,222.55,50,72650
20240202,13:01:18,220.0,150,72650
20240202,13:01:36,222.05,50,72650
20240202,13:01:43,221.65,250,72650
20240202,13:01:53,220.0,50,72650
20240202,13:02:43,216.8,50,73700
20240202,13:02:58,217.1,50,73700
20240202,13:03:08,216.2,450,73700
20240202,13:03:13,215.05,50,73700
20240202,13:03:16,215.6,250,73700
20240202,13:03:40,215.6,150,73700
20240202,13:04:15,216.15,300,73700
20240202,13:04:25,215.05,250,73700
20240202,13:04:32,217.45,50,73700
20240202,13:04:52,215.0,200,73700
20240202,13:04:53,215.0,200,73700
20240202,13:05:10,216.85,450,73700
20240202,13:06:03,222.25,300,73650
20240202,13:07:07,219.6,150,73650
20240202,13:07:20,218.1,50,73650
20240202,13:07:54,219.6,100,73650
20240202,13:07:57,219.8,150,73650
20240202,13:08:19,222.0,900,73650
20240202,13:08:34,221.6,50,73650
20240202,13:08:44,219.8,100,73650
20240202,13:08:57,221.35,200,73650
20240202,13:09:07,224.5,50,73650
20240202,13:09:20,229.75,50,73650
20240202,13:09:24,227.5,100,73650
20240202,13:09:45,228.95,150,73650
20240202,13:09:47,228.9,50,73650
20240202,13:09:54,228.6,100,73650
20240202,13:09:57,226.85,100,73650
20240202,13:10:05,224.95,300,73650
20240202,13:10:10,225.35,50,73650
20240202,13:10:22,222.6,150,73650
20240202,13:11:00,221.9,50,73650
20240202,13:11:04,223.2,100,73650
20240202,13:11:19,226.8,50,73650
20240202,13:11:35,227.05,50,73650
20240202,13:11:49,229.05,50,73950
20240202,13:11:50,230.0,100,73950
20240202,13:11:52,232.15,600,73950
20240202,13:12:02,226.85,100,73950
20240202,13:12:04,227.4,150,73950
20240202,13:12:16,231.0,150,73950
20240202,13:12:29,232.0,400,73950
20240202,13:12:36,234.0,150,73950
20240202,13:12:39,234.0,150,73950
20240202,13:12:51,229.55,100,73950
20240202,13:13:17,234.5,50,73950
20240202,13:13:19,235.65,50,73950
20240202,13:13:22,236.0,100,73950
20240202,13:13:27,233.3,50,73950
20240202,13:13:30,233.4,150,73950
20240202,13:13:34,233.7,50,73950
20240202,13:13:44,235.35,50,73950
20240202,13:13:52,238.8,200,73950
20240202,13:13:55,240.0,300,73950
20240202,13:13:59,240.9,250,73950
20240202,13:14:00,240.0,150,73950
20240202,13:14:04,238.55,50,73950
20240202,13:14:25,242.2,950,73950
20240202,13:14:27,241.8,150,73950
20240202,13:14:34,245.0,150,73950
20240202,13:14:36,246.15,200,73950
20240202,13:14:42,247.5,2500,73950
20240202,13:14:44,245.75,400,73950
20240202,13:14:46,245.55,100,72750
20240202,13:14:47,245.85,50,72750
20240202,13:14:49,247.0,100,72750
20240202,13:14:54,246.9,3450,72750
20240202,13:14:56,245.8,150,72750
20240202,13:14:57,244.0,450,72750
20240202,13:15:02,249.2,2350,72750
20240202,13:15:04,248.1,350,72750
20240202,13:15:05,249.75,300,72750
20240202,13:15:07,250.2,900,72750
20240202,13:15:09,250.4,200,72750
20240202,13:15:10,253.3,3000,72750
20240202,13:15:14,253.2,50,72750
20240202,13:15:15,254.0,300,72750
20240202,13:15:17,255.4,4150,72750
20240202,13:15:19,254.75,200,72750
20240202,13:15:20,254.15,250,72750
20240202,13:15:22,252.95,1000,72750
20240202,13:15:24,255.0,2450,72750
20240202,13:15:25,255.75,1450,72750
20240202,13:15:27,255.75,4350,72750
20240202,13:15:29,255.25,1150,72750
20240202,13:15:30,255.4,250,72750
20240202,13:15:32,255.0,200,72750
20240202,13:15:34,258.1,4250,72750
20240202,13:15:37,256.1,250,72750
20240202,13:15:39,256.1,50,72750
20240202,13:15:40,258.6,500,72750
20240202,13:15:42,261.75,3100,72750
20240202,13:15:49,264.5,4000,72750
20240202,13:15:50,264.8,100,72750
20240202,13:15:52,263.55,650,72750
20240202,13:15:55,262.3,550,72750
20240202,13:15:57,260.85,100,72750
20240202,13:16:00,258.75,450,72750
20240202,13:16:02,259.35,300,72750
20240202,13:16:05,260.45,4400,72750
20240202,13:16:10,257.45,150,72750
20240202,13:16:12,253.3,250,72750
20240202,13:16:14,253.65,1000,72750
20240202,13:16:15,255.65,200,72750
20240202,13:16:19,253.75,150,72750
20240202,13:16:22,253.6,400,72750
20240202,13:16:25,252.2,100,72750
20240202,13:16:27,251.95,400,72750
20240202,13:16:30,252.85,1250,72750
20240202,13:16:32,252.9,250,72750
20240202,13:16:34,250.95,200,72750
20240202,13:16:40,245.7,50,72750
20240202,13:16:42,246.1,100,72750
20240202,13:16:45,248.1,700,72750
20240202,13:16:47,248.15,100,72750
20240202,13:16:55,246.4,850,72750
20240202,13:16:59,243.55,50,72750
20240202,13:17:00,243.75,150,72750
20240202,13:17:04,241.8,250,72750
20240202,13:17:05,241.85,1250,72750
20240202,13:17:07,241.7,100,72750
20240202,13:17:10,243.35,300,72750
20240202,13:17:14,245.3,500,72750
20240202,13:17:19,247.0,150,72750
20240202,13:17:22,245.15,1450,72750
20240202,13:17:24,247.5,650,72750
20240202,13:17:25,246.6,200,72750
20240202,13:17:29,245.65,1100,72750
20240202,13:17:30,244.65,200,72750
20240202,13:17:37,245.5,1100,72750
20240202,13:17:39,244.8,300,72750
20240202,13:17:42,246.6,50,72750
20240202,13:17:44,246.5,4550,72750
20240202,13:17:47,243.95,400,49700
20240202,13:17:50,245.75,200,49700
20240202,13:17:54,244.95,450,49700
20240202,13:18:00,247.4,500,49700
20240202,13:18:04,245.85,200,49700
20240202,13:18:07,245.05,1500,49700
20240202,13:18:09,246.45,600,49700
20240202,13:18:10,245.2,600,49700
20240202,13:18:17,248.5,750,49700
20240202,13:18:20,247.65,450,49700
20240202,13:18:22,246.6,200,49700
20240202,13:18:34,245.45,100,49700
20240202,13:18:44,241.95,400,49700
20240202,13:18:50,240.5,100,49700
20240202,13:18:54,241.3,150,49700
20240202,13:19:00,243.1,150,49700
20240202,13:19:02,242.3,150,49700
20240202,13:19:11,240.2,50,49700
20240202,13:19:12,241.2,150,49700
20240202,13:19:17,241.15,150,49700
20240202,13:19:21,241.15,50,49700
20240202,13:19:22,241.8,250,49700
20240202,13:19:24,242.45,150,49700
20240202,13:19:59,242.9,100,49700
20240202,13:20:11,247.0,100,49700
20240202,13:20:14,246.75,50,49700
20240202,13:20:17,247.0,100,49700
20240202,13:20:32,244.5,200,49700
20240202,13:20:48,249.05,250,49700
20240202,13:21:00,250.9,150,45900
20240202,13:21:03,250.9,150,45900
20240202,13:21:09,250.9,50,45900
20240202,13:21:11,250.9,50,45900
20240202,13:21:21,247.15,50,45900
20240202,13:21:40,251.55,400,45900
20240202,13:21:56,251.55,100,45900
20240202,13:22:05,252.35,50,45900
20240202,13:22:10,251.5,400,45900
20240202,13:22:11,252.15,350,45900
20240202,13:22:13,251.45,50,45900
20240202,13:22:15,251.8,50,45900
20240202,13:23:21,252.2,50,45900
20240202,13:23:26,254.35,50,45900
20240202,13:23:31,253.65,50,45900
20240202,13:23:33,252.15,50,45900
20240202,13:23:38,255.0,500,45900
20240202,13:23:50,254.8,150,45600
20240202,13:23:51,253.5,50,45600
20240202,13:24:01,254.5,50,45600
20240202,13:24:08,255.0,50,45600
20240202,13:24:26,255.75,50,45600
20240202,13:24:43,259.9,200,45600
20240202,13:24:46,259.0,250,45600
20240202,13:24:48,260.0,150,45600
20240202,13:24:53,261.0,150,45600
20240202,13:25:16,263.9,50,45600
20240202,13:25:18,263.5,250,45600
20240202,13:25:20,263.95,400,45600
20240202,13:25:30,263.1,50,45600
20240202,13:25:40,264.5,100,45600
20240202,13:25:52,270.0,550,45600
20240202,13:25:53,271.4,100,45600
20240202,13:26:02,274.3,600,45600
20240202,13:26:05,269.0,100,45600
20240202,13:26:07,269.2,650,45600
20240202,13:26:17,266.2,1050,45600
20240202,13:26:37,260.45,200,45600
20240202,13:26:38,260.45,200,45600
20240202,13:26:43,259.45,250,45600
20240202,13:27:02,261.45,450,45600
20240202,13:27:03,260.1,50,45250
20240202,13:27:10,260.0,50,45250
20240202,13:27:13,262.65,100,45250
20240202,13:27:15,262.85,50,45250
20240202,13:27:17,264.0,50,45250
20240202,13:27:35,266.05,50,45250
20240202,13:27:37,264.2,200,45250
20240202,13:27:42,266.2,200,45250
20240202,13:27:58,263.0,200,45250
20240202,13:28:07,261.35,50,45250
20240202,13:28:08,263.05,100,45250
20240202,13:28:27,260.0,100,45250
20240202,13:28:38,256.05,50,45250
20240202,13:28:50,255.85,350,45250
20240202,13:28:53,255.9,200,45250
20240202,13:29:19,250.95,200,45250
20240202,13:29:27,249.0,50,45250
20240202,13:29:35,253.45,200,45250
20240202,13:29:44,254.2,200,45250
20240202,13:29:50,250.95,50,45400
20240202,13:29:55,249.3,200,45400
20240202,13:29:59,251.75,300,45400
20240202,13:30:00,252.3,650,45400
20240202,13:30:04,252.0,200,45400
20240202,13:30:10,252.4,200,45400
20240202,13:30:30,253.1,200,45400
20240202,13:31:07,254.5,700,45400
20240202,13:31:12,254.9,700,45400
20240202,13:31:14,256.65,200,45400
20240202,13:31:32,256.75,50,45400
20240202,13:31:44,262.2,300,45400
20240202,13:31:45,261.85,100,45400
20240202,13:31:47,262.75,100,45400
20240202,13:31:49,262.3,100,45400
20240202,13:31:52,262.55,100,45400
20240202,13:31:55,262.95,100,45400
20240202,13:31:57,263.95,400,45400
20240202,13:32:05,259.8,200,45400
20240202,13:32:07,261.15,250,45400
20240202,13:32:20,261.4,200,45400
20240202,13:32:22,261.05,200,45400
20240202,13:32:32,262.0,50,45400
20240202,13:32:37,265.9,50,45400
20240202,13:32:39,266.0,200,45400
20240202,13:32:40,268.0,100,45400
20240202,13:32:49,264.85,50,46100
20240202,13:33:11,262.0,200,46100
20240202,13:33:12,261.8,50,46100
20240202,13:33:24,260.7,100,46100
20240202,13:33:36,259.85,150,46100
20240202,13:33:57,257.95,50,46100
20240202,13:33:59,258.7,200,46100
20240202,13:34:05,257.9,100,46100
20240202,13:34:09,258.7,250,46100
20240202,13:35:02,259.3,450,46100
20240202,13:35:06,258.3,150,46100
20240202,13:35:09,259.35,100,46100
20240202,13:35:21,255.3,200,46100
20240202,13:35:26,254.15,50,46100
20240202,13:35:36,253.5,500,46100
20240202,13:35:47,251.1,50,46100
20240202,13:36:03,250.75,200,46050
20240202,13:36:05,251.05,100,46050
20240202,13:36:07,252.75,350,46050
20240202,13:36:17,253.9,500,46050
20240202,13:36:23,251.6,100,46050
20240202,13:36:30,253.2,100,46050
20240202,13:36:35,252.85,250,46050
20240202,13:36:40,252.95,100,46050
20240202,13:36:42,251.65,150,46050
20240202,13:36:47,250.0,900,46050
20240202,13:37:00,250.1,100,46050
20240202,13:37:02,251.1,100,46050
20240202,13:37:03,251.1,350,46050
20240202,13:37:07,250.9,150,46050
20240202,13:37:12,250.0,50,46050
20240202,13:37:20,250.35,300,46050
20240202,13:37:52,243.4,100,46050
20240202,13:38:05,243.1,350,46050
20240202,13:38:17,244.5,300,46050
20240202,13:38:18,245.4,150,46050
20240202,13:38:23,243.9,100,46050
20240202,13:38:35,241.55,100,46050
20240202,13:38:48,240.35,100,46050
20240202,13:38:52,242.5,200,46900
20240202,13:39:03,244.35,50,46900
20240202,13:39:14,241.55,500,46900
20240202,13:39:27,237.6,100,46900
20240202,13:39:29,236.7,50,46900
20240202,13:39:32,237.0,1100,46900
20240202,13:39:35,237.0,600,46900
20240202,13:39:54,235.65,100,46900
20240202,13:39:57,235.7,150,46900
20240202,13:40:00,236.1,100,46900
20240202,13:40:04,235.8,200,46900
20240202,13:40:07,235.8,100,46900
20240202,13:40:10,234.75,50,46900
20240202,13:40:12,235.0,50,46900
20240202,13:40:15,237.0,1400,46900
20240202,13:40:19,239.5,50,46900
20240202,13:40:29,242.5,50,46900
20240202,13:40:30,241.95,50,46900
20240202,13:40:32,241.25,100,46900
20240202,13:40:34,240.75,50,46900
20240202,13:40:49,244.15,100,46900
20240202,13:40:52,245.4,250,46900
20240202,13:40:54,246.05,100,46900
20240202,13:40:55,245.65,250,46900
20240202,13:40:59,245.05,100,46900
20240202,13:41:02,244.2,50,46900
20240202,13:41:22,247.0,50,46900
20240202,13:41:35,249.55,200,46900
20240202,13:41:45,249.15,250,46900
20240202,13:41:55,247.3,200,44600
20240202,13:41:57,246.3,100,44600
20240202,13:42:15,245.7,200,44600
20240202,13:42:22,245.05,50,44600
20240202,13:42:27,244.3,100,44600
20240202,13:42:37,245.7,100,44600
20240202,13:42:42,248.3,150,44600
20240202,13:42:59,251.9,50,44600
20240202,13:43:17,252.0,100,44600
20240202,13:43:25,251.55,100,44600
20240202,13:43:29,249.45,200,44600
20240202,13:43:44,246.1,150,44600
20240202,13:43:51,245.0,100,44600
20240202,13:43:56,245.05,150,44600
20240202,13:44:27,246.1,50,44600
20240202,13:44:30,246.4,250,44600
20240202,13:45:13,245.0,50,45000
20240202,13:45:58,243.0,1400,45000
20240202,13:46:07,242.15,50,45000
20240202,13:46:27,240.0,50,45000
20240202,13:46:45,239.4,50,45000
20240202,13:46:57,237.6,150,45000
20240202,13:46:59,238.6,50,45000
20240202,13:47:19,239.15,50,45000
20240202,13:47:49,245.0,50,45000
20240202,13:49:05,243.6,50,46200
20240202,13:49:19,245.55,50,46200
20240202,13:49:39,247.65,150,46200
20240202,13:49:54,249.25,150,46200
20240202,13:50:00,249.4,50,46200
20240202,13:50:02,247.55,50,46200
20240202,13:50:17,248.3,250,46200
20240202,13:50:27,245.7,100,46200
20240202,13:50:37,248.2,100,46200
20240202,13:50:39,249.35,50,46200
20240202,13:50:51,251.6,100,46050
20240202,13:50:56,251.2,150,46050
20240202,13:51:06,250.8,100,46050
20240202,13:51:47,247.2,50,46050
20240202,13:52:16,245.7,50,46050
20240202,13:52:31,244.55,50,46050
20240202,13:52:34,243.75,50,46050
20240202,13:52:39,244.0,50,46050
20240202,13:52:58,242.5,50,46050
20240202,13:52:59,242.15,200,46050
20240202,13:53:51,238.45,100,45950
20240202,13:53:53,237.95,400,45950
20240202,13:54:01,236.1,350,45950
20240202,13:54:03,236.85,200,45950
20240202,13:54:11,237.05,50,45950
20240202,13:54:16,235.8,50,45950
20240202,13:54:18,235.75,50,45950
20240202,13:54:23,234.0,50,45950
20240202,13:54:24,234.9,50,45950
20240202,13:54:33,234.2,100,45950
20240202,13:54:38,236.1,50,45950
20240202,13:54:54,234.8,50,45950
20240202,13:55:01,235.45,400,45950
20240202,13:55:08,234.5,50,45950
20240202,13:55:23,233.2,50,45950
20240202,13:55:58,234.3,100,45950
20240202,13:56:13,231.05,100,45950
20240202,13:56:19,231.65,100,45950
20240202,13:56:21,232.8,150,45950
20240202,13:56:28,231.35,50,45950
20240202,13:56:53,235.8,150,45150
20240202,13:57:09,237.3,100,45150
20240202,13:57:31,237.6,50,45150
20240202,13:57:35,238.85,100,45150
20240202,13:57:36,237.7,50,45150
20240202,13:58:01,234.6,50,45150
20240202,13:58:38,231.9,250,45150
20240202,13:58:43,232.75,50,45150
20240202,13:59:00,230.4,100,45150
20240202,13:59:01,231.0,150,45150
20240202,13:59:05,231.75,100,45150
20240202,13:59:25,231.8,50,45150
20240202,14:00:05,234.15,50,45300
20240202,14:00:07,234.8,50,45300
20240202,14:00:17,236.2,50,45300
20240202,14:00:20,237.4,50,45300
20240202,14:00:22,237.85,450,45300
20240202,14:00:35,239.55,350,45300
20240202,14:00:40,238.3,50,45300
20240202,14:01:06,240.35,150,45300
20240202,14:01:08,240.4,500,45300
20240202,14:01:16,239.45,50,45300
20240202,14:01:18,237.65,50,45300
20240202,14:01:55,234.6,50,45300
20240202,14:02:03,230.4,750,45300
20240202,14:02:10,230.0,50,45300
20240202,14:02:12,229.9,100,45300
20240202,14:02:13,229.2,50,45300
20240202,14:02:20,226.35,100,45300
20240202,14:02:51,229.5,50,45300
20240202,14:03:13,230.0,50,45300
20240202,14:03:21,230.1,50,45300
20240202,14:03:36,231.6,100,45300
20240202,14:03:38,232.4,450,45300
20240202,14:03:43,232.65,50,45300
20240202,14:03:45,230.85,150,45300
20240202,14:04:10,229.2,50,45300
20240202,14:04:12,229.8,250,45300
20240202,14:04:28,231.15,50,45300
20240202,14:04:35,229.45,100,45300
20240202,14:04:42,228.6,300,45300
20240202,14:04:58,231.5,100,45300
20240202,14:05:00,230.4,400,45300
20240202,14:05:03,229.05,100,45300
20240202,14:05:13,228.9,50,45300
20240202,14:05:15,228.6,150,45300
20240202,14:05:17,228.0,50,45300
20240202,14:05:18,227.55,100,45300
20240202,14:05:20,228.5,150,45300
20240202,14:05:28,226.55,100,45300
20240202,14:05:30,225.75,50,45300
20240202,14:05:35,223.85,200,45300
20240202,14:05:37,223.9,50,45300
20240202,14:05:38,224.15,50,45300
20240202,14:05:45,224.25,150,45300
20240202,14:05:55,221.75,100,45550
20240202,14:05:58,220.55,450,45550
20240202,14:06:09,225.0,150,45550
20240202,14:06:30,226.2,150,45550
20240202,14:07:07,223.85,300,45550
20240202,14:07:20,219.15,400,45550
20240202,14:07:25,219.45,50,45550
20240202,14:07:29,220.95,250,45550
20240202,14:07:32,220.45,50,45550
20240202,14:07:34,221.35,300,45550
20240202,14:07:35,222.4,250,45550
20240202,14:07:40,221.65,50,45550
20240202,14:07:42,222.45,250,45550
20240202,14:07:45,222.2,50,45550
20240202,14:07:50,222.0,50,45550
20240202,14:08:05,222.55,200,45550
20240202,14:08:24,224.0,50,45550
20240202,14:08:37,223.8,50,45550
20240202,14:09:00,220.25,100,46850
20240202,14:09:04,220.3,100,46850
20240202,14:09:05,220.75,300,46850
20240202,14:09:10,219.75,100,46850
20240202,14:09:14,217.8,100,46850
20240202,14:09:19,217.05,50,46850
20240202,14:09:24,217.05,250,46850
20240202,14:09:29,216.0,50,46850
20240202,14:09:34,216.25,50,46850
20240202,14:09:35,217.65,200,46850
20240202,14:09:40,217.25,50,46850
20240202,14:09:44,217.95,50,46850
20240202,14:09:47,218.55,150,46850
20240202,14:09:52,219.3,100,46850
20240202,14:10:12,218.1,50,46850
20240202,14:10:22,219.5,450,46850
20240202,14:10:27,220.2,50,46850
20240202,14:10:30,220.85,650,46850
20240202,14:10:40,221.85,50,46850
20240202,14:10:55,221.75,50,46850
20240202,14:11:04,222.0,100,46850
20240202,14:11:10,222.4,50,46850
20240202,14:11:14,222.3,1550,46850
20240202,14:11:15,223.15,100,46850
20240202,14:11:34,221.9,50,46850
20240202,14:12:20,228.0,50,47400
20240202,14:12:34,228.0,100,47400
20240202,14:12:44,226.55,100,47400
20240202,14:12:45,227.25,50,47400
20240202,14:12:54,223.8,50,47400
20240202,14:13:04,227.25,50,47400
20240202,14:13:14,228.05,50,47400
20240202,14:13:19,229.15,100,47400
20240202,14:13:20,228.7,1800,47400
20240202,14:13:22,228.05,2700,47400
20240202,14:13:55,224.4,100,47400
20240202,14:14:09,224.35,50,47400
20240202,14:14:10,224.9,300,47400
20240202,14:14:22,223.05,200,47400
20240202,14:14:23,223.15,50,47400
20240202,14:14:27,221.9,50,47400
20240202,14:14:30,221.4,100,47400
20240202,14:14:32,220.85,50,47400
20240202,14:14:38,220.75,50,47400
20240202,14:14:43,221.95,50,47400
20240202,14:14:45,220.85,100,47400
20240202,14:14:50,220.65,250,47400
20240202,14:15:01,221.95,50,48450
20240202,14:15:03,223.15,250,48450
20240202,14:15:05,223.85,50,48450
20240202,14:15:11,224.75,1000,48450
20240202,14:15:35,223.75,50,48450
20240202,14:15:38,223.8,1800,48450
20240202,14:15:40,224.7,1850,48450
20240202,14:15:41,225.3,900,48450
20240202,14:15:50,224.6,50,48450
20240202,14:15:58,224.4,50,48450
20240202,14:16:10,226.55,50,48450
20240202,14:16:11,226.65,100,48450
20240202,14:16:45,221.7,400,48450
20240202,14:17:05,221.0,1000,48450
20240202,14:17:18,220.35,50,48450
20240202,14:17:40,217.6,50,48450
20240202,14:18:02,217.9,1000,51850
20240202,14:18:03,218.85,200,51850
20240202,14:18:05,218.7,50,51850
20240202,14:18:45,222.4,50,51850
20240202,14:18:57,225.0,50,51850
20240202,14:19:07,228.4,150,51850
20240202,14:19:08,228.95,450,51850
20240202,14:19:12,226.5,50,51850
20240202,14:19:15,227.3,50,51850
20240202,14:19:24,228.6,150,51850
20240202,14:19:29,228.25,50,51850
20240202,14:19:30,229.0,150,51850
20240202,14:19:39,228.2,200,51850
20240202,14:19:40,227.65,50,51850
20240202,14:19:42,227.0,50,51850
20240202,14:19:44,228.4,50,51850
20240202,14:19:55,225.9,1150,51850
20240202,14:19:57,226.8,100,51850
20240202,14:20:08,224.65,50,51850
20240202,14:20:11,227.05,600,51850
20240202,14:20:38,226.0,1000,51850
20240202,14:20:51,227.1,50,51850
20240202,14:20:58,224.5,200,51750
20240202,14:21:00,224.0,200,51750
20240202,14:21:07,223.85,450,51750
20240202,14:21:13,222.7,800,51750
20240202,14:21:32,222.95,50,51750
20240202,14:21:49,222.6,150,51750
20240202,14:22:15,225.0,150,51750
20240202,14:22:30,226.7,1050,51750
20240202,14:22:43,224.9,300,51750
20240202,14:22:50,227.0,100,51750
20240202,14:23:02,227.25,300,51750
20240202,14:23:03,227.2,50,51750
20240202,14:23:35,227.0,1000,51750
20240202,14:23:57,226.9,200,50950
20240202,14:24:18,226.95,100,50950
20240202,14:24:23,226.0,400,50950
20240202,14:24:28,225.35,50,50950
20240202,14:24:30,225.6,50,50950
20240202,14:24:35,225.05,50,50950
20240202,14:24:38,223.8,400,50950
20240202,14:24:48,223.75,50,50950
20240202,14:25:05,222.0,200,50950
20240202,14:25:22,220.0,50,50950
20240202,14:25:25,219.45,450,50950
20240202,14:25:28,218.2,50,50950
20240202,14:25:32,219.2,250,50950
20240202,14:25:52,217.4,100,50950
20240202,14:25:53,216.9,150,50950
20240202,14:25:58,219.4,50,50950
20240202,14:26:02,221.35,50,50950
20240202,14:26:05,220.5,450,50950
20240202,14:26:07,220.65,50,50950
20240202,14:26:17,221.05,200,50950
20240202,14:26:19,221.4,150,50950
20240202,14:26:22,220.95,50,50950
20240202,14:27:27,228.6,50,51350
20240202,14:27:49,228.6,100,51350
20240202,14:27:55,226.9,50,51350
20240202,14:28:00,227.05,150,51350
20240202,14:28:02,226.7,50,51350
20240202,14:28:10,227.65,50,51350
20240202,14:28:14,227.4,150,51350
20240202,14:28:39,230.35,100,51350
20240202,14:28:40,228.3,1000,51350
20240202,14:28:42,229.45,100,51350
20240202,14:29:04,230.9,250,51350
20240202,14:29:32,231.35,50,51350
20240202,14:29:39,233.1,150,51350
20240202,14:30:19,229.9,100,50650
20240202,14:30:20,229.2,100,50650
20240202,14:30:25,228.65,150,50650
20240202,14:30:34,227.55,300,50650
20240202,14:30:45,228.7,50,50650
20240202,14:31:04,228.65,100,50650
20240202,14:31:05,228.65,50,50650
20240202,14:31:07,227.0,100,50650
20240202,14:31:09,227.7,50,50650
20240202,14:31:12,225.65,150,50650
20240202,14:31:20,226.2,100,50650
20240202,14:31:25,227.6,200,50650
20240202,14:31:52,228.6,500,50650
20240202,14:32:09,231.6,50,50650
20240202,14:32:10,232.25,50,50650
20240202,14:32:15,231.0,50,50650
20240202,14:32:17,230.0,50,50650
20240202,14:32:32,234.0,50,50650
20240202,14:32:50,231.2,50,50650
20240202,14:32:57,230.6,50,50500
20240202,14:33:02,229.2,50,50500
20240202,14:33:40,228.4,50,50500
20240202,14:33:42,228.6,100,50500
20240202,14:33:44,228.45,100,50500
20240202,14:33:50,229.0,100,50500
20240202,14:33:52,228.25,100,50500
20240202,14:33:55,229.1,100,50500
20240202,14:34:39,228.0,150,50500
20240202,14:36:08,225.6,50,50500
20240202,14:36:31,222.55,100,50600
20240202,14:36:33,223.55,200,50600
20240202,14:36:41,223.55,50,50600
20240202,14:36:43,224.0,100,50600
20240202,14:37:01,222.6,150,50600
20240202,14:37:09,219.2,500,50600
20240202,14:37:12,220.0,100,50600
20240202,14:37:16,218.6,500,50600
20240202,14:37:21,218.3,700,50600
20240202,14:37:26,216.65,50,50600
20240202,14:37:33,217.9,200,50600
20240202,14:38:03,218.25,100,50600
20240202,14:38:53,219.7,100,50600
20240202,14:40:01,222.8,50,50250
20240202,14:40:18,222.3,100,50250
20240202,14:40:35,224.75,50,50250
20240202,14:40:46,223.8,50,50250
20240202,14:40:55,224.25,350,50250
20240202,14:41:05,224.15,50,50250
20240202,14:41:11,221.5,50,50250
20240202,14:41:28,221.4,350,50250
20240202,14:41:36,220.4,100,50250
20240202,14:41:46,218.6,50,50250
20240202,14:42:06,220.45,50,50250
20240202,14:43:31,216.5,150,50250
20240202,14:43:38,214.55,250,50250
20240202,14:43:40,213.85,50,50250
20240202,14:43:50,211.7,50,50250
20240202,14:43:55,212.45,200,50250
20240202,14:44:21,208.35,50,50250
20240202,14:44:24,209.0,50,50250
20240202,14:44:41,213.5,50,50250
20240202,14:44:46,212.3,100,50250
20240202,14:44:51,213.0,50,50250
20240202,14:44:52,211.7,50,50250
20240202,14:44:56,211.3,50,50250
20240202,14:45:00,213.1,50,50200
20240202,14:45:03,212.5,50,50200
20240202,14:45:05,212.1,50,50200
20240202,14:45:07,211.9,100,50200
20240202,14:45:28,209.55,150,50200
20240202,14:45:35,210.6,50,50200
20240202,14:46:12,213.6,50,50200
20240202,14:46:39,215.2,50,50200
20240202,14:46:46,216.75,50,50200
20240202,14:46:54,216.75,600,50200
20240202,14:46:58,217.05,50,50200
20240202,14:46:59,214.2,450,50200
20240202,14:47:21,216.15,100,50200
20240202,14:47:27,215.75,150,50200
20240202,14:47:47,214.0,50,50200
20240202,14:48:15,213.95,500,50550
20240202,14:49:43,213.35,500,50550
20240202,14:49:46,210.6,100,50550
20240202,14:50:18,212.6,50,50550
20240202,14:50:34,214.6,200,50550
20240202,14:50:51,220.2,300,50550
20240202,14:50:52,220.25,150,50550
20240202,14:50:54,221.0,150,50550
20240202,14:50:56,218.7,50,50550
20240202,14:50:57,218.25,50,50550
20240202,14:51:02,219.15,100,51050
20240202,14:51:11,224.25,100,51050
20240202,14:51:12,223.2,50,51050
20240202,14:51:14,223.35,50,51050
20240202,14:51:16,222.2,50,51050
20240202,14:51:19,220.6,350,51050
20240202,14:51:22,221.75,50,51050
20240202,14:51:25,223.35,50,51050
20240202,14:51:30,222.55,50,51050
20240202,14:51:34,223.65,100,51050
20240202,14:51:39,223.2,50,51050
20240202,14:51:40,223.35,50,51050
20240202,14:51:45,222.6,150,51050
20240202,14:51:54,223.3,50,51050
20240202,14:51:58,224.65,750,51050
20240202,14:52:02,224.55,200,51050
20240202,14:52:03,224.4,50,51050
20240202,14:52:05,223.35,50,51050
20240202,14:52:07,222.2,50,51050
20240202,14:52:08,223.7,50,51050
20240202,14:52:13,223.25,100,51050
20240202,14:52:15,223.2,150,51050
20240202,14:52:27,222.1,350,51050
20240202,14:52:32,223.5,50,51050
20240202,14:52:35,224.5,100,51050
20240202,14:52:37,223.6,50,51050
20240202,14:52:42,224.5,200,51050
20240202,14:52:53,226.6,750,51050
20240202,14:52:57,228.6,100,51050
20240202,14:53:00,230.1,250,51050
20240202,14:53:02,229.55,150,51050
20240202,14:53:05,229.2,50,51050
20240202,14:53:07,228.7,50,51050
20240202,14:53:13,227.9,50,51050
20240202,14:53:23,228.8,100,51050
20240202,14:53:25,229.85,100,51050
20240202,14:53:32,232.0,350,51050
20240202,14:53:33,233.15,50,51050
20240202,14:53:37,232.85,100,51050
20240202,14:53:38,235.7,50,51050
20240202,14:53:40,235.95,50,51050
20240202,14:53:42,234.8,150,51050
20240202,14:53:43,235.2,50,51050
20240202,14:53:48,234.5,50,51050
20240202,14:53:57,238.2,100,51050
20240202,14:54:00,237.6,100,51650
20240202,14:54:08,234.05,100,51650
20240202,14:54:10,232.15,100,51650
20240202,14:54:15,234.6,100,51650
20240202,14:54:17,234.7,50,51650
20240202,14:54:20,234.15,50,51650
20240202,14:54:22,234.45,150,51650
20240202,14:54:25,233.2,50,51650
20240202,14:54:27,230.8,100,51650
20240202,14:54:28,231.2,100,51650
20240202,14:54:33,232.8,200,51650
20240202,14:54:37,232.7,50,51650
20240202,14:54:40,233.35,50,51650
20240202,14:54:42,234.6,50,51650
20240202,14:55:02,235.55,100,51650
20240202,14:55:15,237.5,100,51650
20240202,14:55:18,239.5,200,51650
20240202,14:55:20,240.0,650,51650
20240202,14:55:22,239.45,50,51650
20240202,14:55:23,240.95,50,51650
20240202,14:55:37,243.6,150,51650
20240202,14:55:38,242.0,150,51650
20240202,14:55:47,239.3,150,51650
20240202,14:55:48,241.15,50,51650
20240202,14:55:50,240.95,100,51650
20240202,14:55:52,241.35,100,51650
20240202,14:55:53,241.25,800,51650
20240202,14:55:58,241.1,150,51650
20240202,14:56:03,243.9,50,51650
20240202,14:56:08,241.5,100,51650
20240202,14:56:17,242.9,100,51650
20240202,14:56:18,243.5,100,51650
20240202,14:56:22,246.0,1300,51650
20240202,14:56:27,245.75,300,51650
20240202,14:56:33,247.3,100,51650
20240202,14:56:35,246.35,1050,51650
20240202,14:56:37,245.8,400,51650
20240202,14:56:40,247.9,200,51650
20240202,14:56:45,248.0,50,51650
20240202,14:56:47,249.0,50,51650
20240202,14:56:48,250.9,750,51650
20240202,14:56:57,251.75,200,51650
20240202,14:57:00,251.55,50,51650
20240202,14:57:02,251.95,50,50900
20240202,14:57:07,255.65,50,50900
20240202,14:57:08,256.0,1700,50900
20240202,14:57:10,254.45,50,50900
20240202,14:57:12,253.0,650,50900
20240202,14:57:13,252.35,150,50900
20240202,14:57:15,251.55,50,50900
20240202,14:57:18,250.0,50,50900
20240202,14:57:23,253.3,50,50900
20240202,14:57:25,252.35,50,50900
20240202,14:57:40,258.3,200,50900
20240202,14:57:42,258.1,100,50900
20240202,14:57:43,257.15,50,50900
20240202,14:57:45,257.25,150,50900
20240202,14:57:48,259.05,50,50900
20240202,14:57:52,258.05,50,50900
20240202,14:57:55,259.35,50,50900
20240202,14:57:57,260.15,300,50900
20240202,14:57:58,258.7,50,50900
20240202,14:58:02,260.5,650,50900
20240202,14:58:08,259.8,150,50900
20240202,14:58:10,258.25,50,50900
20240202,14:58:12,258.8,150,50900
20240202,14:58:13,259.5,100,50900
20240202,14:58:15,258.0,50,50900
20240202,14:58:20,257.55,50,50900
20240202,14:58:22,257.3,50,50900
20240202,14:58:27,256.65,50,50900
20240202,14:58:28,253.95,50,50900
20240202,14:58:30,252.7,50,50900
20240202,14:58:33,254.4,100,50900
20240202,14:58:37,254.5,100,50900
20240202,14:58:48,254.5,50,50900
20240202,14:58:50,256.8,650,50900
20240202,14:58:53,258.8,50,50900
20240202,14:59:00,260.6,50,50900
20240202,14:59:05,256.95,300,50900
20240202,14:59:07,258.05,150,50900
20240202,14:59:10,259.15,850,50900
20240202,14:59:15,257.2,400,50900
20240202,14:59:35,259.15,450,50900
20240202,14:59:37,259.5,400,50900
20240202,14:59:38,258.1,200,50900
20240202,14:59:40,256.1,200,50900
20240202,14:59:42,255.4,50,50900
20240202,14:59:43,254.65,50,50900
20240202,14:59:47,255.0,100,50900
20240202,15:00:00,250.85,200,49450
20240202,15:00:02,249.5,550,49450
20240202,15:00:04,247.2,350,49450
20240202,15:00:05,247.65,50,49450
20240202,15:00:07,248.3,150,49450
20240202,15:00:14,246.4,100,49450
20240202,15:00:20,239.7,50,49450
20240202,15:00:25,238.1,50,49450
20240202,15:00:27,237.55,200,49450
20240202,15:00:29,235.1,50,49450
20240202,15:00:32,236.3,50,49450
20240202,15:00:34,236.95,100,49450
20240202,15:00:40,239.2,250,49450
20240202,15:00:44,242.05,100,49450
20240202,15:00:45,242.75,100,49450
20240202,15:00:55,247.3,50,49450
20240202,15:00:57,244.55,50,49450
20240202,15:01:00,243.2,50,49450
20240202,15:01:05,241.55,50,49450
20240202,15:01:07,241.55,50,49450
20240202,15:01:08,241.85,550,49450
20240202,15:01:10,241.85,50,49450
20240202,15:01:23,239.75,50,49450
20240202,15:01:25,239.05,50,49450
20240202,15:01:27,240.15,50,49450
20240202,15:01:28,241.85,50,49450
20240202,15:01:30,243.1,150,49450
20240202,15:01:32,244.0,50,49450
20240202,15:01:45,243.7,100,49450
20240202,15:01:47,243.1,50,49450
20240202,15:01:50,244.75,50,49450
20240202,15:02:00,243.45,250,49450
20240202,15:02:02,242.8,350,49450
20240202,15:02:07,243.95,50,49450
20240202,15:02:09,245.9,50,49450
20240202,15:02:10,247.7,50,49450
20240202,15:02:12,248.05,50,49450
20240202,15:02:14,248.3,50,49450
20240202,15:02:15,248.55,200,49450
20240202,15:02:17,247.55,100,49450
20240202,15:02:20,249.8,150,49450
20240202,15:02:22,252.2,100,49450
20240202,15:02:25,252.85,250,49450
20240202,15:02:27,253.6,300,49450
20240202,15:02:29,252.3,200,49450
20240202,15:02:30,252.4,150,49450
20240202,15:02:34,257.2,250,49450
20240202,15:02:35,257.95,400,49450
20240202,15:02:37,258.45,300,49450
20240202,15:02:39,257.4,400,49450
20240202,15:02:52,254.1,100,49450
20240202,15:03:00,253.6,50,48450
20240202,15:03:05,255.05,150,48450
20240202,15:03:07,254.0,50,48450
20240202,15:03:32,258.2,50,48450
20240202,15:03:34,258.3,50,48450
20240202,15:03:35,259.0,50,48450
20240202,15:03:37,256.9,150,48450
20240202,15:03:39,254.75,100,48450
20240202,15:03:40,255.7,100,48450
20240202,15:03:42,255.4,50,48450
20240202,15:03:50,255.6,50,48450
20240202,15:04:04,257.65,100,48450
20240202,15:04:06,257.05,50,48450
20240202,15:04:07,257.95,300,48450
20240202,15:04:12,255.75,100,48450
20240202,15:04:14,256.4,50,48450
20240202,15:04:17,255.45,100,48450
20240202,15:04:31,256.75,50,48450
20240202,15:04:42,255.45,150,48450
20240202,15:05:01,248.95,250,48450
20240202,15:05:02,249.4,300,48450
20240202,15:05:04,250.05,100,48450
20240202,15:05:07,250.95,50,48450
20240202,15:05:11,250.8,50,48450
20240202,15:05:17,248.95,150,48450
20240202,15:05:21,251.65,50,48450
20240202,15:05:29,254.6,50,48450
20240202,15:05:39,251.0,50,48450
20240202,15:05:41,250.7,200,48450
20240202,15:05:54,246.6,50,48450
20240202,15:05:59,246.65,250,48450
20240202,15:06:02,248.85,50,48200
20240202,15:06:06,248.35,50,48200
20240202,15:06:19,245.05,150,48200
20240202,15:06:26,242.05,100,48200
20240202,15:06:27,241.4,150,48200
20240202,15:06:32,240.15,100,48200
20240202,15:06:34,241.2,50,48200
20240202,15:06:37,241.0,50,48200
20240202,15:06:42,240.0,50,48200
20240202,15:06:46,242.55,100,48200
20240202,15:07:02,241.15,50,48200
20240202,15:07:07,237.55,450,48200
20240202,15:07:21,240.75,50,48200
20240202,15:07:37,240.95,50,48200
20240202,15:07:41,239.75,50,48200
20240202,15:07:42,239.1,50,48200
20240202,15:07:46,238.2,50,48200
20240202,15:08:02,241.25,200,48200
20240202,15:08:06,240.7,50,48200
20240202,15:08:09,239.4,400,48200
20240202,15:08:16,242.35,50,48200
20240202,15:08:17,242.35,50,48200
20240202,15:08:21,242.9,150,48200
20240202,15:08:22,243.3,50,48200
20240202,15:08:24,242.85,100,48200
20240202,15:08:41,238.5,300,48200
20240202,15:08:49,237.6,50,48200
20240202,15:08:58,239.95,50,48200
20240202,15:09:01,242.45,150,47250
20240202,15:09:04,243.0,50,47250
20240202,15:09:29,239.9,50,47250
20240202,15:09:39,241.5,200,47250
20240202,15:10:33,243.55,200,47250
20240202,15:10:43,245.3,450,47250
20240202,15:11:03,239.85,150,47250
20240202,15:11:13,238.0,50,47250
20240202,15:11:25,238.0,1000,47250
20240202,15:12:36,241.8,150,47300
20240202,15:12:46,242.45,200,47300
20240202,15:12:50,241.75,50,47300
20240202,15:12:55,243.5,1000,47300
20240202,15:13:01,244.8,50,47300
20240202,15:13:13,244.4,150,47300
20240202,15:13:15,246.0,50,47300
20240202,15:13:20,245.95,50,47300
20240202,15:13:26,249.75,300,47300
20240202,15:13:35,244.5,50,47300
20240202,15:13:50,245.7,150,47300
20240202,15:14:01,243.7,250,47300
20240202,15:14:06,242.25,50,47300
20240202,15:14:24,245.25,400,47300
20240202,15:14:31,245.7,50,47300
20240202,15:14:53,247.8,100,47300
20240202,15:14:54,246.85,100,47300
20240202,15:15:03,250.85,100,47500
20240202,15:15:04,251.25,50,47500
20240202,15:15:06,251.25,100,47500
20240202,15:15:08,252.1,200,47500
20240202,15:15:11,252.95,200,47500
20240202,15:15:14,252.5,400,47500
20240202,15:15:19,251.25,350,47500
20240202,15:15:30,253.05,650,47500
20240202,15:15:36,251.25,50,47500
20240202,15:15:41,250.75,50,47500
20240202,15:15:45,250.25,50,47500
20240202,15:15:46,250.05,50,47500
20240202,15:15:50,249.0,100,47500
20240202,15:15:56,248.0,1800,47500
20240202,15:16:01,249.5,50,47500
20240202,15:16:10,250.25,150,47500
20240202,15:16:16,252.0,100,47500
20240202,15:16:23,251.5,50,47500
20240202,15:16:26,251.05,600,47500
20240202,15:16:45,248.7,50,47500
20240202,15:17:18,249.5,50,47500
20240202,15:17:20,250.0,300,47500
20240202,15:18:12,247.7,100,47100
20240202,15:18:13,248.6,50,47100
20240202,15:18:18,248.8,1000,47100
20240202,15:18:23,250.2,400,47100
20240202,15:18:25,251.55,100,47100
20240202,15:18:32,253.4,100,47100
20240202,15:18:37,251.75,600,47100
20240202,15:18:40,251.85,500,47100
20240202,15:18:47,249.6,150,47100
20240202,15:18:53,250.7,350,47100
20240202,15:19:02,250.9,100,47100
20240202,15:19:11,250.5,50,47100
20240202,15:19:16,250.5,150,47100
20240202,15:19:30,251.65,50,47100
20240202,15:19:45,250.4,600,47100
20240202,15:19:46,252.25,50,47100
20240202,15:19:55,251.55,50,47100
20240202,15:20:01,252.0,250,47100
20240202,15:20:03,252.75,250,47100
20240202,15:20:05,253.4,300,47100
20240202,15:20:06,253.4,150,47100
20240202,15:20:08,254.0,100,47100
20240202,15:20:10,254.05,100,47100
20240202,15:20:11,253.9,50,47100
20240202,15:20:13,253.85,150,47100
20240202,15:20:15,252.4,250,47100
20240202,15:20:16,252.6,200,47100
20240202,15:20:18,252.7,750,47100
20240202,15:20:20,252.1,200,47100
20240202,15:20:25,252.05,50,47100
20240202,15:20:30,252.0,50,47100
20240202,15:20:40,250.25,100,47100
20240202,15:20:54,252.0,550,47100
20240202,15:21:05,252.5,100,43600
20240202,15:21:29,252.5,50,43600
20240202,15:21:31,252.6,50,43600
20240202,15:21:41,252.2,250,43600
20240202,15:22:00,252.85,150,43600
20240202,15:22:09,254.0,100,43600
20240202,15:22:19,255.4,400,43600
20240202,15:22:25,254.5,100,43600
20240202,15:23:04,250.75,50,43600
20240202,15:23:19,250.75,50,43600
20240202,15:23:47,251.9,150,43600
20240202,15:23:50,250.95,50,43600
20240202,15:23:54,251.25,50,43600
20240202,15:23:59,250.55,50,43600
20240202,15:24:52,252.8,250,42950
20240202,15:24:58,251.5,1350,42950
20240202,15:25:02,251.9,50,42950
20240202,15:25:11,252.9,800,42950
20240202,15:25:20,253.3,50,42950
20240202,15:25:31,254.05,2750,42950
20240202,15:25:36,253.0,100,42950
20240202,15:26:08,251.15,50,42950
20240202,15:26:26,251.3,50,42950
20240202,15:26:28,251.4,100,42950
20240202,15:26:29,251.35,500,42950
20240202,15:26:41,250.6,200,42950
20240202,15:27:10,248.45,500,38850
20240202,15:27:11,248.5,250,38850
20240202,15:27:16,245.3,100,38850
20240202,15:27:18,247.15,200,38850
20240202,15:27:19,245.15,1150,38850
20240202,15:27:44,244.9,500,38850
20240202,15:27:47,244.9,400,38850
20240202,15:28:06,247.85,50,38850
20240202,15:28:18,248.8,50,38850
20240202,15:28:21,246.65,300,38850
20240202,15:28:42,248.55,100,38850
20240202,15:28:51,245.4,50,38850
20240202,15:29:04,245.95,100,38850
20240202,15:29:26,246.0,50,38850
20240202,15:29:29,247.6,50,38850
20240202,15:29:31,244.6,300,38850
20240202,15:29:46,242.95,100,38850
20240202,15:29:49,247.0,50,38850
20240205,09:15:00,248.0,1,39750
20240205,09:15:00,218.0,1750,39750
20240205,09:15:03,260.0,300,39750
20240205,09:15:11,273.5,150,39750
20240205,09:15:13,269.55,250,39750
20240205,09:15:14,267.55,200,39750
20240205,09:15:16,263.9,650,39750
20240205,09:15:18,263.25,1100,39750
20240205,09:15:19,266.55,250,39750
20240205,09:15:24,268.85,200,39750
20240205,09:15:26,268.55,200,39750
20240205,09:15:29,269.45,50,39750
20240205,09:15:32,267.6,350,39750
20240205,09:15:39,271.95,200,39750
20240205,09:15:48,271.95,200,39750
20240205,09:15:55,268.65,150,39750
20240205,09:16:02,262.2,150,39750
20240205,09:16:04,260.0,500,39750
20240205,09:16:06,256.1,1550,39750
20240205,09:16:09,256.65,100,39750
20240205,09:16:11,255.05,100,39200
20240205,09:16:12,255.55,200,39200
20240205,09:16:19,264.0,900,39200
20240205,09:16:20,262.9,1050,39200
20240205,09:16:23,265.2,50,39200
20240205,09:16:27,267.55,500,39200
20240205,09:16:28,267.5,50,39200
20240205,09:16:30,267.0,350,39200
20240205,09:16:38,262.2,50,39200
20240205,09:16:46,264.3,50,39200
20240205,09:16:50,262.8,400,39200
20240205,09:16:59,264.8,100,39200
20240205,09:17:08,261.7,50,39200
20240205,09:17:13,260.15,50,39200
20240205,09:17:18,262.2,250,39200
20240205,09:17:21,261.3,300,39200
20240205,09:17:28,262.35,100,39200
20240205,09:17:30,262.4,50,39200
20240205,09:17:39,264.8,50,39200
20240205,09:17:47,265.9,1450,39200
20240205,09:17:50,268.6,50,39200
20240205,09:17:58,268.0,50,39200
20240205,09:18:02,265.4,200,39200
20240205,09:18:07,269.45,50,39200
20240205,09:18:14,268.95,150,39200
20240205,09:18:17,268.8,50,39200
20240205,09:18:19,268.1,250,39200
20240205,09:18:29,272.2,650,39200
20240205,09:18:34,271.6,350,39200
20240205,09:18:37,270.15,50,39200
20240205,09:18:39,270.05,150,39200
20240205,09:18:44,270.7,50,39200
20240205,09:18:51,272.9,100,39200
20240205,09:18:52,274.0,50,39200
20240205,09:18:57,275.1,50,39200
20240205,09:18:59,276.5,50,39200
20240205,09:19:01,276.5,500,39200
20240205,09:19:03,276.1,50,39200
20240205,09:19:06,275.4,50,39200
20240205,09:19:13,274.7,400,38500
20240205,09:19:16,277.0,50,38500
20240205,09:19:24,279.0,1250,38500
20240205,09:19:26,278.35,50,38500
20240205,09:19:39,281.6,50,38500
20240205,09:19:43,281.6,800,38500
20240205,09:19:51,279.1,50,38500
20240205,09:19:53,278.4,50,38500
20240205,09:20:06,270.5,50,38500
20240205,09:20:08,272.2,50,38500
20240205,09:20:14,273.75,50,38500
20240205,09:20:16,274.5,1800,38500
20240205,09:20:19,274.8,250,38500
20240205,09:20:24,272.1,50,38500
20240205,09:20:28,269.4,100,38500
20240205,09:20:49,266.0,150,38500
20240205,09:20:51,268.45,150,38500
20240205,09:20:59,270.45,150,38500
20240205,09:21:09,264.55,150,38500
20240205,09:21:19,263.6,50,38500
20240205,09:21:23,268.05,50,38500
20240205,09:21:48,275.0,50,38500
20240205,09:22:01,276.0,50,38500
20240205,09:22:08,271.9,350,38500
20240205,09:22:11,273.7,350,37500
20240205,09:22:19,275.3,150,37500
20240205,09:22:21,274.9,350,37500
20240205,09:22:23,272.8,400,37500
20240205,09:22:26,276.0,50,37500
20240205,09:22:28,275.95,50,37500
20240205,09:22:36,277.6,350,37500
20240205,09:22:41,274.6,350,37500
20240205,09:22:56,276.0,50,37500
20240205,09:23:03,276.1,250,37500
20240205,09:23:09,275.65,250,37500
20240205,09:23:21,270.0,50,37500
20240205,09:23:23,270.75,50,37500
20240205,09:23:24,271.0,250,37500
20240205,09:23:33,268.0,50,37500
20240205,09:23:36,266.95,150,37500
20240205,09:23:39,266.4,150,37500
20240205,09:23:43,265.0,50,37500
20240205,09:23:46,265.1,50,37500
20240205,09:23:48,264.55,300,37500
20240205,09:24:03,264.3,100,37500
20240205,09:24:08,262.5,100,37500
20240205,09:24:15,263.85,150,37500
20240205,09:24:20,263.9,100,37500
20240205,09:24:28,263.2,350,37500
20240205,09:24:48,260.0,500,37500
20240205,09:24:55,257.5,100,37500
20240205,09:24:56,257.35,50,37500
20240205,09:25:01,255.0,50,37500
20240205,09:25:05,254.15,150,37500
20240205,09:25:10,254.3,200,37500
20240205,09:25:11,254.85,50,37500
20240205,09:25:18,255.45,1000,36850
20240205,09:25:20,255.3,350,36850
20240205,09:25:23,254.75,400,36850
20240205,09:25:25,254.55,50,36850
20240205,09:25:32,253.95,100,36850
20240205,09:25:33,254.15,350,36850
20240205,09:25:35,254.45,650,36850
20240205,09:25:43,256.4,400,36850
20240205,09:25:47,255.3,400,36850
20240205,09:25:53,252.0,50,36850
20240205,09:25:55,250.0,50,36850
20240205,09:25:57,249.35,200,36850
20240205,09:26:00,247.6,50,36850
20240205,09:26:03,247.8,50,36850
20240205,09:26:04,248.35,650,36850
20240205,09:26:09,247.55,100,36850
20240205,09:26:13,247.75,600,36850
20240205,09:26:14,247.95,100,36850
20240205,09:26:18,247.2,100,36850
20240205,09:26:19,246.75,100,36850
20240205,09:26:21,245.0,200,36850
20240205,09:26:26,243.1,150,36850
20240205,09:26:28,242.75,500,36850
20240205,09:26:29,242.4,500,36850
20240205,09:26:33,241.5,50,36850
20240205,09:26:34,240.8,100,36850
20240205,09:26:36,241.1,450,36850
20240205,09:26:38,243.15,50,36850
20240205,09:26:41,246.05,150,36850
20240205,09:26:44,242.9,50,36850
20240205,09:26:49,242.75,100,36850
20240205,09:26:51,240.0,550,36850
20240205,09:26:56,240.9,350,36850
20240205,09:26:58,240.7,450,36850
20240205,09:26:59,240.5,50,36850
20240205,09:27:03,243.1,1650,36850
20240205,09:27:04,242.85,150,36850
20240205,09:27:06,242.8,100,36850
20240205,09:27:08,244.2,300,36850
20240205,09:27:09,243.1,350,36850
20240205,09:27:11,243.95,400,36850
20240205,09:27:14,242.6,350,36850
20240205,09:27:19,242.1,100,36850
20240205,09:27:23,242.6,150,36850
20240205,09:27:24,242.75,350,36850
20240205,09:27:26,242.15,50,36850
20240205,09:27:29,241.8,50,36850
20240205,09:27:31,241.7,100,36850
20240205,09:27:33,241.15,150,36850
20240205,09:27:41,243.45,50,36850
20240205,09:27:43,243.25,50,36850
20240205,09:27:46,243.95,50,36850
20240205,09:27:48,243.1,450,36850
20240205,09:27:50,243.35,50,36850
20240205,09:28:00,242.1,100,36850
20240205,09:28:01,241.8,50,36850
20240205,09:28:04,244.4,50,36850
20240205,09:28:06,244.6,200,36850
20240205,09:28:08,245.7,100,36850
20240205,09:28:11,246.05,150,36850
20240205,09:28:13,245.65,100,35100
20240205,09:28:21,244.3,200,35100
20240205,09:28:24,245.15,100,35100
