date,time,tick_price,volume,open_interest
20240219,11:43:13,485.0,350,350
20240219,12:56:02,467.5,200,350
20240219,14:57:27,467.5,350,550
20240219,14:57:36,479.8,1000,550
20240219,14:57:54,480.35,500,550
20240219,14:58:11,479.3,500,550
20240219,15:00:46,478.95,100,2900
20240219,15:03:33,476.75,550,3000
20240219,15:05:05,486.0,500,3550
20240219,15:10:19,503.2,900,4050
20240219,15:10:28,505.9,450,4050
20240219,15:10:36,506.5,550,4050
20240219,15:20:15,506.5,100,5950
20240220,10:20:22,526.65,1,5850
20240220,10:20:22,526.65,200,5850
20240220,10:22:49,512.0,50,6050
20240220,10:24:02,512.0,100,6050
20240220,10:25:30,521.1,100,6200
20240220,12:57:48,475.5,100,6300
20240220,14:07:28,475.5,50,6400
20240220,14:15:22,501.5,100,6400
20240220,14:18:33,498.0,50,6350
20240220,14:29:04,480.0,150,6350
20240220,14:31:07,485.7,50,6350
20240220,14:59:27,488.85,50,6500
20240220,15:08:20,453.8,50,6500
20240220,15:24:14,451.55,100,6550
20240220,15:25:49,451.55,400,6550
20240220,15:28:55,449.0,50,6650
20240221,09:19:54,439.0,1,6700
20240221,09:19:54,439.0,50,6700
20240221,09:21:16,447.4,50,6700
20240221,09:36:48,447.4,100,6800
20240221,09:42:52,430.0,250,6900
20240221,09:45:57,432.4,200,7100
20240221,09:51:16,431.65,450,7300
20240221,09:51:52,433.0,450,7300
20240221,09:56:39,430.65,450,8200
20240221,09:57:36,434.1,450,8200
20240221,09:59:56,426.4,450,9100
20240221,10:01:24,424.7,400,9550
20240221,10:01:31,424.7,400,9550
20240221,10:01:38,425.05,250,9550
20240221,10:03:52,425.0,100,9550
20240221,10:07:10,424.0,50,10200
20240221,10:13:23,424.0,400,10250
20240221,10:13:33,442.9,400,10250
20240221,10:31:03,448.2,50,10750
20240221,10:47:51,464.4,100,10800
20240221,10:50:47,464.4,500,10700
20240221,10:57:08,462.0,50,10800
20240221,11:21:38,446.45,50,10800
20240221,11:24:08,459.45,50,10800
20240221,11:29:12,455.65,400,10850
20240221,11:41:44,432.05,100,11250
20240221,11:55:23,430.85,50,11200
20240221,12:07:00,431.35,50,11200
20240221,12:18:01,426.0,50,11200
20240221,12:34:18,421.35,50,11150
20240221,12:35:17,417.1,50,11200
20240221,13:39:58,416.45,50,11200
20240221,13:48:24,416.45,100,11250
20240221,13:48:55,449.4,50,11250
20240221,14:03:18,490.0,50,11350
20240221,14:03:37,490.0,50,11350
20240221,14:06:35,462.0,50,11300
20240221,14:07:04,468.8,50,11300
20240221,14:13:05,490.0,150,11350
20240221,14:15:20,489.75,50,11400
20240221,14:16:31,483.45,50,11400
20240221,14:17:57,474.35,100,11500
20240221,14:23:33,499.0,50,11600
20240221,14:24:02,526.8,50,11600
20240221,14:25:38,529.35,400,11600
20240221,14:27:51,529.35,100,12000
20240221,14:30:36,527.05,250,12100
20240221,14:35:23,525.0,250,12250
20240221,14:40:01,546.95,50,12300
20240221,14:44:17,556.1,50,12250
20240221,14:50:44,556.1,50,12250
20240221,15:00:36,550.0,50,12250
20240221,15:03:22,570.0,150,12250
20240221,15:17:26,570.0,400,12300
20240221,15:19:08,539.7,50,12300
20240222,09:53:42,537.05,1,12700
20240222,09:53:42,537.05,100,12700
20240222,10:00:17,603.65,50,12750
20240222,10:23:04,634.55,50,12750
20240222,11:02:50,634.55,50,12750
20240222,11:33:15,620.0,50,12800
20240222,12:46:11,579.9,50,12850
20240222,13:40:11,540.8,50,12850
20240222,13:59:32,472.9,250,12850
20240222,13:59:41,469.15,400,12850
20240222,13:59:49,469.15,400,12850
20240222,14:00:11,465.25,1250,12850
20240222,14:00:27,469.35,50,12850
20240222,14:00:50,471.65,400,12850
20240222,14:01:37,467.8,250,12850
20240222,14:01:55,456.6,400,15550
20240222,14:02:04,456.6,800,15550
20240222,14:02:20,458.45,800,15550
20240222,14:02:28,460.0,1300,15550
20240222,14:02:36,460.7,400,15550
20240222,14:02:44,461.95,1600,15550
20240222,14:02:52,461.85,1200,15550
20240222,14:03:07,459.05,400,15550
20240222,14:03:30,462.2,100,15550
20240222,14:03:37,461.35,400,15550
20240222,14:03:45,463.8,700,15550
20240222,14:03:53,463.4,1250,15550
20240222,14:04:17,469.0,400,15550
20240222,14:04:41,470.85,1200,15550
20240222,14:04:49,474.5,400,26500
20240222,14:04:58,476.45,400,26500
20240222,14:05:06,475.9,800,26500
20240222,14:05:23,480.9,400,26500
20240222,14:06:26,467.7,400,26500
20240222,14:06:50,473.15,400,26500
20240222,14:06:58,471.6,400,26500
20240222,14:07:05,469.7,400,26500
20240222,14:07:29,470.6,250,26500
20240222,14:07:36,471.25,250,26500
20240222,14:07:44,473.45,400,30600
20240222,14:07:52,474.5,200,30600
20240222,14:08:08,477.9,250,30600
20240222,14:08:16,480.2,400,30600
20240222,14:08:24,479.45,200,30600
20240222,14:08:32,479.55,50,30600
20240222,14:09:40,477.6,400,30600
20240222,14:09:54,474.55,50,30600
20240222,14:10:02,477.55,400,30600
20240222,14:10:32,471.85,100,30600
20240222,14:10:40,472.1,800,30600
20240222,14:10:48,471.95,500,33750
20240222,14:11:49,479.25,100,33750
20240222,14:12:04,479.6,50,33750
20240222,14:12:26,478.1,450,33750
20240222,14:12:49,478.3,700,33750
20240222,14:14:41,483.5,500,35050
20240222,14:15:19,486.2,100,35050
20240222,14:15:35,486.85,150,35050
20240222,14:16:12,484.9,50,35050
20240222,14:16:35,477.75,500,35050
20240222,14:16:42,478.4,150,36050
20240222,14:16:50,479.7,100,36050
20240222,14:16:57,478.85,150,36050
20240222,14:17:04,476.5,500,36050
20240222,14:17:49,476.95,500,36050
20240222,14:18:18,476.45,100,36050
20240222,14:18:47,480.65,200,36050
20240222,14:19:47,491.1,100,36550
20240222,14:19:56,496.05,500,36550
20240222,14:20:35,493.55,50,36550
20240222,14:25:24,485.5,150,36950
20240222,14:25:40,483.5,100,36950
20240222,14:27:44,477.1,700,37050
20240222,14:27:52,477.0,100,37050
20240222,14:28:00,475.85,300,37050
20240222,14:28:08,475.1,750,37050
20240222,14:28:16,475.55,300,37050
20240222,14:28:23,474.65,200,37050
20240222,14:28:31,475.85,300,37050
20240222,14:28:38,471.65,1150,37050
20240222,14:28:46,471.9,250,37050
20240222,14:28:53,472.8,50,40550
20240222,14:29:01,472.75,500,40550
20240222,14:29:23,474.2,350,40550
20240222,14:29:38,473.55,150,40550
20240222,14:29:53,469.7,700,40550
20240222,14:30:01,473.55,100,40550
20240222,14:30:16,474.7,50,40550
20240222,14:30:37,474.5,100,40550
20240222,14:30:45,474.5,400,40550
20240222,14:33:28,481.45,300,41400
20240222,14:34:41,478.75,50,41400
20240222,14:34:48,477.1,550,41500
20240222,14:35:30,474.55,100,41500
20240222,14:35:37,474.3,250,41500
20240222,14:36:06,475.55,250,41500
20240222,14:36:13,475.55,50,41500
20240222,14:37:56,467.35,50,42400
20240222,14:39:13,453.75,50,42400
20240222,14:39:22,450.45,300,42400
20240222,14:39:30,450.45,150,42400
20240222,14:41:03,450.45,100,42200
20240222,14:42:35,450.45,50,42200
20240222,14:44:21,465.45,50,42150
20240222,14:44:51,458.05,50,42150
20240222,14:45:13,456.05,50,42150
20240222,14:45:35,454.55,50,42150
20240222,14:45:56,454.1,300,42150
20240222,14:47:46,453.15,400,42250
20240222,14:48:41,445.55,50,42250
20240222,14:48:50,445.55,50,42250
20240222,14:49:30,439.1,50,42250
20240222,14:49:40,434.95,50,42250
20240222,14:50:17,433.85,50,42150
20240222,14:50:27,433.85,50,42150
20240222,14:50:52,431.25,50,42150
20240222,14:51:03,426.6,100,42150
20240222,14:51:13,424.45,650,42150
20240222,14:51:23,421.25,50,42150
20240222,14:51:45,414.0,300,42150
20240222,14:51:56,413.25,100,42150
20240222,14:52:15,413.25,150,42150
20240222,14:52:40,424.35,150,42150
20240222,14:53:04,423.25,50,42250
20240222,14:54:31,429.05,100,42250
20240222,14:54:39,429.1,50,42250
20240222,14:55:53,428.95,100,42300
20240222,14:56:04,423.9,250,42300
20240222,14:56:29,427.7,100,42300
20240222,14:56:38,429.8,50,42300
20240222,14:56:46,429.4,500,42300
20240222,14:58:27,431.25,50,42300
20240222,14:58:36,436.25,50,42300
20240222,14:59:50,431.1,50,42700
20240222,15:00:00,428.9,1500,42700
20240222,15:00:11,427.5,700,42700
20240222,15:00:32,425.8,500,42700
20240222,15:00:49,428.45,50,42700
20240222,15:01:15,426.55,200,42700
20240222,15:01:24,428.4,50,42700
20240222,15:02:08,420.5,150,45400
20240222,15:02:28,421.8,350,45400
20240222,15:03:32,423.0,200,45400
20240222,15:04:19,419.35,50,45400
20240222,15:04:27,419.55,50,45400
20240222,15:04:36,417.65,50,45400
20240222,15:06:42,418.15,400,46150
20240222,15:07:29,419.0,400,46150
20240222,15:08:03,416.1,50,46550
20240222,15:09:36,416.35,50,46550
20240222,15:10:29,415.1,50,46550
20240222,15:11:01,413.25,100,46700
20240222,15:11:11,411.0,200,46700
20240222,15:11:40,407.6,50,46700
20240222,15:11:48,407.2,50,46700
20240222,15:12:50,404.05,100,46700
20240222,15:14:27,404.05,500,47100
20240222,15:16:00,400.45,150,47100
20240222,15:17:22,398.7,100,47750
20240222,15:19:47,398.7,50,47750
20240222,15:19:57,398.0,50,47750
20240222,15:20:49,395.85,100,47900
20240222,15:20:59,393.9,100,47900
20240222,15:23:55,393.9,50,48050
20240222,15:24:02,398.3,50,48050
20240222,15:25:03,395.05,50,48050
20240222,15:25:46,390.0,100,48050
20240222,15:26:29,389.1,200,48200
20240222,15:27:25,389.0,1000,48200
20240222,15:28:16,390.4,50,48200
20240222,15:28:41,390.4,50,48200
20240222,15:28:57,394.25,50,48250
20240222,15:29:06,390.9,50,48250
20240223,09:16:27,390.0,1,48350
20240223,09:16:27,390.0,50,48350
20240223,09:16:37,390.55,50,48350
20240223,09:16:40,391.0,50,48350
20240223,09:16:49,391.0,50,48350
20240223,09:16:52,388.55,50,48350
20240223,09:18:31,393.95,50,48350
20240223,09:20:15,387.0,50,48350
20240223,09:21:07,383.55,200,48350
20240223,09:21:16,380.0,350,48350
20240223,09:21:36,380.0,400,48350
20240223,09:21:41,384.1,50,48350
20240223,09:22:56,377.95,50,48250
20240223,09:25:15,377.95,450,48250
20240223,09:25:17,388.5,250,48250
20240223,09:25:25,390.0,200,48250
20240223,09:25:27,387.8,350,48250
20240223,09:25:53,387.8,50,48250
20240223,09:26:02,388.5,350,48250
20240223,09:26:05,387.8,50,48250
20240223,09:26:15,386.9,100,48250
20240223,09:26:38,381.95,50,48250
20240223,09:26:51,383.75,100,48250
20240223,09:27:49,394.6,100,48100
20240223,09:28:18,395.0,100,48100
20240223,09:30:24,397.0,1000,48100
20240223,09:32:36,397.0,200,48100
20240223,09:33:01,400.0,450,48100
20240223,09:33:04,400.0,100,48100
20240223,09:33:22,402.1,300,48100
20240223,09:33:24,402.1,250,48100
20240223,09:33:27,402.35,300,48100
20240223,09:33:29,402.35,400,48100
20240223,09:34:16,403.6,250,46650
20240223,09:34:41,404.1,400,46650
20240223,09:34:49,404.1,50,46650
20240223,09:34:51,399.05,100,46650
20240223,09:35:32,393.6,150,46650
20240223,09:35:49,395.0,50,46650
20240223,09:36:17,393.85,350,46650
20240223,09:36:20,392.55,400,46650
20240223,09:36:49,392.0,200,45100
20240223,09:39:07,379.6,500,45100
20240223,09:39:34,375.25,100,45100
20240223,09:39:49,371.9,50,45500
20240223,09:40:29,371.9,400,45500
20240223,09:40:57,377.4,400,45500
20240223,09:41:07,375.9,800,45500
20240223,09:41:24,380.05,50,45500
20240223,09:41:25,380.4,50,45500
20240223,09:41:42,376.05,300,45500
20240223,09:42:03,375.9,50,45500
20240223,09:42:32,379.7,100,45500
20240223,09:44:06,379.5,50,43900
20240223,09:44:31,378.45,100,43900
20240223,09:44:39,378.45,400,43900
20240223,09:45:24,383.8,100,43900
20240223,09:45:41,383.6,50,43900
20240223,09:45:49,378.25,550,43900
20240223,09:46:36,376.6,300,43550
20240223,09:46:46,376.6,50,43550
20240223,09:47:04,379.0,300,43550
20240223,09:47:54,379.25,200,43550
20240223,09:48:12,382.6,100,43550
20240223,09:48:14,383.0,50,43550
20240223,09:48:19,380.15,100,43550
20240223,09:49:05,380.8,150,43850
20240223,09:49:56,387.0,50,43850
20240223,09:50:00,384.6,100,43850
20240223,09:51:00,383.45,50,43850
20240223,09:57:35,390.0,300,43750
20240223,09:58:10,390.0,50,43850
20240223,10:01:32,378.4,100,43850
20240223,10:01:55,380.85,250,43850
20240223,10:02:03,380.35,400,43850
20240223,10:02:46,385.7,100,43850
20240223,10:03:06,383.25,100,43850
20240223,10:04:30,379.1,100,43850
20240223,10:05:13,378.05,100,43850
20240223,10:06:26,377.75,50,43850
20240223,10:06:58,377.55,50,43900
20240223,10:07:03,379.2,250,43900
20240223,10:07:08,375.05,250,43900
20240223,10:07:20,374.15,50,43900
20240223,10:07:53,371.3,50,43900
20240223,10:07:56,371.3,50,43900
20240223,10:08:53,376.7,200,43900
20240223,10:09:03,373.4,50,43900
20240223,10:09:31,371.65,50,43900
20240223,10:09:39,371.65,50,43900
20240223,10:10:56,375.05,50,43900
20240223,10:11:36,371.85,50,43900
20240223,10:11:42,368.8,1650,43900
20240223,10:11:59,368.8,50,43900
20240223,10:12:41,376.0,50,43900
20240223,10:15:39,362.45,150,43150
20240223,10:15:44,362.45,50,43150
20240223,10:18:09,357.25,50,43150
20240223,10:18:49,351.6,50,43150
20240223,10:19:12,349.45,50,43200
20240223,10:19:19,348.9,50,43200
20240223,10:19:36,347.3,50,43200
20240223,10:19:37,347.3,150,43200
20240223,10:20:00,346.25,100,43200
20240223,10:20:02,346.25,50,43200
20240223,10:20:10,344.4,900,43200
20240223,10:20:15,343.9,50,43200
20240223,10:20:17,343.9,350,43200
20240223,10:20:35,344.4,50,43200
20240223,10:20:37,344.4,50,43200
20240223,10:20:57,342.95,100,43200
20240223,10:21:05,344.6,50,43200
20240223,10:21:07,344.4,50,43200
20240223,10:21:10,346.45,100,43200
20240223,10:21:12,345.8,450,43200
20240223,10:21:14,345.7,500,43200
20240223,10:21:15,346.55,150,43200
20240223,10:21:19,346.05,50,43200
20240223,10:21:25,346.55,100,43200
20240223,10:21:27,346.0,150,43200
20240223,10:21:30,346.25,50,43200
20240223,10:21:32,346.1,100,43200
20240223,10:21:34,346.6,450,43200
20240223,10:21:35,347.1,250,43200
20240223,10:21:37,347.7,150,43200
20240223,10:21:39,348.4,250,43200
20240223,10:21:40,348.75,100,43200
20240223,10:21:42,348.0,100,43200
20240223,10:21:44,348.1,1000,43200
20240223,10:21:45,347.9,100,43200
20240223,10:21:47,347.6,150,43200
20240223,10:21:50,348.95,100,43200
20240223,10:21:55,350.65,750,43200
20240223,10:21:57,350.2,100,48850
20240223,10:21:59,350.8,100,48850
20240223,10:22:00,350.75,50,48850
20240223,10:22:03,349.95,250,48850
20240223,10:22:05,349.5,800,48850
20240223,10:22:07,349.45,100,48850
20240223,10:22:08,350.6,250,48850
20240223,10:22:10,349.75,150,48850
20240223,10:22:12,349.25,650,48850
20240223,10:22:13,349.9,50,48850
20240223,10:22:17,348.5,350,48850
20240223,10:22:18,349.6,150,48850
20240223,10:22:20,348.9,50,48850
20240223,10:22:22,348.9,100,48850
20240223,10:22:25,349.3,100,48850
20240223,10:22:32,350.35,50,48850
20240223,10:22:33,350.6,50,48850
20240223,10:22:37,349.0,350,48850
20240223,10:22:38,350.0,50,48850
20240223,10:22:42,350.65,50,48850
20240223,10:23:13,356.75,50,48850
20240223,10:23:17,356.3,50,48850
20240223,10:23:18,358.1,50,48850
20240223,10:23:25,358.4,100,48850
20240223,10:23:29,357.0,150,48850
20240223,10:23:34,358.15,250,48850
20240223,10:23:36,357.7,100,48850
20240223,10:23:41,360.15,150,48850
20240223,10:23:46,361.9,400,48850
20240223,10:23:48,362.6,50,48850
20240223,10:23:50,365.1,250,48850
20240223,10:24:16,368.45,50,48850
20240223,10:24:18,367.05,400,48850
20240223,10:24:23,368.2,50,48850
20240223,10:24:25,366.8,200,48850
20240223,10:24:30,368.95,50,48850
20240223,10:24:33,367.6,400,48850
20240223,10:24:40,369.8,150,48850
20240223,10:24:41,370.3,100,48850
20240223,10:24:46,372.65,100,48850
20240223,10:24:50,374.15,150,48850
20240223,10:24:51,375.15,1100,48850
20240223,10:24:53,376.0,50,48850
20240223,10:24:55,375.65,400,48850
20240223,10:24:56,375.8,500,49700
20240223,10:25:01,376.65,600,49700
20240223,10:25:03,376.7,150,49700
20240223,10:25:05,374.75,300,49700
20240223,10:25:11,375.35,300,49700
20240223,10:25:13,375.45,50,49700
20240223,10:25:15,374.85,50,49700
20240223,10:25:18,374.1,150,49700
20240223,10:25:39,379.4,100,49700
20240223,10:25:43,379.3,50,49700
20240223,10:25:44,379.95,100,49700
20240223,10:25:48,379.0,100,49700
20240223,10:25:51,379.55,450,49700
20240223,10:26:11,380.0,350,49700
20240223,10:26:35,379.0,300,49700
20240223,10:26:38,378.35,100,49700
20240223,10:26:41,376.2,50,49700
20240223,10:26:46,378.8,100,49700
20240223,10:27:08,389.4,400,49700
20240223,10:27:10,391.0,200,49700
20240223,10:27:11,391.45,450,49700
20240223,10:27:13,390.2,100,49700
20240223,10:27:18,388.65,50,49700
20240223,10:27:24,390.4,450,49700
20240223,10:27:29,391.15,50,49700
20240223,10:27:38,390.15,300,49700
20240223,10:30:19,392.0,50,46050
20240223,10:30:31,391.6,50,46050
20240223,10:30:40,387.45,150,46050
20240223,10:31:33,395.35,150,46050
20240223,10:31:38,395.35,50,46050
20240223,10:32:13,403.75,1000,46050
20240223,10:32:16,404.55,250,46050
20240223,10:32:30,404.55,350,46050
20240223,10:32:36,402.85,150,46050
20240223,10:32:41,398.8,50,46050
20240223,10:33:29,401.05,50,46050
20240223,10:33:50,396.45,100,46050
20240223,10:35:19,385.65,100,46350
20240223,10:36:20,393.55,400,46350
20240223,10:39:04,397.4,100,46550
20240223,10:41:45,387.85,100,46550
20240223,10:42:08,388.0,600,46550
20240223,10:42:37,379.4,100,46550
20240223,10:43:45,379.4,100,47050
20240223,10:46:15,383.2,200,47050
20240223,10:46:18,382.75,50,47050
20240223,10:46:42,386.45,100,47050
20240223,10:47:33,382.45,50,47050
20240223,10:48:33,379.2,50,47050
20240223,10:50:34,377.7,300,47000
20240223,10:51:46,375.0,200,47000
20240223,10:52:31,379.15,200,47200
20240223,10:55:02,370.7,50,47150
20240223,10:57:17,377.0,250,47150
20240223,11:00:44,375.2,200,47200
20240223,11:01:02,371.85,50,47250
20240223,11:01:14,370.0,1050,47250
20240223,11:02:56,367.45,150,47250
20240223,11:03:09,366.75,150,47250
20240223,11:03:34,360.75,50,47250
20240223,11:03:41,361.4,50,47250
20240223,11:03:42,361.05,250,47250
20240223,11:03:51,358.85,100,47250
20240223,11:03:54,357.45,100,47250
20240223,11:04:09,354.85,50,47000
20240223,11:04:23,353.55,50,47000
20240223,11:04:36,351.05,50,47000
20240223,11:04:39,350.0,100,47000
20240223,11:04:51,348.6,50,47000
20240223,11:05:02,348.0,50,47000
20240223,11:05:07,347.35,50,47000
20240223,11:05:11,346.95,50,47000
20240223,11:05:12,346.9,50,47000
20240223,11:05:27,344.2,50,47000
20240223,11:05:29,343.4,50,47000
20240223,11:05:44,341.25,200,47000
20240223,11:05:47,339.7,50,47000
20240223,11:05:49,339.5,50,47000
20240223,11:05:51,339.5,50,47000
20240223,11:05:52,339.8,100,47000
20240223,11:05:54,339.75,50,47000
20240223,11:05:56,340.2,300,47000
20240223,11:05:57,339.05,50,47000
20240223,11:05:59,339.05,100,47000
20240223,11:06:01,338.95,100,47000
20240223,11:06:02,338.95,450,47000
20240223,11:06:11,338.0,100,47000
20240223,11:06:16,337.4,50,47000
20240223,11:06:21,337.1,250,47000
20240223,11:06:28,335.2,50,47000
20240223,11:06:36,335.2,50,47000
20240223,11:06:53,337.15,50,47000
20240223,11:06:54,336.85,50,47000
20240223,11:06:56,337.1,500,47000
20240223,11:06:57,337.85,550,47000
20240223,11:07:04,338.85,150,47000
20240223,11:07:22,341.15,800,50550
20240223,11:07:40,342.8,50,50550
20240223,11:07:47,343.05,100,50550
20240223,11:07:54,340.8,50,50550
20240223,11:08:51,345.0,500,50550
20240223,11:09:12,348.4,50,50550
20240223,11:09:20,348.05,150,50550
20240223,11:09:22,346.3,50,50550
20240223,11:09:56,349.3,50,50550
20240223,11:09:58,349.7,50,50550
20240223,11:10:01,350.15,50,50550
20240223,11:10:03,347.4,50,50550
20240223,11:10:05,348.3,50,51850
20240223,11:10:08,348.85,50,51850
20240223,11:10:21,346.25,300,51850
20240223,11:10:23,346.95,50,51850
20240223,11:10:26,347.05,50,51850
20240223,11:10:28,347.3,50,51850
20240223,11:10:30,347.5,50,51850
20240223,11:10:31,348.4,50,51850
20240223,11:10:35,347.85,50,51850
20240223,11:10:37,348.3,50,51850
20240223,11:10:38,348.15,50,51850
20240223,11:10:42,348.3,50,51850
20240223,11:10:43,349.15,50,51850
20240223,11:10:45,349.6,50,51850
20240223,11:10:47,349.3,50,51850
20240223,11:10:50,348.95,50,51850
20240223,11:10:52,349.55,50,51850
20240223,11:10:53,349.65,50,51850
20240223,11:10:55,350.6,50,51850
20240223,11:10:57,351.0,50,51850
20240223,11:10:58,351.2,50,51850
20240223,11:11:02,351.25,50,51850
20240223,11:11:03,352.25,50,51850
20240223,11:11:07,353.5,50,51850
20240223,11:11:10,354.0,50,51850
20240223,11:11:13,353.9,50,51850
20240223,11:11:30,355.25,100,51850
20240223,11:11:48,354.0,200,51850
20240223,11:12:30,354.5,50,51850
20240223,11:12:40,355.2,50,51850
20240223,11:13:21,354.15,50,52900
20240223,11:14:01,358.25,50,52900
20240223,11:14:15,361.0,50,52900
20240223,11:14:18,361.5,50,52900
20240223,11:14:20,361.6,50,52900
20240223,11:14:21,361.9,50,52900
20240223,11:14:25,362.1,50,52900
20240223,11:14:26,362.15,50,52900
20240223,11:14:30,365.05,50,52900
20240223,11:14:31,365.0,50,52900
20240223,11:14:35,364.3,100,52900
20240223,11:14:40,364.3,150,52900
20240223,11:14:51,365.35,50,52900
20240223,11:14:53,365.4,50,52900
20240223,11:15:13,367.2,50,52900
20240223,11:15:15,366.45,450,52900
20240223,11:15:31,365.25,150,52900
20240223,11:15:40,365.25,150,52900
20240223,11:15:45,368.0,150,52900
20240223,11:15:53,367.85,50,52900
20240223,11:16:01,367.0,100,52900
20240223,11:16:15,370.3,50,52500
20240223,11:16:16,371.25,50,52500
20240223,11:16:18,370.85,100,52500
20240223,11:16:20,371.1,50,52500
20240223,11:16:21,371.4,400,52500
20240223,11:16:23,371.05,700,52500
20240223,11:16:31,373.4,50,52500
20240223,11:16:33,372.7,900,52500
20240223,11:16:40,371.65,50,52500
20240223,11:16:41,371.55,50,52500
20240223,11:16:48,372.65,50,52500
20240223,11:16:50,373.35,100,52500
20240223,11:16:51,373.05,150,52500
20240223,11:16:53,373.5,50,52500
20240223,11:16:55,373.75,50,52500
20240223,11:16:56,374.05,50,52500
20240223,11:17:00,373.55,700,52500
20240223,11:17:05,372.4,150,52500
20240223,11:17:06,373.1,50,52500
20240223,11:17:08,372.85,50,52500
20240223,11:17:10,371.95,100,52500
20240223,11:17:25,375.0,200,52500
20240223,11:17:28,376.0,100,52500
20240223,11:17:33,376.95,100,52500
20240223,11:17:36,376.85,100,52500
20240223,11:17:44,374.6,50,52500
20240223,11:17:46,374.25,250,52500
20240223,11:17:49,375.25,50,52500
20240223,11:17:54,376.1,150,52500
20240223,11:17:56,375.9,150,52500
20240223,11:17:58,376.3,50,52500
20240223,11:18:01,376.3,50,52500
20240223,11:18:03,376.35,150,52500
20240223,11:18:56,378.95,50,52500
20240223,11:20:20,378.7,100,48250
20240223,11:20:26,380.0,50,48250
20240223,11:20:31,380.0,1000,48250
20240223,11:21:23,376.0,100,48250
20240223,11:21:25,376.0,150,48250
20240223,11:24:33,362.15,50,48650
20240223,11:27:29,370.7,150,48700
20240223,11:29:02,375.0,50,48800
20240223,11:29:26,376.1,50,48800
20240223,11:30:40,371.85,400,48800
20240223,11:35:50,371.35,200,48900
20240223,11:40:46,365.0,50,48700
20240223,11:46:54,365.3,50,48700
20240223,11:51:05,372.0,50,48750
20240223,11:51:37,371.75,50,48750
20240223,11:52:18,372.0,200,48700
20240223,11:52:51,380.8,150,48700
20240223,11:53:01,382.25,1100,48700
20240223,11:53:03,380.75,400,48700
20240223,11:54:06,379.1,250,48700
20240223,11:56:02,380.0,50,49250
20240223,11:56:09,381.0,1450,49250
20240223,11:56:14,380.5,1450,49250
20240223,11:56:19,380.0,1450,49250
20240223,11:56:27,378.55,1450,49250
20240223,11:56:35,378.3,1450,49250
20240223,11:56:39,378.85,1450,49250
20240223,11:56:44,379.0,1450,49250
20240223,11:56:50,379.15,1450,49250
20240223,11:57:02,380.5,1450,49250
20240223,11:57:05,379.25,50,49250
20240223,11:57:09,380.8,1450,49250
20240223,11:57:10,381.2,1450,49250
20240223,11:57:22,383.0,1450,49250
20240223,11:57:27,381.6,1550,49250
20240223,11:59:16,382.05,50,64850
20240223,12:00:30,380.0,50,64850
20240223,12:00:35,381.55,100,64850
20240223,12:01:31,380.0,50,64900
20240223,12:05:15,377.15,100,64900
20240223,12:05:30,376.2,50,64900
20240223,12:05:43,374.3,50,64900
20240223,12:05:45,374.0,300,64900
20240223,12:05:53,377.15,50,64900
20240223,12:05:55,375.25,50,64900
20240223,12:06:22,378.0,300,64900
20240223,12:11:39,383.8,150,64850
20240223,12:13:31,378.75,100,64850
20240223,12:15:38,382.95,50,64700
20240223,12:17:57,384.2,300,64600
20240223,12:18:19,383.6,50,64600
20240223,12:19:48,383.25,50,64950
20240223,12:20:19,384.0,100,64950
20240223,12:20:59,382.4,50,64950
20240223,12:23:02,378.45,50,65100
20240223,12:24:59,368.35,100,65100
20240223,12:25:08,369.1,100,65100
20240223,12:25:33,365.75,50,65100
20240223,12:25:54,364.6,50,65200
20240223,12:25:56,363.55,50,65200
20240223,12:26:01,364.7,100,65200
20240223,12:26:03,364.4,50,65200
20240223,12:26:04,365.1,150,65200
20240223,12:26:08,366.15,50,65200
20240223,12:26:26,360.95,50,65200
20240223,12:26:30,362.45,300,65200
20240223,12:26:36,361.9,300,65200
20240223,12:26:38,360.7,300,65200
20240223,12:26:41,359.65,1100,65200
20240223,12:26:45,361.75,150,65200
20240223,12:26:46,362.25,100,65200
20240223,12:26:50,361.2,50,65200
20240223,12:26:53,362.95,100,65200
20240223,12:26:55,362.1,50,65200
20240223,12:27:08,362.8,50,65200
20240223,12:27:19,361.7,50,65200
20240223,12:27:27,361.55,50,65200
20240223,12:27:30,360.85,50,65200
20240223,12:27:39,363.0,50,65200
20240223,12:29:26,366.3,1450,63750
20240223,12:29:29,366.7,1450,63750
20240223,12:29:33,365.45,1450,63750
20240223,12:29:38,366.1,50,63750
20240223,12:29:39,366.1,200,63750
20240223,12:29:46,367.6,1200,63750
20240223,12:29:48,366.1,50,63750
20240223,12:30:07,366.85,1450,63750
20240223,12:30:19,367.65,200,63750
20240223,12:30:44,364.35,150,63750
20240223,12:30:47,365.05,150,63750
20240223,12:31:07,368.0,50,63750
20240223,12:31:09,369.3,50,63750
20240223,12:31:14,369.3,50,63750
20240223,12:31:45,368.65,300,70900
20240223,12:32:00,372.3,1450,70900
20240223,12:33:04,372.3,100,70900
20240223,12:34:02,374.0,100,70900
20240223,12:38:48,365.0,50,72450
20240223,12:40:08,368.8,1450,72450
20240223,12:40:10,368.1,50,72450
20240223,12:40:11,369.05,1450,72450
20240223,12:40:15,369.1,1450,72450
20240223,12:40:21,367.5,1750,76850
20240223,12:40:28,369.05,1450,76850
20240223,12:40:34,369.0,1450,76850
20240223,12:40:41,365.7,50,76850
20240223,12:40:44,367.1,1450,76850
20240223,12:40:54,368.5,1450,76850
20240223,12:40:57,369.0,1400,76850
20240223,12:40:59,369.0,50,76850
20240223,12:41:01,369.9,1450,76850
20240223,12:41:04,369.45,800,76850
20240223,12:41:06,369.45,650,76850
20240223,12:41:29,371.65,1450,76850
20240223,12:41:34,372.5,1450,76850
20240223,12:41:49,369.95,150,76850
20240223,12:42:39,364.25,50,76850
20240223,12:43:27,367.0,150,89000
20240223,12:43:32,365.75,50,89000
20240223,12:44:04,366.75,50,89000
20240223,12:44:36,364.8,50,89000
20240223,12:44:49,362.45,100,89000
20240223,12:44:51,362.25,150,89000
20240223,12:44:54,361.95,50,89000
20240223,12:45:19,363.95,50,89000
20240223,12:46:56,365.55,50,89300
20240223,12:47:02,367.35,50,89300
20240223,12:47:26,367.45,550,89300
20240223,12:49:33,369.55,100,89850
20240223,12:49:36,368.25,200,89850
20240223,12:50:28,366.75,250,89850
20240223,12:51:24,367.75,50,89850
20240223,12:53:13,362.5,50,89700
20240223,12:53:26,361.95,50,89700
20240223,12:53:34,363.6,100,89700
20240223,12:55:12,360.1,50,89700
20240223,12:55:20,361.0,50,89900
20240223,12:55:46,362.3,50,89900
20240223,12:57:14,362.3,50,89900
20240223,12:57:56,360.1,50,89900
20240223,12:58:02,360.25,300,89900
20240223,13:00:02,364.8,50,89700
20240223,13:00:32,363.65,150,89700
20240223,13:05:20,365.6,50,89700
20240223,13:05:42,366.75,50,89700
20240223,13:05:45,366.75,50,89700
20240223,13:07:03,369.0,50,89700
20240223,13:09:49,370.5,50,89800
20240223,13:10:02,371.65,50,89800
20240223,13:10:35,370.5,50,89750
20240223,13:10:47,369.45,50,89750
20240223,13:11:05,372.3,50,89750
20240223,13:11:25,373.45,50,89750
20240223,13:11:50,373.95,50,89750
20240223,13:11:54,373.55,50,89750
20240223,13:11:56,375.5,1000,89750
20240223,13:12:53,369.1,150,89750
20240223,13:13:05,369.35,150,89750
20240223,13:13:41,368.55,150,90400
20240223,13:14:05,371.45,150,90400
20240223,13:14:26,372.4,50,90400
20240223,13:18:36,375.75,50,90400
20240223,13:18:42,378.65,50,90400
20240223,13:18:44,378.65,50,90400
20240223,13:20:10,373.35,50,90250
20240223,13:20:21,372.85,400,90250
20240223,13:20:46,373.7,50,90250
20240223,13:22:27,378.75,50,90200
20240223,13:24:41,382.35,50,90200
20240223,13:24:43,382.0,50,90200
20240223,13:24:45,383.8,150,90200
20240223,13:25:06,388.6,100,90200
20240223,13:25:23,393.9,200,90200
20240223,13:25:41,400.0,250,90200
20240223,13:25:45,398.4,300,89850
20240223,13:26:00,405.0,100,89850
20240223,13:26:25,406.55,200,89850
20240223,13:27:01,406.55,50,89850
20240223,13:27:15,399.5,100,89850
20240223,13:27:27,400.05,150,89850
20240223,13:27:56,404.25,150,89850
20240223,13:28:22,402.05,50,89850
20240223,13:28:33,398.6,50,88750
20240223,13:28:38,396.55,50,88750
20240223,13:28:51,401.75,50,88750
20240223,13:29:26,395.0,50,88750
20240223,13:29:38,390.2,50,88750
20240223,13:29:39,391.9,50,88750
20240223,13:29:53,387.15,50,88750
20240223,13:29:56,385.65,50,88750
20240223,13:29:58,386.7,50,88750
20240223,13:30:01,384.1,50,88750
20240223,13:30:04,386.6,50,88750
20240223,13:31:38,379.0,100,88350
20240223,13:32:03,372.4,50,88350
20240223,13:32:38,367.45,100,88350
20240223,13:34:01,370.5,50,88350
20240223,13:36:41,375.0,1450,88400
20240223,13:38:12,375.0,400,87000
20240223,13:38:17,373.15,50,87000
20240223,13:42:41,383.0,150,87000
20240223,13:43:52,381.65,50,87000
20240223,13:43:54,383.05,50,87150
20240223,13:44:07,383.05,100,87150
20240223,13:46:15,380.0,50,87150
20240223,13:46:28,380.5,1450,87150
20240223,13:46:30,380.0,1600,87150
20240223,13:46:33,379.8,1450,88450
20240223,13:46:36,379.75,1450,88450
20240223,13:46:46,382.95,1450,88450
20240223,13:46:49,382.3,1450,88450
20240223,13:46:53,382.4,1500,88450
20240223,13:47:40,381.9,1450,88450
20240223,13:47:47,381.45,1450,88450
20240223,13:47:54,381.5,1450,88450
20240223,13:47:59,380.95,1450,88450
20240223,13:48:05,381.55,1450,88450
20240223,13:48:15,382.4,1600,88450
20240223,13:48:20,382.2,1450,88450
20240223,13:48:25,381.6,1500,88450
20240223,13:48:29,381.85,1450,88450
20240223,13:49:36,387.2,100,109050
20240223,13:49:39,389.5,1450,109050
20240223,13:49:42,389.0,1450,109050
20240223,13:49:46,387.95,1450,109050
20240223,13:49:51,390.0,1450,109050
20240223,13:49:59,388.15,1450,109050
20240223,13:50:12,386.2,50,109050
20240223,13:50:14,386.45,50,109050
20240223,13:50:17,387.3,50,109050
20240223,13:50:19,387.65,50,109050
20240223,13:50:21,388.1,50,109050
20240223,13:50:24,389.5,50,109050
20240223,13:50:27,388.1,750,109050
20240223,13:50:29,388.1,50,109050
20240223,13:50:31,388.1,700,109050
20240223,13:50:34,388.25,50,109050
20240223,13:50:36,387.8,50,109050
20240223,13:50:37,386.85,50,109050
20240223,13:50:39,386.5,50,109050
20240223,13:50:42,385.4,50,109050
20240223,13:50:44,386.1,50,109050
20240223,13:50:46,386.9,50,109050
20240223,13:50:47,385.55,50,109050
20240223,13:50:51,385.25,50,109050
20240223,13:50:52,385.4,50,109050
20240223,13:50:54,385.9,50,109050
20240223,13:50:56,387.9,50,109050
20240223,13:50:58,387.1,100,109050
20240223,13:50:59,387.25,50,109050
20240223,13:51:01,388.4,50,109050
20240223,13:51:03,390.9,1000,109050
20240223,13:51:06,389.55,450,109050
20240223,13:51:26,386.45,50,109050
20240223,13:51:29,385.7,50,109050
20240223,13:51:31,384.4,50,109050
20240223,13:51:42,382.35,50,109050
20240223,13:51:44,383.6,200,109050
20240223,13:53:09,384.0,50,115050
20240223,13:53:19,384.0,1550,115050
20240223,13:53:23,385.15,1450,115050
20240223,13:53:26,386.25,1450,115050
20240223,13:53:27,386.7,50,115050
20240223,13:53:31,386.75,1450,115050
20240223,13:53:39,386.0,1450,115050
20240223,13:53:41,385.95,1450,115050
20240223,13:53:47,386.45,2900,115050
20240223,13:53:51,386.7,1450,115050
20240223,13:53:52,386.95,1200,115050
20240223,13:53:54,386.95,250,115050
20240223,13:53:56,387.95,1450,115050
20240223,13:54:01,387.1,1450,115050
20240223,13:54:04,384.15,50,115050
20240223,13:54:06,386.5,1450,115050
20240223,13:54:07,385.2,100,115050
20240223,13:54:09,387.25,1450,115050
20240223,13:54:27,388.0,1450,115050
20240223,13:54:34,388.45,50,115050
20240223,13:54:51,389.1,1450,115050
20240223,13:54:57,388.8,2900,115050
20240223,13:55:09,392.35,1050,115050
20240223,13:55:19,386.95,150,115050
20240223,13:55:28,386.4,1000,115050
20240223,13:55:29,386.25,1000,140100
20240223,13:55:46,383.85,200,140100
20240223,13:55:48,383.8,50,140100
20240223,13:55:51,385.0,50,140100
20240223,13:55:53,385.0,50,140100
20240223,13:56:08,389.75,150,140100
20240223,13:57:58,385.6,150,140100
20240223,13:58:22,387.75,50,140100
20240223,13:58:44,389.75,50,141000
20240223,14:00:36,388.5,50,141000
20240223,14:00:41,388.0,750,141000
20240223,14:00:51,385.7,550,141000
20240223,14:01:03,383.25,150,141000
20240223,14:01:04,385.0,150,141000
20240223,14:01:06,384.8,50,141000
20240223,14:01:08,384.45,50,141000
20240223,14:01:11,382.15,50,141000
20240223,14:01:13,382.6,50,141000
20240223,14:01:14,381.25,50,141000
20240223,14:01:18,380.6,150,141000
20240223,14:01:19,381.5,50,141000
20240223,14:01:21,381.7,50,141000
20240223,14:01:24,381.0,50,141000
20240223,14:01:29,381.8,200,140900
20240223,14:01:31,381.95,50,140900
20240223,14:01:41,378.3,50,140900
20240223,14:01:43,380.4,300,140900
20240223,14:01:46,380.0,50,140900
20240223,14:01:51,380.7,250,140900
20240223,14:01:58,381.75,200,140900
20240223,14:02:03,380.55,100,140900
20240223,14:02:04,381.8,50,140900
20240223,14:02:38,377.6,50,140900
20240223,14:02:41,378.0,50,140900
20240223,14:02:43,378.45,100,140900
20240223,14:02:49,378.0,50,140900
20240223,14:02:53,379.35,50,140900
20240223,14:03:03,380.7,100,140900
20240223,14:03:11,380.25,50,140900
20240223,14:03:13,381.35,100,140900
20240223,14:03:31,378.1,50,140900
20240223,14:04:20,375.0,50,140900
20240223,14:04:21,375.75,150,140900
20240223,14:04:28,374.4,50,140900
20240223,14:04:30,374.3,50,140900
20240223,14:04:35,374.55,50,141600
20240223,14:04:36,375.9,100,141600
20240223,14:04:51,373.35,50,141600
20240223,14:05:11,376.1,100,141600
20240223,14:05:15,374.7,100,141600
20240223,14:05:20,376.75,50,141600
20240223,14:05:21,376.4,50,141600
20240223,14:05:35,377.25,50,141600
20240223,14:06:01,373.5,50,141600
20240223,14:06:03,374.9,100,141600
20240223,14:06:13,374.25,50,141600
20240223,14:06:23,375.75,50,141600
20240223,14:06:25,375.05,100,141600
20240223,14:06:28,376.45,50,141600
20240223,14:06:32,375.25,50,141600
20240223,14:06:37,376.9,50,141600
20240223,14:06:43,377.9,50,141600
20240223,14:06:47,377.7,50,141600
20240223,14:06:55,378.35,50,141600
20240223,14:07:10,382.1,100,141600
20240223,14:07:12,381.6,50,141600
20240223,14:07:22,383.35,100,141600
20240223,14:07:23,384.95,200,141600
20240223,14:07:27,385.05,750,141600
20240223,14:07:28,385.9,50,141600
20240223,14:09:00,384.35,100,141600
20240223,14:09:02,384.0,150,141400
20240223,14:09:45,389.0,300,141400
20240223,14:09:47,390.7,400,141400
20240223,14:11:07,389.4,100,142100
20240223,14:11:22,388.95,100,142100
20240223,14:11:28,391.0,100,142100
20240223,14:11:32,388.9,50,142100
20240223,14:11:47,390.0,200,142100
20240223,14:13:22,390.05,50,142100
20240223,14:13:39,391.0,50,141900
20240223,14:14:47,396.6,50,141900
20240223,14:14:57,399.6,100,141900
20240223,14:18:41,386.75,50,141700
20240223,14:18:50,383.45,50,141700
20240223,14:18:55,383.85,150,141700
20240223,14:19:52,383.2,50,141700
20240223,14:20:36,387.05,50,141850
20240223,14:21:04,386.6,50,141850
20240223,14:21:37,384.8,300,141850
20240223,14:22:58,382.4,50,141500
20240223,14:23:49,377.2,50,141500
20240223,14:23:51,376.6,50,141500
20240223,14:24:06,378.15,50,141500
20240223,14:24:11,377.6,100,141500
20240223,14:24:19,379.8,200,141500
20240223,14:24:21,379.6,50,141500
20240223,14:24:24,379.85,50,141500
20240223,14:24:29,381.95,50,141500
20240223,14:24:31,381.75,50,141500
20240223,14:25:08,386.0,50,141500
20240223,14:25:21,390.0,100,141500
20240223,14:27:21,386.25,300,141550
20240223,14:27:22,384.6,100,141550
20240223,14:28:11,383.4,50,141550
20240223,14:28:24,389.3,50,141550
20240223,14:28:45,388.6,50,141750
20240223,14:29:24,383.2,50,141750
20240223,14:29:42,381.9,50,141750
20240223,14:30:13,388.45,50,141750
20240223,14:30:15,388.6,50,141750
20240223,14:33:02,392.6,300,141850
20240223,14:38:48,384.65,100,141550
20240223,14:39:05,383.0,200,141550
20240223,14:39:34,378.75,100,141550
20240223,14:39:37,376.95,100,141550
20240223,14:40:01,371.45,50,141550
20240223,14:40:04,374.15,200,141550
20240223,14:40:24,369.15,50,141550
20240223,14:40:26,370.05,50,141550
20240223,14:40:34,368.75,50,141550
20240223,14:40:36,368.6,50,141800
20240223,14:40:38,369.55,50,141800
20240223,14:40:43,369.75,50,141800
20240223,14:40:46,370.85,50,141800
20240223,14:40:48,371.45,50,141800
20240223,14:40:49,371.45,250,141800
20240223,14:40:53,373.15,100,141800
20240223,14:40:54,374.25,150,141800
20240223,14:40:59,375.2,1050,141800
20240223,14:41:03,375.65,200,141800
20240223,14:41:06,377.1,50,141800
20240223,14:41:09,376.8,50,141800
20240223,14:41:14,374.25,50,141800
20240223,14:41:19,375.95,50,141800
20240223,14:41:34,379.05,50,141800
20240223,14:41:41,380.75,150,141800
20240223,14:41:46,381.0,50,141800
20240223,14:42:54,376.55,50,141800
20240223,14:43:49,375.35,50,141800
20240223,14:44:25,375.8,200,140600
20240223,14:44:39,373.2,50,140600
20240223,14:44:47,373.6,50,140600
20240223,14:45:37,375.3,50,140600
20240223,14:45:40,375.4,50,140600
20240223,14:46:00,376.85,50,140600
20240223,14:46:11,378.4,200,140600
20240223,14:46:56,383.65,200,140750
20240223,14:47:15,379.75,50,140750
20240223,14:47:40,377.2,50,140750
20240223,14:47:52,377.6,50,140750
20240223,14:48:53,383.75,300,140750
20240223,14:49:02,383.3,300,140750
20240223,14:49:32,380.95,200,140750
20240223,14:49:50,383.4,50,140850
20240223,14:49:55,385.4,50,140850
20240223,14:50:02,384.4,350,140850
20240223,14:52:27,381.7,300,140850
20240223,14:54:30,382.35,1000,140650
20240223,14:55:11,384.6,50,140650
20240223,14:56:49,388.0,150,139700
20240223,14:57:04,386.95,50,139700
20240223,14:59:43,380.0,100,139700
20240223,15:00:03,382.0,50,139700
20240223,15:01:08,388.5,1500,139700
20240223,15:01:09,389.0,1500,139700
20240223,15:01:11,389.3,1500,139700
20240223,15:01:13,390.5,1500,139700
20240223,15:01:16,391.0,1500,139700
20240223,15:01:18,390.0,1500,139700
20240223,15:01:21,388.5,1500,139700
20240223,15:01:24,384.8,1500,139700
20240223,15:01:27,381.8,1500,139700
20240223,15:01:29,381.5,3000,139700
20240223,15:01:32,381.85,1500,139700
20240223,15:01:37,381.0,3000,139700
20240223,15:01:39,383.25,100,139700
20240223,15:01:41,380.5,3000,123050
20240223,15:01:44,380.3,1500,123050
20240223,15:01:51,384.3,50,123050
20240223,15:02:21,386.55,1500,123050
20240223,15:02:23,387.7,1500,123050
20240223,15:02:24,389.25,1650,123050
20240223,15:02:28,388.0,1500,123050
20240223,15:02:29,388.55,1500,123050
20240223,15:02:31,386.5,1500,123050
20240223,15:02:34,386.55,1500,123050
20240223,15:02:39,390.6,3000,123050
20240223,15:02:48,388.8,750,123050
20240223,15:02:51,391.3,50,123050
20240223,15:02:53,389.55,1600,123050
20240223,15:02:58,389.5,1600,123050
20240223,15:03:01,389.55,1600,123050
20240223,15:03:04,389.0,150,123050
20240223,15:03:08,388.1,1800,123050
20240223,15:03:09,389.0,2000,123050
20240223,15:03:11,389.05,1800,123050
20240223,15:03:13,391.35,50,123050
20240223,15:03:19,390.1,600,123050
20240223,15:03:21,389.35,2200,123050
20240223,15:03:23,388.5,1800,123050
20240223,15:03:24,388.6,400,123050
20240223,15:03:27,387.05,1800,123050
20240223,15:03:31,386.85,1800,123050
20240223,15:03:32,386.6,1800,123050
20240223,15:03:34,385.9,1400,123050
20240223,15:03:36,386.5,1800,123050
20240223,15:03:41,387.5,200,123050
20240223,15:04:07,391.35,100,123050
20240223,15:04:28,394.4,1000,123050
20240223,15:04:29,396.0,1000,123050
20240223,15:04:31,397.5,100,123050
20240223,15:04:39,397.4,650,123050
20240223,15:04:41,397.4,200,92700
20240223,15:04:43,398.2,400,92700
20240223,15:04:44,398.2,1750,92700
20240223,15:04:54,397.0,1800,92700
20240223,15:04:56,398.0,150,92700
20240223,15:05:01,393.2,1800,92700
20240223,15:05:03,393.0,1800,92700
20240223,15:05:04,392.0,1650,92700
20240223,15:05:08,392.0,1800,92700
20240223,15:05:11,392.05,1800,92700
20240223,15:05:14,390.5,3600,92700
20240223,15:05:24,390.1,50,92700
20240223,15:05:26,387.05,50,92700
20240223,15:05:28,385.0,600,92700
20240223,15:05:34,386.0,1800,92700
20240223,15:05:36,386.0,1800,92700
20240223,15:05:38,386.75,3600,92700
20240223,15:05:39,387.2,1800,92700
20240223,15:05:41,386.85,1800,92700
20240223,15:05:46,386.5,1000,92700
20240223,15:06:03,388.5,200,92700
20240223,15:06:06,387.4,1800,92700
20240223,15:06:08,386.3,1800,92700
20240223,15:06:11,386.1,3600,92700
20240223,15:06:13,385.8,1800,92700
20240223,15:06:16,385.15,3600,92700
20240223,15:06:19,382.5,1450,92700
20240223,15:07:28,395.5,500,92700
20240223,15:07:33,391.35,100,92700
20240223,15:07:35,389.9,300,92700
20240223,15:07:40,390.0,50,73800
20240223,15:07:41,388.8,50,73800
20240223,15:07:53,389.55,500,73800
20240223,15:07:58,389.35,1000,73800
20240223,15:08:08,392.0,1500,73800
20240223,15:08:13,393.0,500,73800
20240223,15:08:15,393.4,900,73800
20240223,15:08:16,392.25,2000,73800
20240223,15:08:20,391.95,1500,73800
20240223,15:08:21,392.2,600,73800
20240223,15:08:25,392.3,400,73800
20240223,15:08:26,392.15,1000,73800
20240223,15:08:29,393.75,500,73800
20240223,15:08:41,394.1,50,73800
20240223,15:08:53,393.9,400,73800
20240223,15:09:06,390.45,100,73800
20240223,15:09:08,392.15,50,73800
20240223,15:09:21,392.0,50,73800
20240223,15:09:23,392.3,400,73800
20240223,15:09:28,391.35,200,73800
20240223,15:10:00,387.15,550,73800
20240223,15:10:01,387.2,50,73800
20240223,15:10:06,387.9,400,73800
20240223,15:10:10,388.65,2500,73800
20240223,15:10:15,390.75,2500,73800
20240223,15:10:46,392.65,500,76650
20240223,15:10:51,393.3,2000,76650
20240223,15:10:56,391.55,1000,76650
20240223,15:11:05,391.05,1500,76650
20240223,15:11:10,390.55,1000,76650
20240223,15:11:11,390.55,800,76650
20240223,15:11:18,390.55,700,76650
20240223,15:11:20,390.95,2500,76650
20240223,15:11:48,392.3,50,76650
20240223,15:11:50,391.7,50,76650
20240223,15:12:45,391.25,100,76650
20240223,15:13:28,390.2,5000,76650
20240223,15:13:30,389.7,1750,76650
20240223,15:13:31,389.7,750,76650
20240223,15:13:38,390.4,1500,76650
20240223,15:13:43,390.9,1050,81600
20240223,15:13:45,390.5,2500,81600
20240223,15:14:15,391.5,800,81600
20240223,15:14:33,390.45,500,81600
20240223,15:14:36,390.3,500,81600
20240223,15:14:56,389.4,100,81600
20240223,15:15:05,388.8,3050,81600
20240223,15:15:07,388.8,950,81600
20240223,15:15:20,392.7,3500,81600
20240223,15:15:22,392.55,50,81600
20240223,15:15:23,392.1,50,81600
20240223,15:15:35,390.05,2500,81600
20240223,15:15:43,391.2,2500,81600
20240223,15:15:45,391.95,100,81600
20240223,15:15:47,391.95,700,81600
20240223,15:15:48,391.95,1700,81600
20240223,15:15:50,392.3,2500,81600
20240223,15:16:02,393.45,2500,81600
20240223,15:16:05,392.9,1700,81600
20240223,15:16:07,392.9,800,81600
20240223,15:16:08,392.9,50,81600
20240223,15:16:10,392.45,50,81600
20240223,15:16:23,394.65,100,81600
20240223,15:16:37,400.0,100,81600
20240223,15:17:00,407.8,300,101050
20240223,15:17:03,407.8,700,101050
20240223,15:17:05,404.4,250,101050
20240223,15:17:07,402.45,300,101050
20240223,15:17:08,402.6,100,101050
20240223,15:17:32,402.8,100,101050
20240223,15:17:38,403.75,50,101050
20240223,15:17:40,403.85,100,101050
20240223,15:18:02,403.2,100,101050
20240223,15:18:05,403.2,50,101050
20240223,15:18:15,401.7,50,101050
20240223,15:18:27,402.6,50,101050
20240223,15:18:28,402.15,150,101050
20240223,15:18:42,400.0,1050,101050
20240223,15:18:43,401.45,50,101050
20240223,15:18:47,401.15,500,101050
20240223,15:19:17,399.05,550,101050
20240223,15:19:20,399.45,100,101050
20240223,15:19:57,389.9,400,101200
20240223,15:20:00,389.6,100,101200
20240223,15:20:15,389.35,50,101200
20240223,15:20:32,387.1,50,101200
20240223,15:21:02,392.0,50,101200
20240223,15:21:07,390.55,100,101200
20240223,15:21:12,389.25,50,101200
20240223,15:21:52,386.15,800,101200
20240223,15:21:54,386.4,400,101200
20240223,15:21:56,385.55,400,101200
20240223,15:22:07,385.0,50,101200
20240223,15:23:11,377.85,50,101150
20240223,15:23:14,379.0,250,101150
20240223,15:23:32,381.6,50,101150
20240223,15:24:02,384.2,550,101150
20240223,15:24:42,390.6,1000,101150
20240223,15:24:44,391.85,2000,101150
20240223,15:24:47,389.6,1000,101150
20240223,15:24:49,390.15,1000,101150
20240223,15:25:01,390.35,350,101150
20240223,15:25:06,392.3,1000,101150
20240223,15:25:11,393.65,1000,101150
20240223,15:25:12,392.85,500,101150
20240223,15:25:17,393.4,100,101150
20240223,15:25:34,399.0,100,101150
20240223,15:25:37,400.7,400,101150
20240223,15:25:39,399.65,400,101150
20240223,15:25:44,399.25,450,101250
20240223,15:25:46,399.7,500,101250
20240223,15:25:51,401.2,250,101250
20240223,15:25:52,402.0,300,101250
20240223,15:25:56,403.25,1000,101250
20240223,15:25:57,402.35,1000,101250
20240223,15:26:01,403.95,2000,101250
20240223,15:26:02,403.8,1350,101250
20240223,15:26:04,405.1,650,101250
20240223,15:26:06,405.55,1000,101250
20240223,15:26:11,405.15,1000,101250
20240223,15:26:17,404.9,150,101250
20240223,15:26:24,407.6,1000,101250
20240223,15:26:29,409.0,2050,101250
20240223,15:26:38,408.65,1000,101250
20240223,15:26:39,406.3,500,101250
20240223,15:26:41,407.65,3150,101250
20240223,15:26:43,404.1,1050,101250
20240223,15:26:44,406.05,1000,101250
20240223,15:26:46,403.15,100,101250
20240223,15:26:48,404.8,1000,101250
20240223,15:26:49,403.35,50,101250
20240223,15:26:56,403.5,1500,101250
20240223,15:26:58,402.9,1900,101250
20240223,15:27:01,403.95,1050,101250
20240223,15:27:08,405.0,50,101250
20240223,15:27:27,406.0,50,101250
20240223,15:27:37,405.3,50,101250
20240223,15:27:42,404.0,250,101250
20240223,15:27:44,402.1,1800,101250
20240223,15:27:49,404.5,1450,101250
20240223,15:27:50,404.1,3250,101250
20240223,15:27:52,403.4,2900,101250
20240223,15:27:54,403.45,1450,101250
20240223,15:27:57,400.05,1400,101250
20240223,15:28:19,404.25,50,101250
20240223,15:28:22,405.65,1450,101250
20240223,15:28:24,403.8,450,101250
20240223,15:28:27,403.8,350,101250
20240223,15:28:30,405.85,700,101250
20240223,15:28:32,406.5,2100,101250
20240223,15:28:34,406.55,1800,101250
20240223,15:28:35,407.75,2250,101250
20240223,15:28:37,407.55,650,101250
20240223,15:28:40,407.5,1800,101250
20240223,15:28:52,406.45,550,101250
20240223,15:28:54,406.45,1250,101250
20240223,15:28:57,407.2,1000,101250
20240223,15:29:15,403.3,600,101250
20240223,15:29:35,400.8,50,101250
20240226,09:15:01,415.0,1,100500
20240226,09:15:01,415.0,50,100500
20240226,09:15:09,420.0,150,100500
20240226,09:15:10,430.0,300,100500
20240226,09:15:15,430.0,100,100500
20240226,09:15:31,422.85,100,100500
20240226,09:15:51,426.05,50,100550
20240226,09:16:03,431.95,100,100550
20240226,09:16:16,431.95,50,100550
20240226,09:16:47,420.5,50,100550
20240226,09:16:51,418.05,50,100550
20240226,09:17:58,419.1,100,100550
20240226,09:18:10,418.6,150,100550
20240226,09:18:36,416.9,50,100550
20240226,09:18:38,416.85,100,100550
20240226,09:19:53,416.85,50,100700
20240226,09:20:07,415.1,50,100700
20240226,09:20:09,416.85,250,100700
20240226,09:20:20,420.2,450,100700
20240226,09:20:45,412.25,200,100700
20240226,09:20:47,412.1,50,100700
20240226,09:21:01,412.1,50,100700
20240226,09:21:03,417.75,200,100700
20240226,09:21:33,413.0,150,100700
20240226,09:21:34,413.0,50,100700
20240226,09:21:49,415.95,50,100900
20240226,09:22:12,412.8,50,100900
20240226,09:23:10,416.5,50,100900
20240226,09:24:26,414.9,100,100900
20240226,09:25:10,413.0,200,100900
20240226,09:25:38,410.55,100,100900
20240226,09:26:01,410.55,100,100900
20240226,09:26:51,412.05,50,100900
20240226,09:28:23,417.95,100,100900
20240226,09:28:24,417.5,400,101000
20240226,09:29:34,416.85,50,101000
20240226,09:34:46,416.0,50,101000
20240226,09:35:56,410.25,50,101000
20240226,09:39:07,410.25,50,101000
20240226,09:39:42,413.35,50,101000
20240226,09:41:45,413.0,50,101000
20240226,09:43:58,411.45,50,101050
20240226,09:44:38,400.0,250,101050
20240226,09:46:10,396.45,50,101050
20240226,09:46:14,396.45,150,101300
20240226,09:46:15,397.25,150,101300
20240226,09:46:19,397.2,150,101300
20240226,09:46:20,396.5,50,101300
20240226,09:46:22,396.3,50,101300
20240226,09:46:24,396.3,1050,101300
20240226,09:46:27,400.45,150,101300
20240226,09:46:29,400.4,50,101300
20240226,09:46:37,400.95,350,101300
20240226,09:46:38,400.5,100,101300
20240226,09:46:40,401.85,300,101300
20240226,09:46:42,401.05,100,101300
20240226,09:46:43,401.15,100,101300
20240226,09:46:45,400.8,100,101300
20240226,09:46:47,401.4,50,101300
20240226,09:46:48,401.35,700,101300
20240226,09:46:50,401.6,300,101300
20240226,09:46:52,401.95,200,101300
20240226,09:46:53,401.7,100,101300
20240226,09:47:08,400.9,200,101300
20240226,09:47:11,401.95,450,101300
20240226,09:47:16,401.7,50,101300
20240226,09:47:23,404.15,100,101300
20240226,09:47:43,404.5,200,101300
20240226,09:47:53,404.15,250,101300
20240226,09:47:59,404.5,100,101300
20240226,09:48:06,404.55,400,101300
20240226,09:48:08,404.45,50,101300
20240226,09:48:19,406.9,300,101300
20240226,09:49:24,409.95,50,101400
20240226,09:50:48,424.45,100,101400
20240226,09:50:52,424.45,50,101400
20240226,09:51:03,425.8,50,101400
20240226,09:51:25,425.9,100,101400
20240226,09:51:33,425.0,100,101400
20240226,09:52:03,430.0,50,101100
20240226,09:52:10,435.6,250,101100
20240226,09:52:18,438.0,150,101100
20240226,09:52:25,441.0,50,101100
20240226,09:53:03,446.2,150,101100
20240226,09:53:13,446.2,50,101100
20240226,09:53:58,435.0,50,101100
20240226,09:54:13,438.95,50,101100
20240226,09:54:43,432.1,200,101100
20240226,09:56:21,437.5,50,100700
20240226,09:56:41,439.3,150,100700
20240226,09:57:11,444.4,50,100700
20240226,09:58:46,447.95,200,100650
20240226,09:59:08,451.15,50,100650
20240226,09:59:53,451.15,100,100650
20240226,10:00:05,460.1,900,100650
20240226,10:00:06,457.0,450,100650
20240226,10:00:08,456.9,200,100650
20240226,10:00:10,456.7,550,100650
20240226,10:00:11,453.05,300,100650
20240226,10:00:13,453.85,600,100650
20240226,10:00:15,453.85,100,100650
20240226,10:00:16,453.05,150,100650
20240226,10:00:18,453.45,150,100650
20240226,10:00:20,453.2,550,100650
20240226,10:00:21,457.15,50,100650
20240226,10:00:23,459.05,50,100650
20240226,10:00:25,460.1,250,100650
20240226,10:00:26,459.75,250,100650
20240226,10:00:28,459.7,750,100650
20240226,10:00:30,458.05,800,100650
20240226,10:00:33,453.85,900,100650
20240226,10:00:35,452.7,250,100650
20240226,10:00:38,450.6,400,100650
20240226,10:00:40,448.55,450,100650
20240226,10:00:45,449.7,1000,100650
20240226,10:00:50,447.7,600,100650
20240226,10:00:51,449.65,100,101250
20240226,10:00:56,451.25,300,101250
20240226,10:00:59,452.85,50,101250
20240226,10:01:03,453.15,200,101250
20240226,10:01:06,456.0,900,101250
20240226,10:01:08,454.05,100,101250
20240226,10:01:09,456.8,250,101250
20240226,10:01:13,456.35,550,101250
20240226,10:01:14,453.95,450,101250
20240226,10:01:18,454.6,550,101250
20240226,10:01:19,456.0,50,101250
20240226,10:01:23,455.8,500,101250
20240226,10:01:28,455.0,750,101250
20240226,10:01:29,452.15,50,101250
20240226,10:01:31,452.7,50,101250
20240226,10:01:33,452.5,450,101250
20240226,10:01:38,454.85,50,101250
20240226,10:01:39,453.7,400,101250
20240226,10:01:43,452.55,300,101250
20240226,10:01:49,450.9,50,101250
20240226,10:01:59,451.6,50,101250
20240226,10:02:02,451.0,100,101250
20240226,10:02:10,452.2,200,101250
20240226,10:03:01,451.95,50,101250
20240226,10:04:03,447.55,100,101850
20240226,10:04:29,450.25,50,101850
20240226,10:04:56,454.35,550,101850
20240226,10:05:52,448.7,250,101850
20240226,10:05:53,449.1,200,101850
20240226,10:06:01,447.3,100,101850
20240226,10:06:08,448.5,150,101850
20240226,10:07:45,441.45,100,101900
20240226,10:07:46,438.5,100,101900
20240226,10:08:34,438.4,550,101900
20240226,10:08:39,435.85,100,101900
20240226,10:10:09,447.2,200,102000
20240226,10:11:04,448.2,100,102000
20240226,10:11:29,450.25,100,102000
20240226,10:12:00,446.3,500,102000
20240226,10:14:10,439.3,150,101750
20240226,10:14:18,437.8,50,101750
20240226,10:14:28,436.7,50,101750
20240226,10:14:32,435.6,50,101750
20240226,10:14:33,435.8,150,101750
20240226,10:14:37,436.3,150,101750
20240226,10:14:40,435.8,50,101750
20240226,10:14:45,436.15,100,101750
20240226,10:14:46,436.25,50,101750
20240226,10:15:01,434.3,200,101750
20240226,10:15:03,434.7,150,101750
20240226,10:15:04,436.5,400,101750
20240226,10:15:06,437.8,250,101750
20240226,10:15:13,438.7,50,101750
20240226,10:15:18,439.55,350,101750
20240226,10:15:21,439.25,50,101750
20240226,10:15:23,439.35,150,101750
20240226,10:15:24,439.85,50,101750
20240226,10:15:29,438.85,350,101750
20240226,10:15:33,439.25,100,101750
20240226,10:15:44,440.35,50,101750
20240226,10:15:47,439.3,50,101750
20240226,10:15:52,437.7,50,101450
20240226,10:15:54,439.0,50,101450
20240226,10:16:06,441.65,400,101450
20240226,10:16:07,441.65,50,101450
20240226,10:16:22,441.15,250,101450
20240226,10:16:29,442.55,50,101450
20240226,10:16:31,441.4,50,101450
20240226,10:16:39,440.0,50,101450
20240226,10:16:42,435.45,50,101450
20240226,10:16:47,435.0,50,101450
20240226,10:19:40,445.4,100,101500
20240226,10:20:16,447.35,50,101500
20240226,10:20:23,446.1,50,101500
20240226,10:22:08,439.2,50,101500
20240226,10:22:26,439.05,100,101500
20240226,10:23:22,440.0,50,101500
20240226,10:23:42,436.15,50,101500
20240226,10:25:25,446.0,50,101550
20240226,10:29:09,451.0,50,101500
20240226,10:29:12,454.0,50,101500
20240226,10:29:27,454.35,50,101500
20240226,10:29:52,459.0,500,101500
20240226,10:32:41,444.7,400,101400
20240226,10:32:42,446.7,350,101400
20240226,10:32:44,447.35,50,101400
20240226,10:32:47,447.05,50,101400
20240226,10:32:49,446.05,100,101400
20240226,10:32:54,446.3,350,101400
20240226,10:32:57,446.85,400,101400
20240226,10:32:59,445.9,200,101400
20240226,10:33:00,446.85,350,101400
20240226,10:33:02,445.9,200,101400
20240226,10:33:04,448.1,350,101400
20240226,10:33:07,446.1,100,101400
20240226,10:33:09,448.25,150,101400
20240226,10:33:10,449.2,250,101400
20240226,10:33:12,447.35,50,101400
20240226,10:33:20,446.75,50,101400
20240226,10:33:27,444.3,50,101400
20240226,10:33:29,444.7,100,101400
20240226,10:33:34,446.3,500,101400
20240226,10:33:35,446.4,50,101400
20240226,10:33:37,448.15,150,101400
20240226,10:33:39,447.35,450,101400
20240226,10:33:44,447.8,50,101400
20240226,10:33:51,445.5,100,101400
20240226,10:34:11,445.5,100,101300
20240226,10:34:28,445.8,200,101300
20240226,10:34:39,447.05,100,101300
20240226,10:35:33,446.35,50,101300
20240226,10:35:56,446.0,50,101300
20240226,10:37:12,435.0,50,101300
20240226,10:37:32,435.0,300,101250
20240226,10:37:53,435.25,100,101250
20240226,10:42:51,448.35,250,101250
20240226,10:43:19,454.05,50,101400
20240226,10:43:34,453.3,50,101400
20240226,10:44:19,450.3,100,101400
20240226,10:44:33,452.0,50,101400
20240226,10:47:19,450.0,50,101300
20240226,10:47:37,449.35,200,101300
20240226,10:49:49,444.8,50,101450
20240226,10:59:54,466.0,150,101450
20240226,11:00:24,474.4,50,101400
20240226,11:05:08,474.4,50,101400
20240226,11:06:02,447.3,50,101400
20240226,11:07:13,448.0,100,101450
20240226,11:10:09,445.7,50,101450
20240226,11:14:06,454.7,50,101500
20240226,11:20:53,455.4,50,101550
20240226,11:25:10,452.5,50,101500
20240226,11:29:56,449.3,50,101500
20240226,11:32:17,459.0,100,101500
20240226,11:32:21,457.25,50,101500
20240226,11:32:39,457.5,100,101500
20240226,11:32:44,456.95,300,101500
20240226,11:32:47,457.9,200,101500
20240226,11:32:52,457.85,200,101500
20240226,11:32:55,458.8,200,101500
20240226,11:33:26,460.0,200,101500
20240226,11:33:32,458.0,50,101500
20240226,11:34:01,458.0,200,101500
20240226,11:34:14,457.0,200,102500
20240226,11:34:33,458.45,200,102500
20240226,11:34:51,459.0,150,102500
20240226,11:34:52,459.0,50,102500
20240226,11:35:05,460.0,50,102500
20240226,11:35:07,460.0,150,102500
20240226,11:35:13,458.0,200,102500
20240226,11:35:26,457.0,200,102500
20240226,11:36:24,463.0,200,102500
20240226,11:36:25,463.1,200,102500
20240226,11:36:36,464.0,200,102500
20240226,11:36:40,463.0,200,102500
20240226,11:36:45,464.0,200,102500
20240226,11:37:04,463.0,200,102450
20240226,11:37:08,461.0,200,102450
20240226,11:37:14,460.0,200,102450
20240226,11:37:19,459.0,200,102450
20240226,11:37:21,458.0,200,102450
20240226,11:38:13,459.0,200,102450
20240226,11:38:14,458.0,200,102450
20240226,11:40:45,463.15,50,102850
20240226,11:44:08,461.95,1000,102800
20240226,11:44:11,460.15,1000,102800
20240226,11:44:15,460.4,1000,102800
20240226,11:45:07,457.0,1000,102800
20240226,11:45:17,456.55,1000,102800
20240226,11:46:38,455.95,100,102150
20240226,11:50:46,460.55,50,102150
20240226,11:51:50,463.85,100,102150
20240226,11:54:55,477.6,50,102300
20240226,11:55:03,482.5,100,102300
20240226,11:55:18,482.5,100,102250
20240226,11:55:25,481.55,100,102250
20240226,11:55:36,485.5,1000,102250
20240226,11:58:11,485.5,50,102400
20240226,12:00:00,468.65,400,102400
20240226,12:16:03,480.75,50,102750
20240226,12:17:19,477.7,50,102750
20240226,12:18:38,486.7,50,102750
20240226,12:18:49,491.05,50,102750
20240226,12:19:51,491.05,1000,102700
20240226,12:20:01,488.05,100,102700
20240226,12:20:06,488.0,150,102700
20240226,12:27:25,458.2,200,102550
20240226,12:27:48,461.65,100,102550
20240226,12:28:08,465.0,1000,102550
20240226,12:28:42,465.0,50,102350
20240226,12:28:50,464.5,50,102350
20240226,12:29:51,460.15,150,102350
20240226,12:29:52,459.75,400,102350
20240226,12:29:56,460.65,100,102350
20240226,12:30:06,461.65,200,102350
20240226,12:30:09,461.75,50,102350
20240226,12:30:11,462.85,150,102350
20240226,12:30:16,462.25,50,102350
20240226,12:30:17,461.65,100,102350
20240226,12:30:19,463.5,200,102350
20240226,12:30:21,464.25,50,102350
20240226,12:30:22,462.9,100,102350
20240226,12:30:26,464.25,200,102350
20240226,12:30:37,464.5,50,102350
20240226,12:30:39,463.95,50,102350
20240226,12:30:47,465.2,50,102350
20240226,12:30:49,465.7,100,102350
20240226,12:30:50,465.75,350,102350
20240226,12:30:52,465.6,100,102350
20240226,12:30:59,465.05,250,102350
20240226,12:31:06,465.5,50,102350
20240226,12:31:36,468.8,50,101300
20240226,12:32:21,465.6,200,101300
20240226,12:32:26,465.6,100,101300
20240226,12:32:33,464.4,50,101300
20240226,12:35:52,467.85,50,101400
20240226,12:36:03,468.3,50,101400
20240226,12:42:04,464.95,50,101400
20240226,12:42:09,466.0,400,101400
20240226,12:47:34,471.5,50,101050
20240226,12:49:30,476.75,50,101100
20240226,12:51:02,473.0,50,101100
20240226,12:58:15,451.45,200,101100
20240226,12:58:20,451.65,50,101100
20240226,12:58:22,451.1,50,101100
20240226,12:58:24,451.1,50,101100
20240226,12:58:25,451.15,150,101100
20240226,12:58:27,450.4,200,101100
20240226,12:58:30,450.0,300,101100
20240226,12:58:32,450.1,100,101100
20240226,12:58:33,450.45,200,101100
20240226,12:58:35,450.2,50,101100
20240226,12:58:36,449.45,50,101100
20240226,12:58:40,449.2,100,101100
20240226,12:58:45,451.15,700,101100
20240226,12:58:46,451.5,200,101100
20240226,12:58:48,452.85,50,101100
20240226,12:58:50,452.8,350,101100
20240226,12:58:51,454.1,200,101100
20240226,12:59:01,454.0,550,101100
20240226,12:59:04,453.3,100,101100
20240226,12:59:05,454.9,800,101100
20240226,12:59:09,453.65,200,101100
20240226,12:59:10,454.9,250,101100
20240226,12:59:12,454.4,100,101100
20240226,12:59:15,453.3,50,101100
20240226,12:59:20,450.6,100,101100
20240226,12:59:25,450.45,100,101100
20240226,12:59:28,450.05,50,101100
20240226,12:59:42,447.7,50,101100
20240226,12:59:45,449.35,200,101100
20240226,12:59:55,448.35,50,101100
20240226,13:00:01,448.05,50,101100
20240226,13:00:03,447.65,50,101100
20240226,13:00:09,448.3,50,101100
20240226,13:00:18,447.95,50,101100
20240226,13:00:26,446.55,50,101100
20240226,13:00:31,449.55,200,101100
20240226,13:00:49,446.6,50,101100
20240226,13:00:55,445.0,50,101100
20240226,13:00:57,444.4,50,101100
20240226,13:00:59,445.25,250,101100
20240226,13:01:02,446.75,50,101100
20240226,13:01:04,446.65,50,101100
20240226,13:01:07,447.45,50,101100
20240226,13:01:08,448.4,50,101100
20240226,13:01:13,447.7,50,101100
20240226,13:01:20,449.25,100,100100
20240226,13:01:22,450.35,150,100100
20240226,13:01:27,450.85,50,100100
20240226,13:01:28,452.4,300,100100
20240226,13:01:30,452.55,50,100100
20240226,13:01:37,454.25,100,100100
20240226,13:01:47,455.3,50,100100
20240226,13:02:11,452.05,100,100100
20240226,13:02:20,453.95,50,100100
20240226,13:04:01,453.65,150,100100
20240226,13:06:17,454.65,50,100000
20240226,13:09:20,437.55,50,100000
20240226,13:12:40,424.7,100,100000
20240226,13:13:02,425.35,200,100000
20240226,13:13:15,426.0,200,100000
20240226,13:13:34,429.85,250,99800
20240226,13:13:36,427.5,50,99800
20240226,13:13:56,429.9,50,99800
20240226,13:14:34,433.0,50,99800
20240226,13:14:41,431.15,150,99800
20240226,13:15:18,428.75,50,99800
20240226,13:15:33,425.65,50,99800
20240226,13:16:48,416.0,50,99850
20240226,13:16:52,415.0,50,99850
20240226,13:17:05,411.25,50,99850
20240226,13:18:38,419.0,50,99850
20240226,13:20:09,422.0,50,99900
20240226,13:20:52,420.7,50,99900
20240226,13:21:21,423.0,500,99900
20240226,13:22:04,426.0,50,99900
20240226,13:22:56,430.0,250,100350
20240226,13:24:39,430.05,50,100350
20240226,13:27:19,423.45,50,100350
20240226,13:30:00,430.1,200,100350
20240226,13:30:55,431.55,50,100350
20240226,13:31:21,434.0,50,100350
20240226,13:32:02,445.05,150,100400
20240226,13:36:13,432.0,50,100400
20240226,13:36:45,432.9,100,100400
20240226,13:37:05,435.0,50,100400
20240226,13:37:25,433.85,50,100400
20240226,13:40:09,441.0,50,100400
20240226,13:41:38,438.6,50,100350
20240226,13:41:40,437.7,50,100350
20240226,13:44:06,441.0,50,100300
20240226,13:44:12,443.0,50,100300
20240226,13:46:11,440.4,100,100300
20240226,13:49:34,419.1,100,100300
20240226,13:53:19,417.0,2050,100300
20240226,13:53:24,418.6,350,100300
20240226,13:53:53,413.95,400,100300
20240226,13:54:13,414.6,50,100300
20240226,13:54:16,415.3,50,100300
20240226,13:54:18,414.55,100,100300
20240226,13:54:23,412.9,1000,100300
20240226,13:54:24,412.9,1400,100300
20240226,13:54:49,417.9,50,100300
20240226,13:54:59,417.2,1200,100300
20240226,13:56:03,423.9,50,100000
20240226,13:56:13,421.15,50,100000
20240226,13:56:38,426.75,100,100000
20240226,13:57:46,430.1,150,100000
20240226,13:59:31,423.55,50,100050
20240226,14:00:27,422.8,50,100050
20240226,14:03:18,421.9,50,100050
20240226,14:03:46,418.8,50,100100
20240226,14:04:10,416.6,1000,100100
20240226,14:05:24,420.0,50,99950
20240226,14:06:28,415.7,50,99950
20240226,14:06:30,415.3,50,99950
20240226,14:08:12,411.75,50,100000
20240226,14:08:36,412.95,50,100000
20240226,14:09:01,417.0,50,100000
20240226,14:09:18,419.0,50,100000
20240226,14:10:39,420.45,50,100000
20240226,14:15:23,431.0,50,100000
20240226,14:15:31,431.15,50,100000
20240226,14:16:08,433.85,50,100000
20240226,14:16:16,431.85,50,100000
20240226,14:17:10,426.2,50,99850
20240226,14:17:33,428.3,50,99850
20240226,14:17:41,424.0,50,99850
20240226,14:18:50,425.1,100,99850
20240226,14:21:46,418.1,100,99700
20240226,14:23:23,410.0,100,99700
20240226,14:23:46,408.5,150,99700
20240226,14:23:56,406.8,50,99700
20240226,14:24:04,403.2,50,99700
20240226,14:24:24,406.05,50,99700
20240226,14:24:44,408.15,250,99700
20240226,14:24:49,407.5,50,99700
20240226,14:30:03,415.0,50,99800
20240226,14:30:16,414.9,50,99800
20240226,14:32:17,417.45,100,99800
20240226,14:32:31,419.0,50,99800
20240226,14:33:07,417.55,50,99800
20240226,14:34:52,426.9,50,99850
20240226,14:35:32,427.0,50,99850
20240226,14:35:33,427.0,50,99850
20240226,14:36:01,423.2,100,99850
20240226,14:38:52,424.65,50,99700
20240226,14:39:00,430.2,50,99700
20240226,14:39:45,434.95,250,99700
20240226,14:40:18,431.5,50,99700
20240226,14:40:55,431.5,50,99600
20240226,14:41:41,432.0,100,99600
20240226,14:41:51,430.5,50,99600
20240226,14:42:31,432.15,100,99600
20240226,14:42:46,431.2,50,99600
20240226,14:43:13,430.7,50,99600
20240226,14:43:47,431.25,50,99650
20240226,14:44:30,431.65,50,99650
20240226,14:44:40,433.75,50,99650
20240226,14:44:53,432.2,250,99650
20240226,14:45:58,431.3,50,99650
20240226,14:47:28,433.3,100,99550
20240226,14:48:03,431.3,50,99550
20240226,14:48:24,435.0,50,99550
20240226,14:48:34,437.55,50,99550
20240226,14:48:49,442.0,50,99550
20240226,14:49:27,450.0,200,99550
20240226,14:49:32,451.25,100,99550
20240226,14:49:58,447.7,300,99450
20240226,14:50:05,450.4,100,99450
20240226,14:50:18,448.5,150,99450
20240226,14:51:00,453.2,100,99450
20240226,14:51:15,455.2,100,99450
20240226,14:51:25,451.4,100,99450
20240226,14:51:46,452.3,100,99450
20240226,14:52:01,454.35,150,99450
20240226,14:52:16,451.35,100,99450
20240226,14:53:18,461.05,50,99050
20240226,14:53:35,455.45,100,99050
20240226,14:53:48,453.4,100,99050
20240226,14:53:50,452.2,100,99050
20240226,14:53:55,453.1,100,99050
20240226,14:55:30,454.85,100,99050
20240226,14:59:29,451.8,50,98650
20240226,14:59:43,455.15,50,98650
20240226,15:00:01,451.5,250,98650
20240226,15:01:46,450.0,50,98650
20240226,15:01:59,440.3,50,98350
20240226,15:02:11,438.9,100,98350
20240226,15:02:29,433.2,100,98350
20240226,15:02:36,433.7,50,98350
20240226,15:02:46,430.1,50,98350
20240226,15:03:20,438.55,50,98350
20240226,15:03:36,445.05,50,98350
20240226,15:04:10,447.0,100,98350
20240226,15:05:10,444.85,100,98400
20240226,15:06:02,452.4,50,98400
20240226,15:07:16,444.2,50,98400
20240226,15:09:49,447.4,200,98450
20240226,15:09:59,447.25,50,98450
20240226,15:10:04,448.55,100,98450
20240226,15:10:29,446.95,50,98450
20240226,15:15:50,445.8,150,98350
20240226,15:16:16,449.95,50,98350
20240226,15:16:28,452.8,50,98350
20240226,15:17:36,448.2,200,98350
20240226,15:19:21,451.8,500,98300
20240226,15:20:37,451.8,500,98700
20240226,15:20:47,450.2,50,98700
20240226,15:21:17,451.15,50,98700
20240226,15:25:04,451.0,50,98750
20240226,15:25:30,450.3,100,98750
20240226,15:26:10,444.5,1000,98700
20240226,15:27:16,441.75,100,98700
20240226,15:27:18,442.95,400,98700
20240226,15:27:44,441.2,50,98700
20240226,15:29:03,443.3,50,98850
20240226,15:29:59,431.05,50,98850
20240227,09:15:34,464.0,1,98800
20240227,09:15:34,464.0,50,98800
20240227,09:16:52,459.65,100,98800
20240227,09:18:30,459.65,50,98800
20240227,09:19:38,470.5,800,98800
20240227,09:19:52,473.6,50,98800
20240227,09:20:03,473.6,400,98800
20240227,09:20:16,472.55,50,98800
20240227,09:20:18,472.45,200,98800
20240227,09:20:21,470.5,400,98800
20240227,09:20:23,473.95,100,98800
20240227,09:20:24,473.95,400,98800
20240227,09:20:26,470.0,50,98800
20240227,09:20:28,471.8,150,98800
20240227,09:20:31,469.15,100,98800
20240227,09:20:38,468.05,100,98800
20240227,09:20:42,470.55,300,98800
20240227,09:20:44,472.3,50,98800
20240227,09:21:05,469.1,50,98800
20240227,09:21:10,469.0,50,98800
20240227,09:21:12,468.5,300,98800
20240227,09:21:17,466.95,50,98800
20240227,09:21:24,466.95,450,98800
20240227,09:21:25,466.95,150,98800
20240227,09:21:27,466.95,200,98800
20240227,09:23:00,459.1,50,99800
20240227,09:24:20,452.05,50,99800
20240227,09:24:26,452.05,50,99800
20240227,09:24:40,453.1,100,99800
20240227,09:24:45,453.1,50,99800
20240227,09:25:20,452.35,500,99900
20240227,09:26:43,453.1,50,99900
20240227,09:26:45,450.0,50,99900
20240227,09:26:48,450.0,600,99900
20240227,09:26:53,447.9,600,99900
20240227,09:26:58,446.0,500,99900
20240227,09:27:03,445.05,400,99900
20240227,09:27:10,445.05,400,99900
20240227,09:27:15,446.1,200,99900
20240227,09:27:24,450.2,400,99900
20240227,09:27:53,448.55,400,101050
20240227,09:27:54,448.65,400,101050
20240227,09:28:09,451.6,400,101050
20240227,09:28:16,450.0,400,101050
20240227,09:28:34,449.8,150,101050
20240227,09:28:54,451.9,400,101050
20240227,09:28:57,452.1,400,101050
20240227,09:29:14,453.25,400,101050
20240227,09:29:19,453.3,400,101050
20240227,09:29:56,454.0,400,101050
20240227,09:29:57,454.0,400,101050
20240227,09:30:10,453.9,50,101050
20240227,09:30:25,461.5,100,101050
20240227,09:30:27,460.6,1400,101050
20240227,09:30:30,461.2,600,101050
20240227,09:30:32,458.9,50,101050
20240227,09:30:35,458.95,600,101050
20240227,09:30:54,459.8,600,102050
20240227,09:31:05,460.25,300,102050
20240227,09:31:07,461.0,50,102050
20240227,09:31:44,460.7,600,102050
20240227,09:31:49,459.1,500,102050
20240227,09:32:31,451.95,150,102050
20240227,09:32:45,450.0,50,102050
20240227,09:32:53,449.15,50,102050
20240227,09:33:20,450.55,400,102050
20240227,09:33:26,451.8,400,102050
20240227,09:33:40,451.45,50,102050
20240227,09:33:41,451.45,450,102050
20240227,09:33:43,452.35,300,102050
20240227,09:34:27,446.0,50,103250
20240227,09:34:32,445.95,50,103250
20240227,09:34:35,446.85,400,103250
20240227,09:34:37,447.2,400,103250
20240227,09:34:39,447.7,450,103250
20240227,09:35:07,447.45,650,103250
20240227,09:35:30,451.2,200,103250
20240227,09:35:43,451.8,150,103250
20240227,09:35:45,451.8,1050,103250
20240227,09:35:47,452.45,600,103250
20240227,09:36:03,452.55,600,103250
20240227,09:36:07,454.35,600,103250
20240227,09:36:12,453.0,600,103250
20240227,09:36:28,453.1,600,103250
20240227,09:36:41,453.9,600,103250
20240227,09:36:43,453.2,650,103250
20240227,09:36:55,456.7,1200,104250
20240227,09:37:13,457.45,600,104250
20240227,09:37:31,457.35,100,104250
20240227,09:37:41,456.95,200,104250
20240227,09:39:06,452.3,50,104250
20240227,09:40:05,443.65,100,104950
20240227,09:40:12,441.0,50,104950
20240227,09:40:15,439.4,150,104950
20240227,09:40:24,439.4,300,104950
20240227,09:42:01,451.0,50,104950
20240227,09:42:11,453.35,300,104950
20240227,09:42:16,453.0,50,104950
20240227,09:43:36,457.0,50,105150
20240227,09:44:27,457.7,150,105150
20240227,09:47:37,451.2,50,105100
20240227,09:49:28,448.25,100,105100
20240227,09:49:35,446.0,650,105100
20240227,09:50:07,442.8,250,105100
20240227,09:50:15,440.0,150,105100
20240227,09:50:16,438.95,50,105100
20240227,09:50:57,438.95,50,105100
20240227,09:51:01,443.75,50,105100
20240227,09:51:21,443.7,200,105100
20240227,09:52:20,444.6,250,104650
20240227,09:52:25,448.05,600,104650
20240227,09:52:28,447.7,600,104650
20240227,09:52:31,448.5,600,104650
20240227,09:52:34,448.5,600,104650
20240227,09:52:38,447.9,100,104650
20240227,09:52:41,447.9,1150,104650
20240227,09:52:44,448.2,600,104650
20240227,09:52:57,447.55,600,104650
20240227,09:53:28,450.8,150,104650
20240227,09:54:28,451.85,500,104650
20240227,09:54:30,450.45,550,104650
20240227,09:54:35,450.35,250,104650
20240227,09:54:38,452.8,400,104650
20240227,09:54:50,460.0,50,104650
20240227,09:54:53,458.95,50,104650
20240227,09:54:55,457.85,500,106050
20240227,09:54:56,458.15,500,106050
20240227,09:55:01,456.55,500,106050
20240227,09:55:08,457.7,50,106050
20240227,09:55:10,457.7,650,106050
20240227,09:55:31,461.85,600,106050
20240227,09:55:32,460.2,250,106050
20240227,10:00:11,447.35,150,106350
20240227,10:00:27,445.0,100,106350
20240227,10:01:39,443.65,1000,106350
20240227,10:01:41,443.4,1000,106350
20240227,10:01:43,442.5,500,106350
20240227,10:01:44,440.0,50,106350
20240227,10:03:15,441.05,50,106350
20240227,10:06:05,447.6,100,106350
20240227,10:06:07,449.95,100,107200
20240227,10:07:59,457.2,400,107100
20240227,10:08:19,456.25,50,107100
20240227,10:09:17,459.9,50,107100
20240227,10:10:04,462.5,100,107100
20240227,10:11:37,454.35,100,107100
20240227,10:12:48,459.05,50,107100
20240227,10:13:20,468.15,100,107050
20240227,10:13:27,469.25,50,107050
20240227,10:14:18,469.45,50,107050
20240227,10:14:38,476.3,50,107050
20240227,10:15:34,476.3,50,107050
20240227,10:15:41,466.1,50,107050
20240227,10:16:52,463.45,50,107100
20240227,10:17:06,464.4,100,107100
20240227,10:17:45,460.8,50,107100
20240227,10:18:23,462.6,50,107100
20240227,10:18:45,460.8,100,107100
20240227,10:20:23,465.45,50,107100
20240227,10:20:28,467.75,50,107150
20240227,10:24:04,481.9,200,107100
20240227,10:24:07,481.9,100,107100
20240227,10:25:04,472.85,100,107200
20240227,10:25:36,469.05,1800,107200
20240227,10:25:38,469.25,200,107200
20240227,10:26:20,468.5,1000,107200
20240227,10:27:55,470.0,50,107200
20240227,10:28:02,470.25,1000,107000
20240227,10:30:00,480.05,100,107000
20240227,10:32:40,474.25,50,106700
20240227,10:46:06,458.8,50,106650
20240227,10:54:44,453.15,150,106600
20240227,10:56:05,452.2,200,106550
20240227,10:56:46,446.0,400,106550
20240227,10:56:47,447.3,50,106550
20240227,10:56:56,448.05,50,106550
20240227,11:00:01,446.6,100,106750
20240227,11:00:03,445.0,100,106750
20240227,11:00:15,441.9,250,106750
20240227,11:00:48,442.85,50,106750
20240227,11:01:00,439.3,150,106750
20240227,11:02:10,440.0,50,106700
20240227,11:04:08,439.2,150,106750
20240227,11:04:11,438.35,500,106750
20240227,11:04:19,438.35,300,106750
20240227,11:04:22,439.15,350,106750
20240227,11:04:32,439.5,300,106750
20240227,11:04:37,439.65,350,106750
20240227,11:04:41,440.4,800,106750
20240227,11:04:42,440.7,500,106750
20240227,11:04:44,441.5,500,106750
20240227,11:04:46,440.75,350,106750
20240227,11:04:49,442.0,50,106750
20240227,11:04:52,442.5,550,106750
20240227,11:04:54,441.9,750,106750
20240227,11:04:56,442.3,500,106750
20240227,11:04:57,442.6,350,106750
20240227,11:05:07,441.7,500,106750
20240227,11:05:08,441.95,500,106750
20240227,11:05:32,440.6,500,106750
20240227,11:05:35,441.5,50,106750
20240227,11:05:38,441.5,400,106750
20240227,11:07:15,449.0,50,105400
20240227,11:07:25,447.7,250,105400
20240227,11:07:53,440.45,750,105400
20240227,11:08:44,444.5,50,105400
20240227,11:09:20,448.05,50,105400
20240227,11:11:03,449.65,250,105300
20240227,11:13:32,444.95,50,105400
20240227,11:15:02,446.0,50,105400
20240227,11:18:49,453.15,250,105450
20240227,11:18:53,453.85,50,105450
20240227,11:20:27,454.15,500,105450
20240227,11:20:34,454.45,500,105350
20240227,11:20:44,453.3,500,105350
20240227,11:20:54,451.9,550,105350
20240227,11:20:58,451.75,500,105350
20240227,11:21:03,450.7,150,105350
20240227,11:21:07,449.55,350,105350
20240227,11:21:10,449.55,150,105350
20240227,11:21:30,445.85,350,105350
20240227,11:22:13,447.15,500,105000
20240227,11:23:12,445.15,500,105000
20240227,11:23:17,445.55,500,105000
20240227,11:23:44,440.0,50,105000
20240227,11:24:01,441.45,50,105000
20240227,11:24:17,443.0,50,105000
20240227,11:25:02,434.0,50,105000
20240227,11:25:40,428.4,100,104850
20240227,11:26:14,428.35,50,104850
20240227,11:27:07,428.35,50,104850
20240227,11:32:15,432.25,50,104950
20240227,11:33:56,429.5,50,104950
20240227,11:34:58,428.0,50,104950
20240227,11:38:04,427.0,50,104950
20240227,11:40:01,427.0,50,104950
20240227,11:40:28,424.1,250,105000
20240227,11:40:45,424.1,150,105000
20240227,11:41:11,434.1,500,105000
20240227,11:41:13,432.95,500,105000
20240227,11:41:16,432.5,500,105000
20240227,11:41:19,432.3,500,105000
20240227,11:41:24,429.75,500,105000
20240227,11:41:28,429.35,500,105000
20240227,11:41:29,429.15,500,105000
20240227,11:41:33,428.75,500,105000
20240227,11:41:38,427.95,500,105000
20240227,11:41:41,429.1,500,105000
20240227,11:41:46,428.25,500,105000
20240227,11:41:56,431.1,50,105000
20240227,11:42:02,432.35,100,105000
20240227,11:42:04,430.75,500,105000
20240227,11:43:20,432.0,50,103500
20240227,11:45:06,428.25,200,103500
20240227,11:48:15,433.5,50,103550
20240227,11:50:28,426.3,200,103500
20240227,11:51:09,428.95,50,103500
20240227,11:52:22,430.9,150,103550
20240227,11:53:12,432.0,50,103550
20240227,11:53:39,436.5,50,103550
20240227,11:53:47,432.35,100,103550
20240227,11:54:12,434.85,100,103550
20240227,11:56:19,438.6,50,103450
20240227,11:57:37,442.8,200,103450
20240227,12:01:07,434.65,100,103500
20240227,12:02:19,437.15,50,103500
20240227,12:03:47,444.0,50,103500
20240227,12:04:06,445.0,100,103500
20240227,12:04:16,445.95,50,103400
20240227,12:04:36,449.4,300,103400
20240227,12:04:39,449.4,50,103400
20240227,12:05:24,454.55,50,103400
20240227,12:05:43,457.85,150,103400
20240227,12:05:50,454.95,50,103400
20240227,12:06:39,454.05,50,103400
20240227,12:06:58,454.0,50,103400
20240227,12:09:05,454.0,200,103250
20240227,12:09:25,458.0,50,103250
20240227,12:09:39,460.0,50,103250
20240227,12:11:03,460.4,50,103250
20240227,12:12:19,462.75,50,103250
20240227,12:15:40,442.5,50,103250
20240227,12:16:30,447.1,50,103200
20240227,12:17:29,454.0,50,103200
20240227,12:24:31,448.8,100,103250
20240227,12:30:28,445.15,50,103150
20240227,12:39:02,435.6,100,103100
20240227,12:39:29,432.5,200,103100
20240227,12:39:30,430.05,100,103100
20240227,12:39:35,431.85,250,103100
20240227,12:39:47,431.05,50,103100
20240227,12:39:55,431.6,50,103100
20240227,12:40:14,426.7,50,103100
20240227,12:40:47,428.0,50,103700
20240227,12:41:04,428.35,50,103700
20240227,12:41:11,428.4,50,103700
20240227,12:41:25,428.95,50,103700
20240227,12:44:28,425.0,50,103750
20240227,12:45:07,424.05,250,103750
20240227,12:45:14,424.05,50,103750
20240227,12:45:27,424.0,250,103750
20240227,12:49:13,410.0,300,103900
20240227,12:49:44,408.0,100,103900
20240227,12:50:05,408.0,50,103900
20240227,12:50:25,406.85,50,103900
20240227,12:50:34,405.05,100,103900
20240227,12:51:05,405.05,150,103900
20240227,12:51:37,402.0,150,103900
20240227,12:52:05,395.05,50,103900
20240227,12:53:05,395.05,1000,104050
20240227,12:53:08,403.2,50,104050
20240227,12:53:45,404.8,50,104050
20240227,12:55:44,395.05,50,103450
20240227,12:56:32,395.0,150,103450
20240227,12:57:34,395.0,50,103450
20240227,12:59:39,396.35,50,103400
20240227,13:00:02,390.0,200,103400
20240227,13:00:11,390.0,100,103400
20240227,13:00:57,395.75,50,103400
20240227,13:05:35,395.75,50,103350
20240227,13:06:36,398.4,50,103350
20240227,13:07:53,403.2,150,103350
20240227,13:09:57,406.35,200,103350
20240227,13:13:41,398.15,250,103350
20240227,13:15:37,391.5,5250,103350
20240227,13:16:07,394.45,50,103350
20240227,13:17:25,398.35,50,106750
20240227,13:19:19,395.35,200,106750
20240227,13:19:49,390.35,200,106900
20240227,13:19:51,388.05,200,106900
20240227,13:20:01,388.05,50,106900
20240227,13:20:31,388.2,100,106900
20240227,13:20:57,393.6,150,106900
20240227,13:21:09,395.0,200,106900
20240227,13:21:36,395.15,50,106900
20240227,13:22:45,399.45,50,106950
20240227,13:23:05,399.7,50,106950
20240227,13:23:22,399.5,150,106950
20240227,13:23:29,401.2,500,106950
20240227,13:23:35,401.7,500,106950
20240227,13:23:56,401.0,100,106950
20240227,13:24:22,401.0,100,106950
20240227,13:24:52,401.2,100,106950
20240227,13:25:42,402.0,50,107050
20240227,13:25:44,402.0,50,107050
20240227,13:25:47,402.7,500,107050
20240227,13:26:39,402.9,100,107050
20240227,13:26:57,405.55,50,107050
20240227,13:27:10,403.8,50,107050
20240227,13:27:34,401.25,50,107050
20240227,13:29:39,410.4,100,106800
20240227,13:30:14,404.25,50,106800
20240227,13:30:16,403.05,650,106800
20240227,13:30:17,404.25,50,106800
20240227,13:30:34,404.8,50,106800
20240227,13:32:33,399.6,50,107050
20240227,13:33:03,397.65,50,107050
20240227,13:33:18,399.0,50,107050
20240227,13:33:20,399.0,200,107050
20240227,13:33:21,399.0,50,107050
20240227,13:35:24,399.0,50,107300
20240227,13:35:26,400.0,50,107300
20240227,13:37:36,407.15,50,107300
20240227,13:38:07,407.4,50,107300
20240227,13:38:54,407.0,50,107300
20240227,13:39:06,405.5,50,107300
20240227,13:40:08,411.35,50,107300
20240227,13:40:18,415.75,150,107300
20240227,13:40:22,416.4,250,107300
20240227,13:40:38,408.85,250,107100
20240227,13:40:40,409.35,50,107100
20240227,13:41:03,409.35,50,107100
20240227,13:41:24,412.15,250,107100
20240227,13:41:52,413.1,50,107100
20240227,13:42:24,411.5,50,107100
20240227,13:42:54,413.75,100,107100
20240227,13:42:56,413.15,100,107100
20240227,13:43:11,415.1,100,107100
20240227,13:43:26,414.65,50,107100
20240227,13:44:07,411.15,100,106900
20240227,13:44:32,418.0,50,106900
20240227,13:44:37,419.0,50,106900
20240227,13:45:00,420.0,200,106900
20240227,13:45:14,420.05,100,106900
20240227,13:45:30,423.1,300,106900
20240227,13:45:35,425.7,150,106900
20240227,13:45:45,423.75,50,106900
20240227,13:46:03,425.7,50,106900
20240227,13:46:06,423.75,50,106900
20240227,13:46:08,425.7,50,106900
20240227,13:46:15,424.8,100,106900
20240227,13:46:20,423.5,250,106900
20240227,13:46:38,424.65,150,106600
20240227,13:46:41,423.0,50,106600
20240227,13:47:43,420.7,50,106600
20240227,13:48:06,425.0,250,106600
20240227,13:48:10,426.0,450,106600
20240227,13:48:11,429.25,100,106600
20240227,13:48:16,430.2,250,106600
20240227,13:48:31,435.0,50,106600
20240227,13:48:43,437.4,100,106600
20240227,13:48:44,438.25,50,106600
20240227,13:49:11,436.55,100,106600
20240227,13:49:16,434.35,50,106600
20240227,13:50:10,436.45,1000,106350
20240227,13:50:29,435.55,250,106350
20240227,13:50:43,433.6,100,106350
20240227,13:51:04,431.5,100,106350
20240227,13:51:22,427.35,100,106350
20240227,13:51:24,427.1,50,106350
20240227,13:51:26,425.6,50,106350
20240227,13:52:43,417.9,50,105750
20240227,13:53:51,422.2,100,105750
20240227,13:55:17,429.75,100,105750
20240227,13:55:35,439.2,250,105650
20240227,13:55:48,438.35,100,105650
20240227,13:55:52,440.9,150,105650
20240227,13:56:03,438.35,200,105650
20240227,13:56:13,434.1,100,105650
20240227,13:57:07,438.5,150,105650
20240227,13:57:08,440.0,50,105650
20240227,13:57:25,443.1,100,105650
20240227,13:57:38,443.1,100,105650
20240227,13:58:47,434.8,50,105400
20240227,13:59:03,433.6,50,105400
20240227,14:00:15,438.4,50,105400
20240227,14:00:28,437.85,150,105400
20240227,14:00:33,437.7,100,105400
20240227,14:00:53,438.7,100,105400
20240227,14:01:03,436.85,100,105400
20240227,14:01:05,435.6,200,105400
20240227,14:04:44,423.95,50,105200
20240227,14:06:40,417.6,200,105200
20240227,14:07:02,418.9,50,105200
20240227,14:07:17,419.0,100,105200
20240227,14:08:23,420.45,50,105150
20240227,14:10:05,428.45,100,105150
20240227,14:10:20,426.8,100,105150
20240227,14:10:22,425.7,150,105150
20240227,14:15:23,405.0,100,105350
20240227,14:16:29,400.1,50,105350
20240227,14:19:08,408.8,50,105500
20240227,14:20:59,410.0,50,105500
20240227,14:22:04,404.0,100,105500
20240227,14:24:00,407.9,300,105500
20240227,14:25:21,422.4,150,105500
20240227,14:25:24,419.8,100,105500
20240227,14:27:37,422.05,200,105500
20240227,14:29:09,423.65,50,105550
20240227,14:29:13,426.0,100,105550
20240227,14:29:41,425.95,50,105550
20240227,14:30:21,429.3,150,105550
20240227,14:30:37,429.15,150,105550
20240227,14:31:11,427.85,150,105550
20240227,14:31:40,426.15,100,105400
20240227,14:31:53,425.0,100,105400
20240227,14:33:25,423.0,200,105400
20240227,14:34:46,410.0,500,105350
20240227,14:35:47,405.0,150,105350
20240227,14:36:57,409.4,50,105350
20240227,14:37:29,406.0,500,105350
20240227,14:38:00,410.05,300,106400
20240227,14:38:35,411.0,50,106400
20240227,14:40:21,412.6,150,106400
20240227,14:40:37,412.2,150,106400
20240227,14:40:39,413.6,200,106400
20240227,14:40:41,413.9,50,106400
20240227,14:41:43,406.5,50,106650
20240227,14:43:09,408.3,50,106650
20240227,14:43:41,407.35,50,106650
20240227,14:46:59,410.55,250,106650
20240227,14:48:00,406.35,250,106650
20240227,14:48:31,407.15,200,106650
20240227,14:49:59,410.6,100,106550
20240227,14:51:14,411.6,200,106550
20240227,14:51:21,410.0,50,106550
20240227,14:52:04,406.25,200,106550
20240227,14:52:59,409.7,200,106700
20240227,14:55:57,404.6,200,106700
20240227,14:56:20,405.35,100,106700
20240227,14:56:25,402.0,100,106700
20240227,14:58:39,407.2,50,106700
20240227,15:00:27,401.0,100,106750
20240227,15:01:15,395.5,50,106750
20240227,15:01:21,391.55,400,106750
20240227,15:01:23,391.45,600,106750
20240227,15:02:10,392.95,50,106400
20240227,15:02:16,394.95,50,106400
20240227,15:02:25,394.95,200,106400
20240227,15:02:49,396.4,150,106400
20240227,15:03:46,396.0,50,106400
20240227,15:04:15,390.45,50,106400
20240227,15:04:17,390.0,200,106400
20240227,15:04:32,389.55,50,106400
20240227,15:05:00,385.65,200,106400
20240227,15:05:17,385.65,50,106250
20240227,15:06:04,382.95,50,106250
20240227,15:07:52,382.95,250,106250
20240227,15:09:52,391.1,50,106250
20240227,15:11:53,392.75,50,106200
20240227,15:13:37,392.75,50,106200
20240227,15:13:38,392.05,50,106200
20240227,15:14:51,397.55,50,106150
20240227,15:15:19,397.55,200,106150
20240227,15:15:23,395.35,5250,106150
20240227,15:15:34,400.0,250,106150
20240227,15:15:37,400.0,100,106150
20240227,15:15:46,400.2,50,106150
20240227,15:17:37,402.5,50,110400
20240227,15:17:49,400.35,50,110400
20240227,15:18:37,405.95,50,110400
20240227,15:18:50,405.0,50,110400
20240227,15:19:00,405.95,50,110400
20240227,15:19:10,406.65,50,110400
20240227,15:19:47,407.1,50,110400
20240227,15:20:03,407.2,50,110350
20240227,15:20:07,410.0,100,110350
20240227,15:20:27,412.9,100,110350
20240227,15:20:48,412.9,50,110350
20240227,15:22:24,409.15,50,110350
20240227,15:23:54,403.35,850,110300
20240227,15:24:08,402.0,100,110300
20240227,15:24:21,400.0,50,110300
20240227,15:24:26,400.0,100,110300
20240227,15:24:59,400.0,50,110300
20240227,15:25:29,403.15,100,110300
20240227,15:25:30,403.1,100,110300
20240227,15:26:30,404.45,150,109450
20240227,15:26:47,402.75,250,109450
20240227,15:27:09,403.15,100,109450
20240227,15:27:11,403.15,450,109450
20240227,15:27:42,404.3,50,109450
20240227,15:27:53,403.0,50,109450
20240227,15:28:03,402.95,50,109450
20240227,15:28:06,403.0,50,109450
20240227,15:28:18,403.3,150,109450
20240227,15:29:30,402.05,50,109600
20240228,09:15:34,389.35,1,109600
20240228,09:15:34,389.35,100,109600
20240228,09:15:47,391.0,150,109600
20240228,09:15:49,391.45,50,109600
20240228,09:15:51,391.45,50,109600
20240228,09:16:02,390.3,50,109700
20240228,09:16:07,390.2,50,109700
20240228,09:16:18,394.0,1750,109700
20240228,09:16:19,395.5,3500,109700
20240228,09:16:20,395.5,50,109700
20240228,09:16:42,393.3,50,109700
20240228,09:17:54,397.65,200,109700
20240228,09:18:02,397.65,50,109700
20240228,09:18:10,395.25,150,109700
20240228,09:18:20,394.05,5400,109700
20240228,09:18:22,393.3,150,109700
20240228,09:21:06,393.3,150,103950
20240228,09:22:04,391.05,150,103950
20240228,09:22:31,390.0,150,103950
20240228,09:23:17,388.4,50,103950
20240228,09:23:24,388.4,50,103950
20240228,09:23:27,388.4,100,103950
20240228,09:23:34,388.4,400,103950
20240228,09:24:57,390.65,200,103800
20240228,09:25:36,392.0,50,103800
20240228,09:26:19,394.25,250,103800
20240228,09:26:45,392.0,250,103800
20240228,09:28:08,398.3,100,103750
20240228,09:28:42,398.3,50,103750
20240228,09:29:07,401.35,400,103750
20240228,09:29:21,401.45,500,103750
20240228,09:31:18,401.45,100,103850
20240228,09:31:28,400.2,50,103850
20240228,09:32:40,397.75,500,103850
20240228,09:32:50,396.0,100,103850
20240228,09:33:49,392.0,50,103850
20240228,09:34:05,393.6,50,103800
20240228,09:34:45,393.6,150,103800
20240228,09:35:36,397.0,500,103800
20240228,09:35:53,400.65,50,103800
20240228,09:36:48,398.1,50,103800
20240228,09:42:07,396.2,200,103900
20240228,09:43:44,391.25,150,103900
20240228,09:45:05,391.25,500,103900
20240228,09:46:12,390.0,50,103900
20240228,09:47:09,392.05,400,103900
20240228,09:47:22,392.05,100,103900
20240228,09:48:05,390.3,400,103900
20240228,09:49:48,392.4,300,103950
20240228,09:50:19,392.1,500,103950
20240228,09:52:19,390.15,250,104200
20240228,09:52:51,391.15,50,104200
20240228,09:54:38,400.65,400,104200
20240228,09:55:04,400.0,250,104200
20240228,09:56:50,400.05,150,104200
20240228,09:57:15,400.9,400,104200
20240228,09:57:18,402.05,50,104200
20240228,09:57:30,402.05,50,104200
20240228,09:57:51,405.0,50,104200
20240228,09:58:11,407.35,100,103700
20240228,09:59:54,408.0,50,103700
20240228,09:59:58,410.0,50,103700
20240228,10:00:03,413.0,100,103700
20240228,10:00:05,416.25,100,103700
20240228,10:01:16,416.25,50,103500
20240228,10:01:45,404.45,100,103500
20240228,10:03:37,404.6,50,103500
20240228,10:04:34,401.0,50,103350
20240228,10:05:49,394.0,200,103350
20240228,10:07:03,388.0,50,103350
20240228,10:07:13,385.0,50,103350
20240228,10:07:15,383.75,250,103350
20240228,10:08:12,378.2,200,103350
20240228,10:08:14,377.2,250,103350
20240228,10:08:56,377.2,50,103350
20240228,10:09:11,378.5,350,103350
20240228,10:10:46,379.45,50,103550
20240228,10:10:56,377.95,150,103550
20240228,10:11:26,377.9,400,103550
20240228,10:12:02,382.35,50,103550
20240228,10:12:04,380.0,50,103550
20240228,10:13:50,380.95,50,103700
20240228,10:14:04,380.0,400,103700
20240228,10:14:09,382.0,100,103700
20240228,10:15:56,380.95,50,103700
20240228,10:16:21,378.0,50,103500
20240228,10:21:43,381.55,50,103550
20240228,10:22:03,379.7,50,103550
20240228,10:22:47,378.0,150,103600
20240228,10:24:03,385.0,350,103600
20240228,10:25:36,385.0,50,103450
20240228,10:30:57,385.0,100,103500
20240228,10:32:22,391.3,50,103500
20240228,10:32:47,391.3,100,103500
20240228,10:33:30,389.0,100,103500
20240228,10:36:02,393.0,50,103400
20240228,10:36:47,389.0,50,103400
20240228,10:38:50,398.7,50,103400
20240228,10:39:05,399.0,150,103400
20240228,10:39:42,395.0,50,103400
20240228,10:40:19,395.85,100,103250
20240228,10:40:22,398.7,100,103250
20240228,10:40:30,399.0,100,103250
20240228,10:41:57,395.0,50,103250
20240228,10:42:45,396.05,100,103250
20240228,10:44:52,393.35,50,103300
20240228,10:45:15,396.05,350,103300
20240228,10:47:04,402.1,200,103000
20240228,10:47:10,407.85,50,103000
20240228,10:50:26,424.85,50,103100
20240228,10:50:58,425.45,50,103100
20240228,10:51:03,435.0,100,103100
20240228,10:51:05,439.75,500,103100
20240228,10:51:06,439.75,150,103100
20240228,10:51:13,447.2,350,103100
20240228,10:51:15,450.8,50,103100
20240228,10:51:25,450.8,150,103100
20240228,10:51:38,442.9,100,103100
20240228,10:51:40,447.45,50,103100
20240228,10:51:57,454.0,50,103100
20240228,10:51:59,455.0,50,103100
20240228,10:52:01,456.15,150,103100
20240228,10:52:04,461.85,50,103100
20240228,10:52:07,467.2,50,103100
20240228,10:52:14,467.2,200,103150
20240228,10:52:21,466.5,50,103150
20240228,10:52:27,462.0,100,103150
20240228,10:52:36,452.1,150,103150
20240228,10:52:44,450.7,50,103150
20240228,10:52:46,450.0,50,103150
20240228,10:53:16,461.85,100,103150
20240228,10:53:26,458.5,100,103150
20240228,10:53:54,462.7,100,103150
20240228,10:53:59,464.7,100,103150
20240228,10:54:14,470.0,450,103150
20240228,10:55:53,470.0,100,102750
20240228,10:55:59,456.0,200,102750
20240228,10:56:41,459.05,200,102750
20240228,10:56:44,462.35,300,102750
20240228,10:57:00,466.35,150,102750
20240228,10:57:11,470.0,250,102750
20240228,10:57:18,470.9,550,102750
20240228,10:57:20,470.9,1250,102750
20240228,10:57:38,483.5,50,102750
20240228,10:57:43,483.5,100,102750
20240228,10:57:51,483.3,100,102750
20240228,10:57:55,484.85,150,102750
20240228,10:57:59,488.2,50,102750
20240228,10:58:03,495.25,600,102750
20240228,10:58:04,495.6,200,102750
20240228,10:58:14,500.0,150,104450
20240228,10:58:19,500.55,150,104450
20240228,10:58:21,497.5,100,104450
20240228,10:58:26,496.0,150,104450
20240228,10:58:48,489.5,250,104450
20240228,10:58:49,491.0,50,104450
20240228,10:58:56,490.85,400,104450
20240228,10:58:58,489.95,50,104450
20240228,10:59:03,493.75,50,104450
20240228,10:59:51,497.3,50,104450
20240228,11:00:05,507.35,50,104450
20240228,11:00:11,518.2,50,104450
20240228,11:00:33,532.0,50,104450
20240228,11:00:38,532.0,50,104450
20240228,11:00:45,520.5,50,104450
20240228,11:01:03,518.8,150,104450
20240228,11:01:30,520.45,50,104450
20240228,11:01:47,507.7,200,103750
20240228,11:01:53,508.8,50,103750
20240228,11:01:55,507.6,200,103750
20240228,11:01:58,503.25,100,103750
20240228,11:02:10,504.75,150,103750
20240228,11:02:13,505.5,150,103750
20240228,11:02:27,502.2,150,103750
20240228,11:02:32,504.2,200,103750
20240228,11:02:40,499.05,150,103750
20240228,11:03:02,504.0,100,103750
20240228,11:03:07,512.7,150,103750
20240228,11:03:43,515.6,100,103750
20240228,11:03:45,515.5,250,103750
20240228,11:04:03,519.8,100,103750
20240228,11:04:13,519.8,100,103600
20240228,11:05:07,532.9,50,103600
20240228,11:05:12,540.0,50,103600
20240228,11:05:33,540.0,100,103600
20240228,11:06:03,529.6,50,103600
20240228,11:06:28,515.9,50,103600
20240228,11:06:47,511.75,50,103600
20240228,11:06:57,511.4,50,103600
20240228,11:07:05,517.3,1000,103600
20240228,11:07:37,514.55,350,103550
20240228,11:07:47,514.55,50,103550
20240228,11:07:48,515.45,50,103550
20240228,11:08:12,524.6,50,103550
20240228,11:10:53,518.25,50,103450
20240228,11:12:20,510.25,150,103450
20240228,11:12:30,508.35,50,103450
20240228,11:13:13,505.5,50,103450
20240228,11:14:05,500.0,50,103450
20240228,11:14:16,504.0,50,103450
20240228,11:14:38,512.5,150,103450
20240228,11:14:46,509.25,50,103450
20240228,11:16:14,502.2,500,103300
20240228,11:16:34,500.5,150,103300
20240228,11:17:48,491.3,50,103300
20240228,11:19:35,491.3,50,103400
20240228,11:19:36,492.0,100,103400
20240228,11:20:16,497.8,150,103400
20240228,11:20:28,499.6,50,103400
20240228,11:24:13,502.6,350,103150
20240228,11:24:41,508.35,100,103150
20240228,11:25:15,512.25,50,103150
20240228,11:25:20,515.85,100,103150
20240228,11:26:00,515.85,50,103150
20240228,11:26:01,515.85,50,103150
20240228,11:26:03,515.85,250,103150
20240228,11:27:13,515.0,100,103150
20240228,11:27:33,520.0,100,103150
20240228,11:29:33,506.0,50,103050
20240228,11:30:21,520.0,50,103050
20240228,11:30:23,520.0,50,103050
20240228,11:30:33,520.0,50,103050
20240228,11:31:06,517.95,50,103050
20240228,11:31:21,517.2,50,102900
20240228,11:32:11,506.75,200,102900
20240228,11:32:16,505.75,50,102900
20240228,11:32:19,508.5,100,102900
20240228,11:35:13,515.0,50,103050
20240228,11:35:59,514.0,400,103050
20240228,11:38:04,510.0,50,103200
20240228,11:38:18,509.0,50,103200
20240228,11:41:22,516.0,50,103150
20240228,11:42:22,516.55,150,103150
20240228,11:42:42,516.9,100,103150
20240228,11:44:22,522.0,50,103300
20240228,11:44:26,525.0,250,103300
20240228,11:44:44,535.0,400,103300
20240228,11:45:02,544.45,50,103300
20240228,11:45:47,556.2,1100,103300
20240228,11:46:05,562.0,50,103300
20240228,11:46:20,562.2,1100,103550
20240228,11:46:35,560.0,100,103550
20240228,11:46:37,561.8,100,103550
20240228,11:46:45,562.55,50,103550
20240228,11:46:54,562.55,50,103550
20240228,11:47:05,551.1,500,103550
20240228,11:47:07,547.0,50,103550
20240228,11:47:24,540.4,100,103550
20240228,11:47:35,540.2,200,103550
20240228,11:47:55,535.0,50,103550
20240228,11:48:11,536.3,50,103550
20240228,11:48:19,534.65,150,103550
20240228,11:48:29,535.0,200,103550
20240228,11:49:32,527.7,150,103600
20240228,11:50:01,525.95,100,103600
20240228,11:50:07,529.0,50,103600
20240228,11:50:22,531.9,150,103600
20240228,11:50:26,531.9,150,103600
20240228,11:50:27,529.55,200,103600
20240228,11:51:19,532.0,350,103600
20240228,11:53:29,538.45,50,104300
20240228,11:57:13,535.15,50,104300
20240228,11:58:03,539.0,100,104300
20240228,11:58:57,535.4,50,104300
20240228,12:00:58,532.0,100,104300
20240228,12:01:01,533.55,50,104300
20240228,12:02:20,536.4,50,104200
20240228,12:02:35,539.0,100,104200
20240228,12:03:18,544.8,50,104200
20240228,12:04:01,548.8,50,104200
20240228,12:04:43,552.3,50,104200
20240228,12:10:06,548.25,100,104150
20240228,12:13:05,532.3,50,104050
20240228,12:13:06,530.0,100,104050
20240228,12:13:28,535.0,50,104050
20240228,12:14:07,528.2,50,104050
20240228,12:15:04,525.4,50,104050
20240228,12:16:54,530.0,100,104050
20240228,12:18:04,530.55,50,104050
20240228,12:19:49,529.6,50,103950
20240228,12:20:37,525.0,100,103950
20240228,12:22:00,524.75,500,103950
20240228,12:22:40,527.9,500,104050
20240228,12:27:51,535.0,50,104550
20240228,12:28:45,536.4,50,104600
20240228,12:30:17,536.0,100,104600
20240228,12:31:22,535.95,50,104600
20240228,12:31:42,540.0,50,104650
20240228,12:31:44,538.8,50,104650
20240228,12:32:36,540.0,300,104650
20240228,12:33:14,535.45,50,104650
20240228,12:35:35,544.55,50,104750
20240228,12:35:54,546.0,300,104750
20240228,12:37:05,546.0,500,104750
20240228,12:38:02,539.0,250,105200
20240228,12:39:17,533.75,50,105200
20240228,12:41:21,538.2,100,105450
20240228,12:42:26,534.9,50,105450
20240228,12:42:45,535.2,100,105450
20240228,12:44:23,534.6,50,105450
20240228,12:45:07,530.0,50,105450
20240228,12:46:10,537.3,300,105450
20240228,12:46:40,539.95,50,105350
20240228,12:50:41,536.0,50,105350
20240228,12:52:51,542.0,100,105400
20240228,12:53:21,538.9,50,105400
20240228,12:54:35,542.25,50,105400
20240228,12:55:51,556.0,50,105250
20240228,12:56:34,560.0,100,105250
20240228,12:57:44,561.0,500,105250
20240228,12:58:36,568.0,300,105250
20240228,12:58:41,581.45,50,105250
20240228,12:58:54,586.05,50,105250
20240228,12:59:17,598.4,50,105250
20240228,12:59:27,598.4,250,105250
20240228,12:59:29,592.0,300,105250
20240228,12:59:37,592.0,50,105250
20240228,12:59:44,596.0,50,105250
20240228,13:00:05,596.0,1900,105250
20240228,13:00:35,592.45,400,105250
20240228,13:00:49,595.6,50,105250
