date,time,tick_price,volume,open_interest
20240115,09:15:09,2.0,100,3850
20240115,09:15:50,0.8,1800,3850
20240115,09:15:51,0.8,100,3850
20240115,09:15:52,0.8,50,3850
20240115,09:15:54,0.8,50,3850
20240115,09:15:55,0.8,50,3850
20240115,09:15:57,0.8,50,3850
20240115,09:15:59,0.8,50,3850
20240115,09:16:00,0.8,50,3850
20240115,09:16:02,0.8,50,3850
20240115,09:16:04,0.8,50,3850
20240115,09:16:05,0.8,50,3850
20240115,09:16:15,0.8,50,3850
20240115,09:16:20,0.8,100,3850
20240115,09:16:22,0.8,100,3850
20240115,09:16:23,0.8,50,3850
20240115,09:16:28,0.8,50,3850
20240115,09:16:43,0.8,50,3850
20240115,09:16:50,0.8,50,3850
20240115,09:16:53,0.8,50,3850
20240115,09:16:58,0.8,50,3850
20240115,09:16:59,0.8,300,3850
20240115,09:17:01,0.8,50,3850
20240115,09:17:05,0.8,50,3850
20240115,09:17:14,0.8,50,3850
20240115,09:17:16,0.8,50,3850
20240115,09:17:18,0.8,50,3850
20240115,09:17:38,0.75,100,3850
20240115,09:17:38,0.75,50,3850
20240115,09:17:40,0.75,50,3850
20240115,09:17:41,0.75,50,3850
20240115,09:17:42,0.75,50,3850
20240115,09:17:46,0.75,50,3850
20240115,09:17:48,0.75,50,3850
20240115,09:17:51,0.75,50,3850
20240115,09:17:53,0.75,50,3850
20240115,09:17:56,0.75,50,3850
20240115,09:18:11,0.75,50,3850
20240115,09:18:14,0.75,50,3850
20240115,09:18:17,0.75,50,3850
20240115,09:18:24,0.75,50,3850
20240115,09:18:27,0.75,50,3850
20240115,09:18:35,0.75,1000,3850
20240115,09:19:31,0.75,1000,3850
20240115,09:21:16,0.75,50,3850
20240115,09:21:19,0.75,50,6650
20240115,09:21:25,0.75,50,6650
20240115,09:21:33,0.75,50,6650
20240115,09:21:35,0.75,150,6650
20240115,09:21:54,0.75,50,6650
20240115,09:22:26,0.75,50,6650
20240115,09:22:48,0.75,450,6650
20240115,09:22:54,0.75,150,6650
20240115,09:22:56,0.75,50,6650
20240115,09:23:29,0.8,50,7600
20240115,09:24:13,0.85,50,7600
20240115,09:24:17,0.75,1800,7600
20240115,09:24:28,0.75,600,7600
20240115,09:26:51,0.8,500,7600
20240115,09:27:33,0.8,50,5500
20240115,09:27:45,0.75,50,5500
20240115,09:29:44,0.8,400,6000
20240115,09:30:02,0.75,500,6000
20240115,09:31:19,0.75,200,6000
20240115,09:31:34,0.75,1400,6000
20240115,09:32:17,0.75,50,6000
20240115,09:32:18,0.75,100,6000
20240115,09:32:19,0.75,50,6000
20240115,09:32:21,0.75,50,6000
20240115,09:32:23,0.75,50,6000
20240115,09:32:25,0.75,50,6000
20240115,09:32:28,0.75,50,7750
20240115,09:32:30,0.75,500,7750
20240115,09:32:33,0.75,550,7750
20240115,09:32:39,0.8,550,7750
20240115,09:33:20,0.7,3450,7750
20240115,09:33:21,0.7,350,7750
20240115,09:33:26,0.7,300,7750
20240115,09:33:33,0.7,450,7750
20240115,09:33:34,0.7,650,7750
20240115,09:33:35,0.7,400,7750
20240115,09:33:38,0.75,750,7750
20240115,09:33:40,0.75,50,7750
20240115,09:34:33,0.75,950,7750
20240115,09:34:34,0.75,1000,7750
20240115,09:34:53,0.75,50,7750
20240115,09:35:01,0.75,50,7750
20240115,09:36:30,0.7,250,7750
20240115,09:36:48,0.7,250,13200
20240115,09:36:49,0.7,400,13200
20240115,09:37:42,0.75,100,13200
20240115,09:39:29,0.7,250,13250
20240115,09:40:43,0.75,1800,13250
20240115,09:40:52,0.75,1800,13250
20240115,09:42:30,0.7,550,15600
20240115,09:42:33,0.7,550,15600
20240115,09:42:35,0.7,100,15600
20240115,09:42:36,0.7,550,15600
20240115,09:42:39,0.7,250,15600
20240115,09:43:18,0.7,250,15600
20240115,09:43:37,0.7,250,15600
20240115,09:43:44,0.7,250,15600
20240115,09:43:50,0.75,150,15600
20240115,09:43:55,0.7,250,15600
20240115,09:44:07,0.7,250,15600
20240115,09:44:34,0.75,50,15600
20240115,09:46:50,0.7,250,15900
20240115,09:47:07,0.75,200,15900
20240115,09:47:24,0.7,300,15900
20240115,09:48:27,0.75,50,15900
20240115,09:48:54,0.75,50,15900
20240115,09:50:19,0.7,250,15900
20240115,09:51:22,0.7,50,15900
20240115,09:51:59,0.75,100,15900
20240115,09:52:17,0.75,1300,15900
20240115,09:53:04,0.75,50,15900
20240115,09:53:14,0.75,50,15900
20240115,09:53:15,0.75,50,15900
20240115,09:53:29,0.75,50,15900
20240115,09:53:30,0.75,50,15900
20240115,09:53:31,0.75,50,15900
20240115,09:53:32,0.75,50,15900
20240115,09:53:33,0.75,50,15900
20240115,09:53:34,0.75,50,15900
20240115,09:53:35,0.75,50,15900
20240115,09:53:36,0.75,50,15900
20240115,09:53:37,0.75,50,15900
20240115,09:53:38,0.75,50,15900
20240115,09:53:39,0.75,50,15900
20240115,09:53:40,0.75,50,15900
20240115,09:53:41,0.75,50,15900
20240115,09:53:42,0.75,50,15900
20240115,09:53:43,0.75,50,15900
20240115,09:53:44,0.75,50,15900
20240115,09:53:45,0.75,50,15900
20240115,09:53:46,0.75,50,15900
20240115,09:53:47,0.75,50,15900
20240115,09:53:48,0.75,50,15900
20240115,09:53:49,0.75,50,15900
20240115,09:53:50,0.75,50,15900
20240115,09:53:51,0.75,50,15900
20240115,09:53:52,0.75,50,15900
20240115,09:53:53,0.75,50,15900
20240115,09:53:54,0.75,50,15900
20240115,09:53:55,0.75,50,15900
20240115,09:53:56,0.75,50,15900
20240115,09:53:57,0.75,50,15900
20240115,09:53:58,0.75,50,15900
20240115,09:53:59,0.75,50,15900
20240115,09:54:00,0.75,50,15900
20240115,09:54:13,0.75,50,15900
20240115,09:54:14,0.75,50,15900
20240115,09:55:04,0.7,150,15900
20240115,09:55:05,0.7,150,15900
20240115,09:55:06,0.7,150,15900
20240115,09:55:07,0.7,150,15900
20240115,09:55:08,0.7,150,15900
20240115,09:55:09,0.7,150,15900
20240115,09:55:10,0.7,150,15900
20240115,09:55:11,0.7,150,15900
20240115,09:55:12,0.7,150,15900
20240115,09:55:13,0.7,150,15900
20240115,09:55:14,0.7,150,15900
20240115,09:55:15,0.7,150,15900
20240115,09:56:56,0.75,50,16000
20240115,09:56:58,0.75,50,16000
20240115,09:56:59,0.75,50,16000
20240115,09:57:05,0.75,50,16000
20240115,09:57:06,0.75,50,16000
20240115,09:57:07,0.75,50,16000
20240115,09:57:08,0.75,50,16000
20240115,09:58:04,0.7,150,16000
20240115,09:58:05,0.7,150,16000
20240115,09:58:06,0.7,50,16000
20240115,09:59:49,0.7,200,16100
20240115,10:00:01,0.75,50,16100
20240115,10:00:02,0.75,50,16100
20240115,10:01:08,0.75,50,16100
20240115,10:01:15,0.75,50,16100
20240115,10:01:36,0.75,50,16100
20240115,10:01:37,0.75,50,16100
20240115,10:01:38,0.75,50,16100
20240115,10:01:39,0.75,50,16100
20240115,10:01:40,0.75,50,16100
20240115,10:01:41,0.75,50,16100
20240115,10:01:42,0.75,50,16100
20240115,10:01:43,0.75,50,16100
20240115,10:01:44,0.75,50,16100
20240115,10:01:45,0.75,50,16100
20240115,10:01:46,0.75,50,16100
20240115,10:01:47,0.75,50,16100
20240115,10:01:48,0.7,850,16100
20240115,10:01:49,0.75,50,16100
20240115,10:01:50,0.75,50,16100
20240115,10:01:51,0.75,50,16100
20240115,10:01:52,0.75,50,16100
20240115,10:01:53,0.75,50,16100
20240115,10:01:54,0.75,50,16100
20240115,10:01:55,0.75,50,16100
20240115,10:01:56,0.75,50,16100
20240115,10:01:57,0.75,50,16100
20240115,10:01:58,0.75,50,16100
20240115,10:01:59,0.75,50,16100
20240115,10:02:00,0.7,300,16100
20240115,10:02:01,0.75,50,16100
20240115,10:02:02,0.75,50,16100
20240115,10:02:03,0.75,50,16100
20240115,10:02:04,0.75,50,16100
20240115,10:02:05,0.75,50,16100
20240115,10:02:06,0.75,100,16100
20240115,10:02:07,0.75,100,16100
20240115,10:02:08,0.75,150,16100
20240115,10:02:09,0.75,150,16100
20240115,10:02:10,0.75,150,16100
20240115,10:02:11,0.75,150,16100
20240115,10:02:12,0.75,50,16100
20240115,10:02:13,0.75,50,16100
20240115,10:02:14,0.75,50,16100
20240115,10:02:15,0.75,50,16100
20240115,10:02:16,0.75,50,16100
20240115,10:02:18,0.75,100,16100
20240115,10:02:19,0.75,50,16100
20240115,10:02:20,0.75,150,16100
20240115,10:02:21,0.75,150,16100
20240115,10:02:22,0.75,150,16100
20240115,10:02:23,0.75,150,16100
20240115,10:02:24,0.75,150,16100
20240115,10:02:25,0.75,300,16100
20240115,10:02:26,0.75,200,16100
20240115,10:02:27,0.75,200,16100
20240115,10:02:28,0.75,200,16100
20240115,10:02:29,0.75,200,16100
20240115,10:02:30,0.75,200,16100
20240115,10:02:31,0.75,200,16100
20240115,10:02:32,0.75,200,18100
20240115,10:02:33,0.75,200,18100
20240115,10:02:34,0.75,200,18100
20240115,10:02:35,0.75,200,18100
20240115,10:02:36,0.75,200,18100
20240115,10:02:37,0.75,200,18100
20240115,10:02:38,0.75,200,18100
20240115,10:02:39,0.75,200,18100
20240115,10:02:40,0.75,200,18100
20240115,10:02:41,0.75,200,18100
20240115,10:02:42,0.75,200,18100
20240115,10:02:43,0.75,200,18100
20240115,10:02:44,0.75,200,18100
20240115,10:02:45,0.75,200,18100
20240115,10:02:46,0.75,200,18100
20240115,10:02:47,0.75,200,18100
20240115,10:02:48,0.75,200,18100
20240115,10:02:49,0.75,200,18100
20240115,10:02:50,0.75,200,18100
20240115,10:02:51,0.75,200,18100
20240115,10:02:52,0.75,200,18100
20240115,10:02:53,0.75,200,18100
20240115,10:02:54,0.75,200,18100
20240115,10:02:55,0.75,200,18100
20240115,10:02:56,0.75,200,18100
20240115,10:02:57,0.75,200,18100
20240115,10:02:58,0.75,200,18100
20240115,10:02:59,0.75,200,18100
20240115,10:03:00,0.75,200,18100
20240115,10:03:02,0.75,50,18100
20240115,10:03:03,0.75,50,18100
20240115,10:03:04,0.75,50,18100
20240115,10:03:05,0.75,50,18100
20240115,10:03:06,0.75,50,18100
20240115,10:03:07,0.75,50,18100
20240115,10:03:08,0.75,50,18100
20240115,10:03:10,0.75,50,18100
20240115,10:03:29,0.7,100,18100
20240115,10:03:45,0.7,50,18100
20240115,10:04:45,0.75,50,18100
20240115,10:04:46,0.75,50,18100
20240115,10:05:08,0.75,50,18100
20240115,10:05:09,0.75,50,18100
20240115,10:05:10,0.75,50,18100
20240115,10:05:11,0.75,50,18100
20240115,10:05:12,0.75,50,18100
20240115,10:05:13,0.75,50,18100
20240115,10:05:14,0.75,50,18100
20240115,10:06:58,0.75,50,18100
20240115,10:07:00,0.75,50,24500
20240115,10:07:06,0.75,300,24500
20240115,10:07:11,0.75,250,24500
20240115,10:10:50,0.7,50,24500
20240115,10:10:51,0.7,50,24600
20240115,10:10:52,0.7,200,24600
20240115,10:10:53,0.7,200,24600
20240115,10:10:54,0.7,200,24600
20240115,10:10:55,0.7,200,24600
20240115,10:10:56,0.7,200,24600
20240115,10:10:57,0.7,200,24600
20240115,10:11:01,0.7,50,24600
20240115,10:11:02,0.7,50,24600
20240115,10:11:03,0.7,50,24600
20240115,10:11:04,0.7,50,24600
20240115,10:11:05,0.7,50,24600
20240115,10:11:06,0.7,200,24600
20240115,10:11:07,0.7,200,24600
20240115,10:11:08,0.7,200,24600
20240115,10:11:09,0.7,200,24600
20240115,10:11:10,0.7,50,24600
20240115,10:11:11,0.7,50,24600
20240115,10:11:12,0.7,50,24600
20240115,10:11:13,0.7,50,24600
20240115,10:11:14,0.7,50,24600
20240115,10:11:15,0.7,50,24600
20240115,10:11:16,0.7,50,24600
20240115,10:11:17,0.7,50,24600
20240115,10:11:18,0.75,1050,24600
20240115,10:11:19,0.7,50,24600
20240115,10:11:20,0.7,50,24600
20240115,10:11:21,0.7,50,24600
20240115,10:11:22,0.7,50,24600
20240115,10:11:23,0.7,50,24600
20240115,10:11:24,0.7,50,24600
20240115,10:11:25,0.7,50,24600
20240115,10:11:26,0.75,300,24600
20240115,10:11:27,0.7,100,24600
20240115,10:11:28,0.7,50,24600
20240115,10:11:29,0.7,50,24600
20240115,10:11:30,0.7,50,24600
20240115,10:11:31,0.7,50,24600
20240115,10:11:32,0.7,50,24600
20240115,10:11:33,0.7,50,24600
20240115,10:11:34,0.7,50,22050
20240115,10:11:35,0.7,50,22050
20240115,10:11:36,0.7,50,22050
20240115,10:11:37,0.7,50,22050
20240115,10:11:38,0.7,50,22050
20240115,10:11:39,0.7,100,22050
20240115,10:11:40,0.7,200,22050
20240115,10:11:41,0.7,200,22050
20240115,10:11:42,0.7,50,22050
20240115,10:11:43,0.7,50,22050
20240115,10:11:44,0.7,50,22050
20240115,10:11:45,0.7,50,22050
20240115,10:11:46,0.7,50,22050
20240115,10:11:51,0.7,100,22050
20240115,10:12:21,0.7,50,22050
20240115,10:12:22,0.7,50,22050
20240115,10:12:23,0.7,50,22050
20240115,10:12:24,0.7,50,22050
20240115,10:12:25,0.7,50,22050
20240115,10:12:26,0.7,50,22050
20240115,10:12:28,0.75,1050,22050
20240115,10:12:44,0.7,1050,22050
20240115,10:13:56,0.7,50,22050
20240115,10:13:57,0.7,50,22050
20240115,10:13:58,0.7,50,22050
20240115,10:13:59,0.7,200,22050
20240115,10:14:00,0.7,200,22050
20240115,10:14:01,0.7,200,22050
20240115,10:14:02,0.7,200,22050
20240115,10:14:03,0.7,200,22050
20240115,10:14:04,0.7,200,22050
20240115,10:14:11,0.7,50,22050
20240115,10:14:12,0.7,50,22050
20240115,10:14:13,0.7,50,22050
20240115,10:14:14,0.7,50,22050
20240115,10:14:15,0.7,50,22050
20240115,10:14:16,0.7,50,22050
20240115,10:14:17,0.7,50,22050
20240115,10:14:18,0.7,50,22050
20240115,10:14:19,0.7,50,22050
20240115,10:14:20,0.7,50,22050
20240115,10:14:21,0.7,50,22050
20240115,10:14:22,0.7,50,22050
20240115,10:14:23,0.7,200,22050
20240115,10:14:24,0.7,200,22050
20240115,10:14:25,0.7,200,22050
20240115,10:14:26,0.7,200,22050
20240115,10:14:28,0.7,50,22050
20240115,10:14:29,0.7,50,22050
20240115,10:14:30,0.7,50,22050
20240115,10:14:31,0.7,50,22050
20240115,10:14:32,0.7,50,22050
20240115,10:14:33,0.7,50,22050
20240115,10:14:34,0.7,50,19050
20240115,10:14:35,0.7,50,19050
20240115,10:14:36,0.7,50,19050
20240115,10:14:37,0.7,50,19050
20240115,10:14:38,0.7,50,19050
20240115,10:14:39,0.7,50,19050
20240115,10:14:40,0.7,200,19050
20240115,10:14:41,0.7,200,19050
20240115,10:14:42,0.7,200,19050
20240115,10:14:43,0.7,200,19050
20240115,10:14:44,0.7,200,19050
20240115,10:14:45,0.7,50,19050
20240115,10:14:46,0.7,50,19050
20240115,10:14:47,0.7,50,19050
20240115,10:14:48,0.7,50,19050
20240115,10:14:49,0.7,50,19050
20240115,10:14:50,0.7,50,19050
20240115,10:14:51,0.7,50,19050
20240115,10:14:52,0.7,50,19050
20240115,10:14:53,0.7,50,19050
20240115,10:14:54,0.7,50,19050
20240115,10:14:55,0.7,200,19050
20240115,10:14:56,0.7,250,19050
20240115,10:14:57,0.7,200,19050
20240115,10:14:58,0.7,200,19050
20240115,10:14:59,0.7,50,19050
20240115,10:15:00,0.7,50,19050
20240115,10:15:01,0.7,50,19050
20240115,10:15:02,0.7,50,19050
20240115,10:15:03,0.7,50,19050
20240115,10:15:04,0.7,50,19050
20240115,10:15:05,0.7,50,19050
20240115,10:15:06,0.7,200,19050
20240115,10:15:07,0.7,200,19050
20240115,10:15:08,0.7,200,19050
20240115,10:15:21,0.75,1050,19050
20240115,10:15:26,0.7,50,19050
20240115,10:15:27,0.7,50,19050
20240115,10:15:28,0.7,50,19050
20240115,10:15:29,0.7,50,19050
20240115,10:16:37,0.75,50,19050
20240115,10:17:44,0.75,50,19550
20240115,10:18:17,0.7,150,19550
20240115,10:22:04,0.75,1400,19600
20240115,10:26:26,0.7,1400,19600
20240115,10:27:19,0.75,50,19200
20240115,10:27:54,0.75,1800,19200
20240115,10:28:02,0.75,1800,19200
20240115,10:32:07,0.75,50,21200
20240115,10:32:19,0.75,100,21200
20240115,10:32:20,0.75,150,21200
20240115,10:32:21,0.75,150,21200
20240115,10:32:22,0.75,50,21200
20240115,10:32:23,0.75,50,21200
20240115,10:32:24,0.75,50,21200
20240115,10:32:25,0.75,50,21200
20240115,10:32:26,0.75,50,21200
20240115,10:32:27,0.75,50,21200
20240115,10:32:28,0.75,50,21200
20240115,10:32:29,0.75,150,21200
20240115,10:32:30,0.75,150,21200
20240115,10:32:31,0.75,150,21200
20240115,10:32:32,0.75,50,21200
20240115,10:32:33,0.75,50,21200
20240115,10:32:34,0.75,50,21200
20240115,10:32:35,0.75,50,21200
20240115,10:32:36,0.75,50,21400
20240115,10:32:37,0.75,50,21400
20240115,10:32:38,0.75,50,21400
20240115,10:32:39,0.75,50,21400
20240115,10:32:40,0.75,50,21400
20240115,10:32:41,0.75,50,21400
20240115,10:32:42,0.75,50,21400
20240115,10:32:43,0.75,50,21400
20240115,10:32:44,0.75,50,21400
20240115,10:32:45,0.75,50,21400
20240115,10:32:46,0.75,50,21400
20240115,10:32:47,0.75,50,21400
20240115,10:32:48,0.75,50,21400
20240115,10:32:49,0.75,50,21400
20240115,10:32:50,0.75,50,21400
20240115,10:32:51,0.75,50,21400
20240115,10:32:52,0.75,50,21400
20240115,10:33:02,0.75,50,21400
20240115,10:33:03,0.75,50,21400
20240115,10:33:04,0.75,50,21400
20240115,10:33:05,0.75,150,21400
20240115,10:33:06,0.75,150,21400
20240115,10:33:07,0.75,150,21400
20240115,10:33:08,0.75,150,21400
20240115,10:33:12,0.75,50,21400
20240115,10:33:13,0.75,50,21400
20240115,10:33:14,0.75,50,21400
20240115,10:33:15,0.75,50,21400
20240115,10:33:16,0.75,50,21400
20240115,10:33:17,0.75,50,21400
20240115,10:33:18,0.75,50,21400
20240115,10:33:19,0.75,50,21400
20240115,10:33:20,0.75,50,21400
20240115,10:33:21,0.75,50,21400
20240115,10:33:22,0.75,50,21400
20240115,10:33:23,0.75,50,21400
20240115,10:33:24,0.75,50,21400
20240115,10:33:29,0.75,50,21400
20240115,10:33:30,0.75,50,21400
20240115,10:33:31,0.75,50,21400
20240115,10:33:32,0.75,50,21400
20240115,10:33:33,0.75,50,21400
20240115,10:33:34,0.75,50,21400
20240115,10:33:39,0.75,50,21400
20240115,10:33:40,0.75,50,21400
20240115,10:33:41,0.75,50,21400
20240115,10:33:42,0.75,50,21400
20240115,10:33:43,0.75,50,21400
20240115,10:33:44,0.75,50,21400
20240115,10:33:45,0.75,50,21400
20240115,10:33:46,0.75,50,21400
20240115,10:33:47,0.75,50,21400
20240115,10:34:11,0.75,250,21400
20240115,10:35:33,0.75,50,21400
20240115,10:35:53,0.7,50,24200
20240115,10:39:23,0.7,500,24150
20240115,10:39:24,0.7,3000,24150
20240115,10:39:25,0.7,2500,24150
20240115,10:39:26,0.7,1500,24150
20240115,10:39:31,0.75,50,24150
20240115,10:39:43,0.7,50,24150
20240115,10:39:52,0.7,1500,24150
20240115,10:39:53,0.7,2000,24150
20240115,10:39:54,0.7,5850,24150
20240115,10:39:55,0.7,50,24150
20240115,10:40:00,0.7,50,24150
20240115,10:40:17,0.65,50,24150
20240115,10:40:26,0.65,50,24150
20240115,10:40:27,0.65,50,24150
20240115,10:40:33,0.65,150,24150
20240115,10:40:33,0.65,50,24150
20240115,10:40:40,0.65,50,24150
20240115,10:40:41,0.7,50,24150
20240115,10:40:42,0.7,250,24150
20240115,10:40:43,0.7,50,24150
20240115,10:40:49,0.65,50,24150
20240115,10:40:50,0.7,50,24150
20240115,10:40:51,0.65,50,24150
20240115,10:40:52,0.65,50,24150
20240115,10:40:55,0.65,50,24150
20240115,10:40:55,0.7,250,24150
20240115,10:40:58,0.7,350,24150
20240115,10:41:01,0.7,250,24150
20240115,10:41:04,0.7,50,24150
20240115,10:41:11,0.7,50,24150
20240115,10:41:27,0.7,250,24150
20240115,10:41:32,0.65,50,24150
20240115,10:41:33,0.65,50,24150
20240115,10:41:34,0.65,50,24150
20240115,10:41:35,0.65,50,24150
20240115,10:41:36,0.65,50,24150
20240115,10:41:37,0.65,300,24150
20240115,10:41:38,0.65,50,33100
20240115,10:41:39,0.65,50,33100
20240115,10:41:40,0.65,50,33100
20240115,10:41:41,0.65,50,33100
20240115,10:41:42,0.65,50,33100
20240115,10:41:43,0.65,50,33100
20240115,10:41:44,0.65,50,33100
20240115,10:41:45,0.65,50,33100
20240115,10:41:46,0.65,200,33100
20240115,10:41:47,0.65,200,33100
20240115,10:41:48,0.65,200,33100
20240115,10:42:01,0.65,50,33100
20240115,10:42:02,0.65,50,33100
20240115,10:42:03,0.65,50,33100
20240115,10:42:04,0.65,50,33100
20240115,10:42:05,0.65,50,33100
20240115,10:42:06,0.65,50,33100
20240115,10:42:07,0.65,50,33100
20240115,10:42:08,0.65,50,33100
20240115,10:42:09,0.65,50,33100
20240115,10:42:10,0.65,50,33100
20240115,10:42:11,0.65,50,33100
20240115,10:42:12,0.65,200,33100
20240115,10:42:13,0.65,200,33100
20240115,10:42:14,0.65,200,33100
20240115,10:43:28,0.7,400,33100
20240115,10:46:51,0.7,50,33100
20240115,10:47:02,0.65,50,32450
20240115,10:47:03,0.65,50,32450
20240115,10:47:04,0.65,50,32450
20240115,10:47:05,0.65,50,32450
20240115,10:47:06,0.65,50,32450
20240115,10:47:07,0.65,50,32450
20240115,10:47:08,0.65,50,32450
20240115,10:47:09,0.65,50,32450
20240115,10:47:10,0.65,50,32450
20240115,10:47:11,0.65,50,32450
20240115,10:47:12,0.65,50,32450
20240115,10:47:13,0.65,50,32450
20240115,10:47:14,0.65,50,32450
20240115,10:47:15,0.65,50,32450
20240115,10:47:16,0.65,50,32450
20240115,10:47:17,0.65,50,32450
20240115,10:47:19,0.65,50,32450
20240115,10:47:20,0.65,50,32450
20240115,10:47:21,0.65,50,32450
20240115,10:47:22,0.65,50,32450
20240115,10:47:23,0.65,50,32450
20240115,10:47:24,0.65,50,32450
20240115,10:47:25,0.65,50,32450
20240115,10:47:26,0.65,50,32450
20240115,10:47:27,0.65,50,32450
20240115,10:47:28,0.65,50,32450
20240115,10:47:29,0.65,50,32450
20240115,10:47:31,0.65,50,32450
20240115,10:47:32,0.65,50,32450
20240115,10:47:33,0.65,50,32450
20240115,10:47:34,0.65,50,32450
20240115,10:48:26,0.65,50,32450
20240115,10:52:36,0.65,1000,31800
20240115,10:52:37,0.65,1000,31750
20240115,10:52:53,0.65,1000,31750
20240115,10:52:54,0.65,1000,31750
20240115,10:53:13,0.65,100,31750
20240115,10:53:14,0.65,300,31750
20240115,10:53:15,0.65,300,31750
20240115,10:53:16,0.65,300,31750
20240115,10:53:17,0.65,300,31750
20240115,10:53:18,0.65,300,31750
20240115,10:53:19,0.65,300,31750
20240115,10:53:20,0.65,300,31750
20240115,10:53:21,0.65,250,31750
20240115,10:53:22,0.65,300,31750
20240115,10:53:23,0.65,300,31750
20240115,10:53:24,0.65,300,31750
20240115,10:53:25,0.65,250,31750
20240115,10:53:26,0.65,150,31750
20240115,10:53:31,0.65,400,31750
20240115,10:53:43,0.65,100,31750
20240115,10:53:44,0.65,300,39100
20240115,10:53:45,0.65,250,39100
20240115,10:53:46,0.65,300,39100
20240115,10:53:47,0.65,300,39100
20240115,10:53:48,0.65,300,39100
20240115,10:53:49,0.65,300,39100
20240115,10:53:50,0.65,300,39100
20240115,10:53:51,0.65,300,39100
20240115,10:53:52,0.65,300,39100
20240115,10:53:53,0.65,300,39100
20240115,10:53:54,0.65,300,39100
20240115,10:53:55,0.65,300,39100
20240115,10:53:56,0.65,50,39100
20240115,10:54:05,0.65,50,39100
20240115,10:54:06,0.65,250,39100
20240115,10:54:07,0.65,300,39100
20240115,10:54:08,0.65,300,39100
20240115,10:54:09,0.65,50,39100
20240115,10:58:37,0.65,50,39100
20240115,10:58:57,0.65,50,43750
20240115,10:59:23,0.7,100,43750
20240115,11:00:05,0.7,1000,43750
20240115,11:00:06,0.7,300,43750
20240115,11:00:07,0.7,50,43750
20240115,11:00:17,0.7,50,43750
20240115,11:03:38,0.7,50,43750
20240115,11:04:36,0.7,50,43750
20240115,11:04:40,0.65,50,43750
20240115,11:06:00,0.7,50,43750
20240115,11:07:32,0.7,200,43750
20240115,11:07:38,0.7,200,43750
20240115,11:07:42,0.7,100,43750
20240115,11:08:03,0.65,400,43750
20240115,11:08:04,0.65,300,43750
20240115,11:08:13,0.65,100,43750
20240115,11:08:26,0.65,250,43750
20240115,11:09:19,0.7,50,43750
20240115,11:12:46,0.7,400,44300
20240115,11:14:14,0.65,250,44300
20240115,11:14:38,0.65,250,44300
20240115,11:15:07,0.65,300,44800
20240115,11:18:31,0.7,100,45100
20240115,11:18:32,0.7,100,45100
20240115,11:18:39,0.7,50,45100
20240115,11:19:05,0.65,50,45100
20240115,11:19:53,0.65,50,45100
20240115,11:19:58,0.65,50,45100
20240115,11:20:01,0.65,350,45100
20240115,11:20:34,0.65,300,45100
20240115,11:20:51,0.65,250,45750
20240115,11:20:57,0.65,100,45750
20240115,11:21:39,0.7,50,45750
20240115,11:22:16,0.65,100,45750
20240115,11:23:04,0.7,50,45750
20240115,11:24:33,0.65,50,46000
20240115,11:28:36,0.7,50,46000
20240115,11:34:25,0.7,50,46000
20240115,11:35:18,0.7,50,46000
20240115,11:40:20,0.65,50,46000
20240115,11:40:46,0.7,50,46000
20240115,11:42:00,0.65,50,46000
20240115,11:42:12,0.65,250,46000
20240115,11:44:46,0.7,50,46250
20240115,11:44:53,0.7,1800,46250
20240115,11:46:01,0.65,100,46250
20240115,11:53:35,0.7,50,46250
20240115,11:54:41,0.7,50,46250
20240115,11:56:31,0.65,400,46250
20240115,11:58:25,0.7,50,46250
20240115,12:00:26,0.7,50,46250
20240115,12:00:47,0.7,50,46250
20240115,12:02:27,0.7,50,46250
20240115,12:02:41,0.65,1800,46250
20240115,12:07:09,0.65,250,46250
20240115,12:07:32,0.65,250,46250
20240115,12:09:08,0.65,300,46250
20240115,12:09:22,0.65,300,46750
20240115,12:12:08,0.7,1800,47350
20240115,12:12:09,0.7,1800,47350
20240115,12:12:10,0.7,1400,47350
20240115,12:14:42,0.7,50,47350
20240115,12:16:29,0.65,900,47350
20240115,12:17:01,0.65,450,47350
20240115,12:17:02,0.65,250,47350
20240115,12:17:32,0.65,1050,47350
20240115,12:17:34,0.65,2050,47350
20240115,12:17:35,0.65,650,47350
20240115,12:17:36,0.65,400,47350
20240115,12:17:38,0.65,250,47350
20240115,12:17:40,0.65,1000,47350
20240115,12:19:38,0.7,1800,47350
20240115,12:19:39,0.7,3200,54250
20240115,12:20:42,0.7,50,54250
20240115,12:21:48,0.65,1800,54250
20240115,12:23:03,0.7,150,54450
20240115,12:23:27,0.65,1800,54450
20240115,12:23:35,0.65,1400,54450
20240115,12:23:39,0.65,300,54450
20240115,12:23:41,0.65,550,54450
20240115,12:23:42,0.65,3150,54450
20240115,12:23:43,0.65,300,54450
20240115,12:23:44,0.65,550,54450
20240115,12:23:45,0.65,700,54450
20240115,12:23:46,0.65,1150,54450
20240115,12:23:48,0.65,400,54450
20240115,12:24:02,0.65,750,59850
20240115,12:24:03,0.65,500,59850
20240115,12:24:05,0.65,1850,59850
20240115,12:24:06,0.65,2850,59850
20240115,12:25:20,0.65,50,59850
20240115,12:25:21,0.65,50,59850
20240115,12:25:21,0.65,3450,59850
20240115,12:25:22,0.65,1400,59850
20240115,12:25:24,0.65,1450,59850
20240115,12:25:32,0.65,1200,59850
20240115,12:25:35,0.65,700,59850
20240115,12:25:53,0.65,1150,59850
20240115,12:25:54,0.65,250,59850
20240115,12:25:55,0.65,600,59850
20240115,12:25:56,0.65,800,59850
20240115,12:26:03,0.65,1550,59850
20240115,12:26:05,0.65,250,59850
20240115,12:26:08,0.65,250,59850
20240115,12:26:09,0.65,50,59850
20240115,12:26:38,0.65,50,59850
20240115,12:26:43,0.65,800,59850
20240115,12:28:22,0.65,550,59850
20240115,12:28:23,0.65,650,51950
20240115,12:28:24,0.65,950,51950
20240115,12:28:38,0.65,250,51950
20240115,12:28:40,0.65,250,51950
20240115,12:28:41,0.65,250,51950
20240115,12:28:51,0.65,300,51950
20240115,12:29:25,0.65,50,51950
20240115,12:30:24,0.6,50,48750
20240115,12:34:46,0.6,1800,48750
20240115,12:34:50,0.65,1800,48750
20240115,12:34:55,0.65,1800,48750
20240115,12:41:39,0.6,50,44750
20240115,12:41:59,0.65,300,44750
20240115,12:44:01,0.65,350,44750
20240115,12:44:06,0.6,350,44750
20240115,12:44:22,0.65,600,44750
20240115,12:49:22,0.65,250,44750
20240115,12:50:20,0.65,250,44750
20240115,12:50:23,0.65,300,44750
20240115,12:52:40,0.65,50,44050
20240115,12:53:03,0.65,400,44050
20240115,12:53:23,0.65,300,44050
20240115,12:53:59,0.65,250,44050
20240115,12:54:09,0.65,250,43350
20240115,12:54:10,0.65,300,43350
20240115,12:54:11,0.65,550,43350
20240115,12:54:49,0.65,50,43350
20240115,12:54:55,0.65,1000,43350
20240115,12:56:40,0.65,50,43350
20240115,12:57:01,0.65,50,43350
20240115,12:57:29,0.6,50,41750
20240115,12:57:31,0.65,50,41750
20240115,12:57:44,0.6,50,41750
20240115,12:57:55,0.6,50,41750
20240115,12:58:06,0.6,50,41750
20240115,13:02:00,0.6,100,41750
20240115,13:03:44,0.6,50,41750
20240115,13:03:49,0.6,50,41750
20240115,13:03:54,0.6,50,41750
20240115,13:04:04,0.6,50,41750
20240115,13:05:06,0.6,50,41750
20240115,13:05:20,0.6,50,41750
20240115,13:05:22,0.65,250,41750
20240115,13:05:37,0.65,250,41750
20240115,13:07:31,0.65,500,41250
20240115,13:08:58,0.6,50,41250
20240115,13:10:41,0.65,1000,41250
20240115,13:12:28,0.6,1000,41250
20240115,13:17:13,0.6,50,41250
20240115,13:19:12,0.65,100,41250
20240115,13:22:03,0.6,50,41250
20240115,13:26:57,0.6,50,41250
20240115,13:27:09,0.6,50,41250
20240115,13:27:42,0.6,50,41250
20240115,13:30:36,0.65,250,41250
20240115,13:34:38,0.65,900,41000
20240115,13:35:32,0.65,50,41000
20240115,13:36:01,0.6,50,41000
20240115,13:36:25,0.65,50,41000
20240115,13:36:36,0.6,50,41050
20240115,13:36:51,0.6,50,41050
20240115,13:37:35,0.6,50,41050
20240115,13:37:40,0.6,50,41050
20240115,13:37:59,0.6,50,41050
20240115,13:38:10,0.6,50,41050
20240115,13:38:25,0.6,50,41050
20240115,13:38:28,0.65,200,41050
20240115,13:38:49,0.6,50,41050
20240115,13:39:35,0.6,50,41050
20240115,13:39:37,0.65,50,41000
20240115,13:40:12,0.6,50,41000
20240115,13:40:32,0.65,50,41000
20240115,13:41:48,0.6,50,41000
20240115,13:43:00,0.6,50,41000
20240115,13:43:39,0.65,50,41000
20240115,13:43:53,0.65,50,41000
20240115,13:44:07,0.65,50,41000
20240115,13:44:20,0.6,50,41000
20240115,13:44:27,0.65,50,41000
20240115,13:44:31,0.6,50,41000
20240115,13:44:43,0.6,50,41000
20240115,13:45:57,0.65,50,41000
20240115,13:46:31,0.6,50,41000
20240115,13:47:48,0.65,50,41000
20240115,13:48:05,0.65,500,41000
20240115,13:48:07,0.65,800,41000
20240115,13:48:08,0.65,350,41000
20240115,13:48:09,0.65,850,41000
20240115,13:48:10,0.65,300,41000
20240115,13:48:11,0.65,800,41000
20240115,13:48:12,0.65,400,41000
20240115,13:48:13,0.65,400,41000
20240115,13:48:14,0.65,400,41000
20240115,13:48:16,0.65,400,41000
20240115,13:48:18,0.65,400,41000
20240115,13:48:20,0.65,400,41000
20240115,13:48:22,0.65,400,41000
20240115,13:48:23,0.65,400,41000
20240115,13:48:24,0.65,400,41000
20240115,13:48:25,0.65,400,41000
20240115,13:48:26,0.65,400,41000
20240115,13:48:28,0.65,400,41000
20240115,13:48:29,0.65,300,41000
20240115,13:48:29,0.65,400,41000
20240115,13:48:30,0.65,500,41000
20240115,13:48:31,0.65,900,41000
20240115,13:48:32,0.65,400,41000
20240115,13:48:35,0.65,200,41000
20240115,13:48:36,0.65,400,41000
20240115,13:48:37,0.65,400,41000
20240115,13:48:38,0.65,400,41000
20240115,13:48:40,0.65,400,41000
20240115,13:48:41,0.65,400,41000
20240115,13:48:42,0.65,5300,41000
20240115,13:48:44,0.65,50,41000
20240115,13:48:46,0.65,50,41000
20240115,13:48:49,0.65,50,41000
20240115,13:48:51,0.65,50,41000
20240115,13:48:54,0.65,50,41000
20240115,13:48:56,0.65,50,41000
20240115,13:48:58,0.7,50,41000
20240115,13:48:59,0.65,50,41000
20240115,13:49:01,0.65,50,41000
20240115,13:49:15,0.7,900,41000
20240115,13:49:17,0.7,900,41000
20240115,13:49:18,0.7,900,41000
20240115,13:49:19,0.7,900,41000
20240115,13:49:20,0.7,900,41000
20240115,13:49:21,0.7,900,41000
20240115,13:49:22,0.7,1300,41000
20240115,13:49:23,0.7,1300,41000
20240115,13:49:24,0.7,1300,41000
20240115,13:49:25,0.7,2200,41000
20240115,13:49:26,0.7,400,41000
20240115,13:49:27,0.7,1300,41000
20240115,13:49:28,0.7,400,41000
20240115,13:49:29,0.7,900,41000
20240115,13:49:30,0.7,900,41000
20240115,13:49:31,0.7,900,41000
20240115,13:49:32,0.7,1300,41000
20240115,13:49:33,0.7,900,41000
20240115,13:49:34,0.7,900,41000
20240115,13:49:35,0.7,1300,41000
20240115,13:49:36,0.7,400,41000
20240115,13:49:37,0.7,2600,41000
20240115,13:49:38,0.7,650,41000
20240115,13:49:41,0.7,250,41000
20240115,13:49:43,0.7,3200,41000
20240115,13:49:49,0.7,250,41000
20240115,13:49:50,0.7,250,41000
20240115,13:49:53,0.7,550,41000
20240115,13:49:54,0.7,700,41000
20240115,13:49:58,0.7,350,41000
20240115,13:50:15,0.7,250,41000
20240115,13:50:21,0.7,1000,41000
20240115,13:50:41,0.7,650,41000
20240115,13:56:11,0.75,1000,63500
20240115,13:56:58,0.7,50,63500
20240115,13:57:08,0.7,50,63500
20240115,13:57:09,0.7,50,64450
20240115,13:57:53,0.75,50,64450
20240115,13:58:07,0.75,100,64450
20240115,13:58:22,0.75,50,64450
20240115,13:58:25,0.7,50,64450
20240115,13:58:53,0.7,50,64450
20240115,13:59:07,0.7,50,64450
20240115,13:59:22,0.7,50,64450
20240115,13:59:24,0.7,50,64450
20240115,13:59:27,0.7,50,64450
20240115,13:59:59,0.7,50,64450
20240115,14:04:25,0.7,250,64100
20240115,14:04:30,0.7,550,64100
20240115,14:04:30,0.7,13750,64100
20240115,14:04:31,0.7,3650,64100
20240115,14:04:38,0.7,24500,64100
20240115,14:04:49,0.7,250,64100
20240115,14:04:50,0.7,1550,64100
20240115,14:04:51,0.7,7650,64100
20240115,14:05:37,0.7,1000,64100
20240115,14:08:35,0.7,350,64100
20240115,14:08:40,0.65,350,87550
20240115,14:10:06,0.65,350,87900
20240115,14:10:40,0.65,50,87900
20240115,14:11:07,0.65,50,87900
20240115,14:11:46,0.65,50,87900
20240115,14:12:48,0.7,50,87900
20240115,14:13:03,0.65,50,87450
20240115,14:14:02,0.65,1800,87450
20240115,14:14:03,0.65,7200,87450
20240115,14:14:05,0.65,3600,87450
20240115,14:14:06,0.65,7200,87450
20240115,14:14:07,0.65,7200,87450
20240115,14:14:24,0.65,1800,87450
20240115,14:14:25,0.65,7200,87450
20240115,14:14:26,0.65,5400,87450
20240115,14:14:27,0.65,6600,87450
20240115,14:14:28,0.6,5650,87450
20240115,14:14:31,0.65,200,87450
20240115,14:14:31,0.65,9800,87450
20240115,14:14:32,0.6,13600,87450
20240115,14:14:33,0.65,300,87450
20240115,14:14:34,0.65,850,87450
20240115,14:14:35,0.65,50,87450
20240115,14:14:37,0.65,1650,87450
20240115,14:14:40,0.65,550,87450
20240115,14:14:57,0.65,100,87450
20240115,14:15:12,0.65,5900,142300
20240115,14:15:12,0.65,2050,142300
20240115,14:15:43,0.65,4100,142300
20240115,14:15:44,0.65,2600,142300
20240115,14:15:45,0.65,650,142300
20240115,14:15:47,0.65,100,142300
20240115,14:15:49,0.65,400,142300
20240115,14:15:54,0.65,650,142300
20240115,14:17:06,0.65,50,142300
20240115,14:17:46,0.65,50,142300
20240115,14:17:47,0.6,1100,142300
20240115,14:17:56,0.6,50,142300
20240115,14:18:16,0.65,200,133650
20240115,14:19:52,0.65,50,133650
20240115,14:20:14,0.65,50,133650
20240115,14:20:24,0.65,10000,133650
20240115,14:20:35,0.65,100,133650
20240115,14:20:45,0.65,7200,133650
20240115,14:20:58,0.65,1200,133650
20240115,14:22:03,0.7,50,141000
20240115,14:23:16,0.65,50,141000
20240115,14:25:54,0.7,150,141000
20240115,14:30:08,0.65,50,141150
20240115,14:30:10,0.65,50,141150
20240115,14:31:47,0.7,500,141100
20240115,14:34:16,0.65,50,141550
20240115,14:34:51,0.65,21600,141550
20240115,14:34:52,0.65,8600,141550
20240115,14:34:58,0.7,50,141550
20240115,14:35:05,0.7,50,141550
20240115,14:36:36,0.7,50,141550
20240115,14:36:37,0.7,50,152500
20240115,14:36:38,0.7,50,152500
20240115,14:36:39,0.7,50,152500
20240115,14:36:40,0.7,50,152500
20240115,14:36:41,0.7,50,152500
20240115,14:36:42,0.7,50,152500
20240115,14:36:43,0.7,50,152500
20240115,14:36:44,0.7,50,152500
20240115,14:36:45,0.7,50,152500
20240115,14:36:47,0.7,50,152500
20240115,14:36:48,0.7,50,152500
20240115,14:36:49,0.7,50,152500
20240115,14:36:50,0.7,50,152500
20240115,14:36:51,0.7,100,152500
20240115,14:36:52,0.7,100,152500
20240115,14:36:53,0.7,100,152500
20240115,14:36:55,0.7,50,152500
20240115,14:36:56,0.7,50,152500
20240115,14:36:57,0.7,50,152500
20240115,14:36:58,0.7,50,152500
20240115,14:36:59,0.7,100,152500
20240115,14:37:00,0.7,100,152500
20240115,14:37:01,0.7,100,152500
20240115,14:37:02,0.7,100,152500
20240115,14:37:03,0.7,50,152500
20240115,14:37:04,0.7,50,152500
20240115,14:37:05,0.7,50,152500
20240115,14:37:06,0.7,100,152500
20240115,14:37:07,0.7,100,152500
20240115,14:37:08,0.7,100,152500
20240115,14:37:09,0.7,50,152500
20240115,14:37:10,0.7,50,152500
20240115,14:37:11,0.7,50,152500
20240115,14:37:12,0.7,50,152500
20240115,14:37:13,0.7,50,152500
20240115,14:37:14,0.7,50,152500
20240115,14:37:15,0.7,50,152500
20240115,14:37:16,0.7,50,152500
20240115,14:37:17,0.7,50,152500
20240115,14:37:18,0.7,150,152500
20240115,14:37:19,0.7,150,152500
20240115,14:37:20,0.7,150,152500
20240115,14:37:21,0.7,150,152500
20240115,14:37:24,0.65,14600,152500
20240115,14:37:25,0.7,50,152500
20240115,14:37:26,0.7,50,152500
20240115,14:37:27,0.7,50,152500
20240115,14:37:28,0.7,50,152500
20240115,14:37:29,0.7,50,152500
20240115,14:37:30,0.7,50,152500
20240115,14:37:31,0.7,50,152500
20240115,14:37:32,0.7,50,152500
20240115,14:37:33,0.65,1750,152500
20240115,14:37:34,0.65,1750,152500
20240115,14:37:35,0.7,50,152500
20240115,14:37:36,0.7,50,152500
20240115,14:37:37,0.65,1850,152500
20240115,14:37:38,0.65,1950,152500
20240115,14:37:39,0.65,250,152500
20240115,14:37:41,0.7,50,152500
20240115,14:37:42,0.7,50,152500
20240115,14:37:43,0.7,50,152500
20240115,14:37:44,0.7,50,152500
20240115,14:37:45,0.7,50,152500
20240115,14:37:46,0.7,50,152500
20240115,14:37:47,0.7,350,152500
20240115,14:37:48,0.7,50,152500
20240115,14:37:49,0.7,150,152500
20240115,14:37:50,0.7,150,152500
20240115,14:37:51,0.7,200,152500
20240115,14:37:52,0.7,50,152500
20240115,14:37:53,0.7,50,152500
20240115,14:37:54,0.7,50,152500
20240115,14:37:55,0.7,50,152500
20240115,14:37:56,0.7,50,152500
20240115,14:37:57,0.7,50,152500
20240115,14:37:58,0.7,50,152500
20240115,14:37:59,0.7,50,152500
20240115,14:38:01,0.7,100,152500
20240115,14:38:02,0.7,50,152500
20240115,14:38:03,0.7,50,152500
20240115,14:38:04,0.7,50,152500
20240115,14:38:05,0.7,50,152500
20240115,14:38:06,0.7,100,152500
20240115,14:38:07,0.7,50,152500
20240115,14:38:08,0.7,50,152500
20240115,14:38:09,0.7,50,152500
20240115,14:38:10,0.7,50,152500
20240115,14:38:11,0.7,150,152500
20240115,14:38:12,0.7,150,152500
20240115,14:38:13,0.7,150,152500
20240115,14:38:15,0.7,50,152500
20240115,14:38:16,0.7,50,152500
20240115,14:38:17,0.7,50,152500
20240115,14:38:18,0.7,50,152500
20240115,14:38:19,0.7,50,152500
20240115,14:38:20,0.7,50,152500
20240115,14:38:21,0.7,50,152500
20240115,14:38:22,0.7,50,152500
20240115,14:38:23,0.7,50,152500
20240115,14:38:24,0.7,50,152500
20240115,14:38:25,0.7,50,152500
20240115,14:38:26,0.7,50,152500
20240115,14:38:27,0.7,50,152500
20240115,14:38:28,0.7,50,152500
20240115,14:38:34,0.7,50,152500
20240115,14:38:35,0.7,50,152500
20240115,14:38:38,0.65,300,152500
20240115,14:40:51,0.7,50,171900
20240115,14:40:52,0.7,50,171900
20240115,14:40:53,0.7,50,171900
20240115,14:40:54,0.7,50,171900
20240115,14:41:49,0.7,2050,171900
20240115,14:42:41,0.7,300,173650
20240115,14:43:23,0.65,1800,173650
20240115,14:43:24,0.65,3800,173650
20240115,14:43:25,0.65,7200,173650
20240115,14:43:26,0.65,3600,173650
20240115,14:43:39,0.65,17700,173650
20240115,14:43:40,0.65,1900,173650
20240115,14:43:41,0.65,100,173650
20240115,14:43:44,0.65,100,173650
20240115,14:43:46,0.65,100,173650
20240115,14:43:50,0.65,250,173650
20240115,14:43:53,0.65,50,173650
20240115,14:43:58,0.65,50,173650
20240115,14:44:01,0.65,100,173650
20240115,14:45:07,0.65,1800,173650
20240115,14:45:08,0.65,1800,173650
20240115,14:45:09,0.65,1800,173650
20240115,14:45:09,0.65,50,173650
20240115,14:45:10,0.65,1800,173650
20240115,14:45:11,0.65,1800,173650
20240115,14:45:12,0.65,1800,178400
20240115,14:45:13,0.65,1800,178400
20240115,14:45:14,0.65,1800,178400
20240115,14:45:15,0.65,1800,178400
20240115,14:45:19,0.65,1800,178400
20240115,14:45:20,0.65,1800,178400
20240115,14:45:21,0.65,1800,178400
20240115,14:45:22,0.65,3600,178400
20240115,14:45:23,0.65,3600,178400
20240115,14:45:24,0.65,3600,178400
20240115,14:45:25,0.65,12200,178400
20240115,14:45:26,0.65,50,178400
20240115,14:45:27,0.65,50,178400
20240115,14:45:28,0.7,1800,178400
20240115,14:45:34,0.65,50,178400
20240115,14:45:45,0.65,50,178400
20240115,14:46:23,0.65,900,178400
20240115,14:46:27,0.65,250,178400
20240115,14:47:41,0.65,300,178400
20240115,14:47:41,0.65,350,178400
20240115,14:47:44,0.65,250,178400
20240115,14:47:44,0.65,550,178400
20240115,14:47:45,0.65,300,178400
20240115,14:48:04,0.65,1700,178400
20240115,14:48:07,0.65,900,178400
20240115,14:48:09,0.7,50,178400
20240115,14:48:10,0.7,50,178400
20240115,14:48:11,0.7,50,178400
20240115,14:48:12,0.7,50,178400
20240115,14:48:28,0.7,50,200450
20240115,14:48:29,0.7,50,200450
20240115,14:48:30,0.7,50,200450
20240115,14:48:31,0.7,50,200450
20240115,14:48:32,0.7,50,200450
20240115,14:48:33,0.7,50,200450
20240115,14:48:34,0.7,50,200450
20240115,14:48:35,0.7,50,200450
20240115,14:48:36,0.7,150,200450
20240115,14:48:37,0.7,150,200450
20240115,14:48:38,0.7,150,200450
20240115,14:48:39,0.7,50,200450
20240115,14:48:40,0.7,50,200450
20240115,14:48:41,0.7,50,200450
20240115,14:48:42,0.7,50,200450
20240115,14:48:43,0.7,50,200450
20240115,14:48:44,0.7,50,200450
20240115,14:48:45,0.7,50,200450
20240115,14:48:46,0.7,50,200450
20240115,14:48:47,0.7,50,200450
20240115,14:48:48,0.7,50,200450
20240115,14:48:49,0.7,50,200450
20240115,14:49:01,0.7,50,200450
20240115,14:49:02,0.7,50,200450
20240115,14:49:03,0.7,150,200450
20240115,14:49:04,0.7,150,200450
20240115,14:49:05,0.7,150,200450
20240115,14:49:06,0.7,150,200450
20240115,14:49:07,0.7,150,200450
20240115,14:49:11,0.7,300,200450
20240115,14:49:12,0.7,50,200450
20240115,14:49:14,0.7,50,200450
20240115,14:49:15,0.7,50,200450
20240115,14:49:16,0.7,50,200450
20240115,14:49:17,0.7,300,200450
20240115,14:49:18,0.7,50,200450
20240115,14:49:19,0.7,350,200450
20240115,14:49:20,0.7,50,200450
20240115,14:49:21,0.7,300,200450
20240115,14:50:09,0.65,50,200450
20240115,14:50:14,0.65,50,200450
20240115,14:50:26,0.65,50,200450
20240115,14:50:33,0.65,50,200450
20240115,14:50:34,0.65,50,200450
20240115,14:50:35,0.65,50,200450
20240115,14:50:36,0.65,50,200450
20240115,14:50:37,0.65,50,200450
20240115,14:50:38,0.65,50,200450
20240115,14:50:39,0.65,50,200450
20240115,14:50:40,0.65,50,200450
20240115,14:50:41,0.65,50,200450
20240115,14:50:42,0.65,50,200450
20240115,14:50:43,0.65,50,200450
20240115,14:50:44,0.65,50,200450
20240115,14:50:45,0.65,50,200450
20240115,14:50:46,0.65,50,200450
20240115,14:50:47,0.65,50,200450
20240115,14:50:48,0.65,50,200450
20240115,14:50:49,0.65,200,200450
20240115,14:50:50,0.65,200,200450
20240115,14:50:51,0.65,50,200450
20240115,14:50:52,0.65,50,200450
20240115,14:50:53,0.65,50,200450
20240115,14:50:54,0.65,50,200450
20240115,14:51:25,0.7,50,200450
20240115,14:52:01,0.65,1700,202150
20240115,14:52:02,0.65,1700,202150
20240115,14:52:11,0.65,1600,202150
20240115,14:54:01,0.65,50,202150
20240115,14:54:22,0.65,50,202150
20240115,14:54:23,0.65,50,207150
20240115,14:54:24,0.65,50,207150
20240115,14:54:25,0.65,50,207150
20240115,14:54:26,0.65,50,207150
20240115,14:54:27,0.65,50,207150
20240115,14:54:28,0.65,50,207150
20240115,14:54:29,0.65,50,207150
20240115,14:54:30,0.65,50,207150
20240115,14:54:31,0.65,50,207150
20240115,14:54:32,0.65,50,207150
20240115,14:54:33,0.65,50,207150
20240115,14:54:34,0.65,50,207150
20240115,14:54:35,0.65,50,207150
20240115,14:54:36,0.65,50,207150
20240115,14:54:37,0.65,50,207150
20240115,14:54:38,0.65,50,207150
20240115,14:54:39,0.65,1850,207150
20240115,14:54:40,0.65,1850,207150
20240115,14:54:41,0.65,3650,207150
20240115,14:54:42,0.65,1850,207150
20240115,14:54:43,0.65,1850,207150
20240115,14:54:44,0.65,50,207150
20240115,14:54:45,0.65,1850,207150
20240115,14:54:46,0.65,11850,207150
20240115,14:54:47,0.65,19450,207150
20240115,14:54:48,0.65,250,207150
20240115,14:54:49,0.6,1800,207150
20240115,14:55:00,0.65,350,207150
20240115,14:55:00,0.65,850,207150
20240115,14:55:01,0.6,150,207150
20240115,14:55:39,0.65,500,207150
20240115,14:56:07,0.6,50,207150
20240115,14:56:08,0.6,50,207150
20240115,14:56:09,0.6,50,207150
20240115,14:56:10,0.6,50,207150
20240115,14:56:11,0.6,50,207150
20240115,14:56:12,0.6,50,207150
20240115,14:56:13,0.6,50,207150
20240115,14:56:14,0.6,50,207150
20240115,14:56:15,0.6,50,207150
20240115,14:56:16,0.6,50,207150
20240115,14:56:17,0.6,50,207150
20240115,14:56:18,0.6,50,207150
20240115,14:56:19,0.6,50,207150
20240115,14:56:20,0.6,50,207150
20240115,14:56:21,0.6,50,207150
20240115,14:56:22,0.6,50,207150
20240115,14:56:23,0.6,50,207150
20240115,14:56:24,0.6,50,207150
20240115,14:56:25,0.6,50,207150
20240115,14:56:26,0.6,50,207150
20240115,14:56:27,0.6,50,207150
20240115,14:56:28,0.6,50,207150
20240115,14:56:29,0.6,50,207150
20240115,14:56:30,0.6,200,207150
20240115,14:56:31,0.6,200,207150
20240115,14:56:33,0.6,1800,207150
20240115,14:56:35,0.6,1800,207150
20240115,14:56:36,0.6,1800,207150
20240115,14:56:37,0.6,1800,207150
20240115,14:56:38,0.6,1800,207150
20240115,14:56:41,0.6,1800,207150
20240115,14:56:58,0.65,50,207150
20240115,14:58:42,0.6,50,207150
20240115,14:58:43,0.6,50,189600
20240115,14:58:44,0.6,200,189600
20240115,14:58:45,0.6,200,189600
20240115,14:58:46,0.6,200,189600
20240115,14:58:47,0.6,50,189600
20240115,14:58:48,0.65,300,189600
20240115,14:58:49,0.6,50,189600
20240115,14:58:50,0.6,50,189600
20240115,14:58:51,0.6,50,189600
20240115,14:58:52,0.6,50,189600
20240115,14:58:53,0.6,50,189600
20240115,14:58:54,0.6,50,189600
20240115,14:58:55,0.6,50,189600
20240115,14:58:56,0.6,50,189600
20240115,14:58:57,0.6,50,189600
20240115,14:58:58,0.6,50,189600
20240115,14:58:59,0.6,50,189600
20240115,14:59:40,0.6,1000,189600
20240115,14:59:47,0.65,4000,189600
20240115,14:59:48,0.65,4000,189600
20240115,14:59:55,0.6,4000,189600
20240115,14:59:59,0.6,2000,189600
20240115,15:00:16,0.65,150,191950
20240115,15:00:25,0.6,50,191950
20240115,15:00:28,0.65,150,191950
20240115,15:00:40,0.65,200,191950
20240115,15:00:42,0.65,150,191950
20240115,15:00:48,0.65,150,191950
20240115,15:00:52,0.65,150,191950
20240115,15:00:56,0.6,50,191950
20240115,15:00:57,0.6,200,191950
20240115,15:00:58,0.6,200,191950
20240115,15:00:59,0.6,200,191950
20240115,15:01:00,0.6,200,191950
20240115,15:01:01,0.6,350,191950
20240115,15:01:02,0.6,200,191950
20240115,15:01:03,0.6,1250,191950
20240115,15:01:04,0.6,200,191950
20240115,15:01:05,0.6,250,191950
20240115,15:01:06,0.6,200,191950
20240115,15:01:07,0.6,200,191950
20240115,15:01:08,0.6,200,191950
20240115,15:01:09,0.6,350,191950
20240115,15:01:10,0.6,200,191950
20240115,15:01:11,0.6,200,191950
20240115,15:01:12,0.6,200,191950
20240115,15:01:13,0.6,200,191950
20240115,15:01:14,0.6,200,191950
20240115,15:01:15,0.6,200,191950
20240115,15:01:16,0.6,200,191950
20240115,15:01:17,0.6,200,191950
20240115,15:01:18,0.6,200,191950
20240115,15:01:19,0.6,200,191950
20240115,15:01:20,0.6,100,191950
20240115,15:01:52,0.65,1500,191950
20240115,15:01:54,0.65,100,191950
20240115,15:03:49,0.65,350,194700
20240115,15:03:57,0.6,350,194700
20240115,15:04:51,0.65,50,194700
20240115,15:06:39,0.65,50,194700
20240115,15:07:02,0.6,1300,194700
20240115,15:07:19,0.6,50,194700
20240115,15:07:55,0.6,50,194700
20240115,15:08:00,0.6,50,194700
20240115,15:08:15,0.6,50,194700
20240115,15:10:03,0.6,900,194700
20240115,15:10:04,0.6,1800,194700
20240115,15:10:05,0.6,900,194700
20240115,15:10:06,0.6,900,194700
20240115,15:10:07,0.6,900,194700
20240115,15:10:08,0.6,900,194700
20240115,15:10:09,0.6,900,194700
20240115,15:10:10,0.6,900,194700
20240115,15:10:11,0.6,900,194700
20240115,15:10:13,0.6,900,194700
20240115,15:10:14,0.6,900,194700
20240115,15:10:15,0.6,900,194700
20240115,15:10:22,0.6,900,194700
20240115,15:10:32,0.6,200,194700
20240115,15:10:35,0.6,100,194700
20240115,15:11:20,0.6,1000,194700
20240115,15:12:27,0.6,1800,194700
20240115,15:13:08,0.6,400,194700
20240115,15:13:11,0.6,1800,194700
20240115,15:13:17,0.65,50,194700
20240115,15:13:44,0.6,450,194700
20240115,15:13:48,0.65,50,194700
20240115,15:14:44,0.6,50,194700
20240115,15:15:15,0.65,100,195550
20240115,15:16:40,0.6,350,195550
20240115,15:16:41,0.6,450,195550
20240115,15:16:54,0.6,400,195550
20240115,15:16:59,0.6,500,195550
20240115,15:17:03,0.6,250,195550
20240115,15:17:06,0.6,250,195550
20240115,15:17:07,0.65,50,195550
20240115,15:17:09,0.6,300,195550
20240115,15:18:06,0.6,10000,195550
20240115,15:18:12,0.6,400,195550
20240115,15:18:23,0.6,50,201850
20240115,15:18:39,0.6,50,201850
20240115,15:19:15,0.6,50,201850
20240115,15:19:18,0.65,50,201850
20240115,15:19:27,0.6,300,201850
20240115,15:19:30,0.6,250,201850
20240115,15:19:33,0.6,250,201850
20240115,15:19:34,0.6,400,201850
20240115,15:19:41,0.6,450,201850
20240115,15:19:46,0.6,450,201850
20240115,15:19:47,0.6,250,201850
20240115,15:19:59,0.6,300,201850
20240115,15:20:00,0.6,850,201850
20240115,15:20:07,0.65,1800,201850
20240115,15:20:11,0.65,700,201850
20240115,15:20:14,0.65,50,201850
20240115,15:20:16,0.6,10000,201850
20240115,15:20:18,0.65,1000,201850
20240115,15:20:19,0.6,50,201850
20240115,15:20:46,0.65,12000,201850
20240115,15:20:48,0.65,50,201850
20240115,15:20:52,0.6,400,201850
20240115,15:20:55,0.6,50,201850
20240115,15:20:56,0.6,50,201850
20240115,15:20:57,0.6,50,201850
20240115,15:20:58,0.65,50,201850
20240115,15:21:03,0.65,50,201850
20240115,15:21:32,0.65,50,201850
20240115,15:21:50,0.65,450,217800
20240115,15:22:40,0.65,7500,217800
20240115,15:22:52,0.6,18000,217800
20240115,15:23:08,0.6,68100,217800
20240115,15:23:09,0.6,4500,217800
20240115,15:23:19,0.55,500,217800
20240115,15:23:20,0.55,500,217800
20240115,15:23:21,0.55,500,217800
20240115,15:23:27,0.55,500,217800
20240115,15:23:32,0.55,500,217800
20240115,15:23:33,0.55,500,217800
20240115,15:23:38,0.55,50,217800
20240115,15:24:09,0.55,1800,217800
20240115,15:24:10,0.55,50,217800
20240115,15:24:14,0.55,150,217800
20240115,15:24:16,0.55,50,217800
20240115,15:24:21,0.55,50,296400
20240115,15:24:28,0.6,200,296400
20240115,15:24:29,0.55,50,296400
20240115,15:24:32,0.6,1800,296400
20240115,15:24:34,0.55,100,296400
20240115,15:24:38,0.55,50,296400
20240115,15:24:49,0.6,50,296400
20240115,15:24:58,0.55,50,296400
20240115,15:24:59,0.55,50,296400
20240115,15:25:41,0.6,1800,296400
20240115,15:25:42,0.6,1800,296400
20240115,15:25:43,0.6,3600,296400
20240115,15:25:44,0.6,2800,296400
20240115,15:25:48,0.55,900,296400
20240115,15:26:03,0.55,50,296400
20240115,15:26:29,0.6,50,296400
20240115,15:26:30,0.55,1800,296400
20240115,15:26:31,0.55,5400,296400
20240115,15:26:32,0.55,7200,296400
20240115,15:26:33,0.55,9000,296400
20240115,15:26:34,0.55,7200,296400
20240115,15:26:35,0.55,3600,296400
20240115,15:27:00,0.6,50,296400
20240115,15:27:15,0.6,100,296400
20240115,15:28:02,0.6,50,338550
20240115,15:28:05,0.6,1800,338550
20240115,15:28:06,0.6,4200,338550
20240115,15:28:11,0.55,1800,338550
20240115,15:28:19,0.55,1800,338550
20240115,15:28:27,0.55,1800,338550
20240115,15:28:36,0.55,1800,338550
20240115,15:28:38,0.55,100,338550
20240115,15:28:47,0.55,1800,338550
20240115,15:28:56,0.55,350,338550
20240115,15:28:57,0.55,900,338550
20240115,15:29:00,0.6,10400,338550
20240115,15:29:18,0.6,9050,338550
20240115,15:29:37,0.55,28000,338550
20240115,15:29:41,0.55,1650,338550
20240115,15:29:48,0.55,50,338550
20240115,15:29:51,0.55,450,338550
20240116,09:15:00,0.5,1,338550
20240116,09:15:00,0.5,1800,338550
20240116,09:15:02,0.6,200,320050
20240116,09:15:03,0.6,150,320050
20240116,09:15:04,0.6,100,320050
20240116,09:15:05,0.6,50,320050
20240116,09:15:07,0.6,650,320050
20240116,09:15:07,0.6,150,320050
20240116,09:15:08,0.6,1550,320050
20240116,09:15:09,0.6,50,320050
20240116,09:15:10,0.6,1150,320050
20240116,09:15:11,0.6,22400,320050
20240116,09:15:12,0.65,1800,320050
20240116,09:15:15,0.65,150,320050
20240116,09:15:17,0.55,12450,320050
20240116,09:15:19,0.65,9450,320050
20240116,09:15:25,0.65,50,320050
20240116,09:15:28,0.65,950,320050
20240116,09:15:34,0.6,9850,320050
20240116,09:15:35,0.6,750,320050
20240116,09:15:45,0.55,50,320050
20240116,09:15:48,0.55,50,320050
20240116,09:15:51,0.6,50,320050
20240116,09:15:54,0.6,50,320050
20240116,09:15:55,0.6,25000,320050
20240116,09:15:56,0.6,1850,320050
20240116,09:15:57,0.65,15100,320050
20240116,09:16:02,0.65,50,320050
20240116,09:16:04,0.6,50,320050
20240116,09:16:07,0.65,550,320050
20240116,09:16:11,0.65,50,320050
20240116,09:16:14,0.65,50,320050
20240116,09:16:17,0.65,300,320050
20240116,09:16:21,0.65,150,320050
20240116,09:16:22,0.65,50,320050
20240116,09:16:31,0.65,450,320050
20240116,09:16:32,0.65,50,320050
20240116,09:16:38,0.65,850,320050
20240116,09:16:39,0.65,400,320050
20240116,09:16:40,0.65,1350,320050
20240116,09:16:41,0.65,600,320050
20240116,09:16:42,0.65,50,320050
20240116,09:16:45,0.65,100,320050
20240116,09:16:48,0.65,100,320050
20240116,09:16:50,0.65,100,320050
20240116,09:17:00,0.65,150,320050
20240116,09:17:05,0.65,300,320050
20240116,09:17:06,0.65,150,320050
20240116,09:17:07,0.65,750,320050
20240116,09:17:13,0.6,2250,320050
20240116,09:17:13,0.65,550,320050
20240116,09:17:14,0.6,650,320050
20240116,09:17:15,0.65,600,320050
20240116,09:17:17,0.65,250,320050
20240116,09:17:18,0.65,500,320050
20240116,09:17:20,0.65,200,320050
20240116,09:17:21,0.65,400,320050
20240116,09:17:22,0.65,200,320050
20240116,09:17:22,0.65,1800,320050
20240116,09:17:32,0.65,800,298800
20240116,09:17:34,0.65,2300,298800
20240116,09:17:37,0.65,1350,298800
20240116,09:17:42,0.65,1800,298800
20240116,09:17:51,0.65,1800,298800
20240116,09:17:57,0.65,1800,298800
20240116,09:18:00,0.65,1800,298800
20240116,09:18:03,0.65,250,298800
20240116,09:18:06,0.6,2000,298800
20240116,09:18:22,0.65,900,298800
20240116,09:18:39,0.6,150,298800
20240116,09:18:42,0.65,350,298800
20240116,09:18:48,0.6,150,298800
20240116,09:18:49,0.65,650,298800
20240116,09:18:51,0.65,500,298800
20240116,09:18:55,0.65,500,298800
20240116,09:19:03,0.65,50,298800
20240116,09:19:03,0.65,500,298800
20240116,09:19:08,0.65,50,298800
20240116,09:19:10,0.65,750,298800
20240116,09:19:14,0.65,25500,298800
20240116,09:19:19,0.65,7500,298800
20240116,09:19:25,0.6,200,298800
20240116,09:19:28,0.65,32400,298800
20240116,09:19:35,0.7,50,298800
20240116,09:19:38,0.7,2200,298800
20240116,09:19:39,0.7,850,298800
20240116,09:19:42,0.7,50,298800
20240116,09:19:48,0.65,3600,298800
20240116,09:19:49,0.65,2850,298800
20240116,09:19:57,0.65,1750,298800
20240116,09:20:04,0.65,300,298800
20240116,09:20:05,0.65,50,298800
20240116,09:20:09,0.65,5400,298800
20240116,09:20:12,0.7,600,298800
20240116,09:20:18,0.65,50,298800
20240116,09:20:26,0.65,300,298800
20240116,09:20:27,0.65,50,298800
20240116,09:20:30,0.65,1800,240300
20240116,09:20:34,0.7,100,240300
20240116,09:20:47,0.65,300,240300
20240116,09:20:49,0.65,5100,240300
20240116,09:20:50,0.65,50,240300
20240116,09:20:51,0.7,3000,240300
20240116,09:20:56,0.65,950,240300
20240116,09:21:06,0.7,50,240300
20240116,09:21:07,0.7,50,240300
20240116,09:21:08,0.7,50,240300
20240116,09:21:09,0.7,50,240300
20240116,09:21:10,0.7,1350,240300
20240116,09:21:11,0.7,200,240300
20240116,09:21:12,0.7,200,240300
20240116,09:21:13,0.7,200,240300
20240116,09:21:16,0.65,50,240300
20240116,09:21:21,0.7,50,240300
20240116,09:21:22,0.7,100,240300
20240116,09:21:23,0.7,50,240300
20240116,09:21:24,0.7,50,240300
20240116,09:21:25,0.7,50,240300
20240116,09:21:26,0.7,200,240300
20240116,09:21:27,0.7,200,240300
20240116,09:21:28,0.7,200,240300
20240116,09:21:29,0.7,200,240300
20240116,09:21:30,0.7,50,240300
20240116,09:21:31,0.7,50,240300
20240116,09:21:32,0.7,50,240300
20240116,09:21:33,0.7,50,240300
20240116,09:21:34,0.7,50,240300
20240116,09:21:35,0.7,50,240300
20240116,09:21:36,0.7,50,240300
20240116,09:21:37,0.7,50,240300
20240116,09:21:38,0.7,200,240300
20240116,09:21:39,0.7,200,240300
20240116,09:21:40,0.7,200,240300
20240116,09:21:41,0.7,100,240300
20240116,09:21:43,0.7,50,240300
20240116,09:21:43,0.7,1050,240300
20240116,09:21:46,0.75,50,240300
20240116,09:21:46,0.75,4850,240300
20240116,09:21:48,0.7,250,240300
20240116,09:21:49,0.7,200,240300
20240116,09:21:50,0.7,200,240300
20240116,09:21:51,0.7,300,240300
20240116,09:21:52,0.7,700,240300
20240116,09:21:54,0.7,150,240300
20240116,09:21:55,0.7,50,240300
20240116,09:21:56,0.7,50,240300
20240116,09:21:57,0.7,50,240300
20240116,09:21:58,0.7,50,240300
20240116,09:21:59,0.7,50,240300
20240116,09:22:00,0.65,300,240300
20240116,09:22:01,0.7,50,240300
20240116,09:22:03,0.7,100,240300
20240116,09:22:04,0.7,50,240300
20240116,09:22:05,0.7,200,240300
20240116,09:22:06,0.7,200,240300
20240116,09:22:07,0.7,200,240300
20240116,09:22:08,0.7,200,240300
20240116,09:22:09,0.7,200,240300
20240116,09:22:10,0.7,50,240300
20240116,09:22:11,0.7,50,240300
20240116,09:22:12,0.7,50,240300
20240116,09:22:13,0.7,100,240300
20240116,09:22:14,0.7,200,240300
20240116,09:22:15,0.7,200,240300
20240116,09:22:16,0.7,800,240300
20240116,09:22:17,0.7,200,240300
20240116,09:22:18,0.7,150,240300
20240116,09:22:20,0.7,100,240300
20240116,09:22:21,0.7,50,240300
20240116,09:22:22,0.7,50,240300
20240116,09:22:23,0.7,50,240300
20240116,09:22:24,0.7,50,240300
20240116,09:22:25,0.7,100,240300
20240116,09:22:26,0.7,50,240300
20240116,09:22:27,0.7,50,240300
20240116,09:22:28,0.7,250,240300
20240116,09:22:29,0.7,350,240300
20240116,09:22:30,0.7,300,240300
20240116,09:22:32,0.7,50,240300
20240116,09:22:33,0.7,50,240300
20240116,09:22:34,0.7,100,240300
20240116,09:22:35,0.7,700,240300
20240116,09:22:36,0.7,200,240300
20240116,09:22:37,0.7,50,240300
20240116,09:22:38,0.7,200,240300
20240116,09:22:39,0.7,200,240300
20240116,09:22:40,0.7,200,240300
20240116,09:22:41,0.7,200,240300
20240116,09:22:42,0.7,200,240300
20240116,09:22:43,0.7,200,240300
20240116,09:22:44,0.7,200,240300
20240116,09:22:45,0.7,200,240300
20240116,09:22:46,0.7,300,240300
20240116,09:22:47,0.7,200,240300
20240116,09:22:48,0.7,200,240300
20240116,09:22:49,0.7,450,240300
20240116,09:22:50,0.7,50,240300
20240116,09:22:52,0.75,150,240300
20240116,09:22:53,0.7,2200,240300
20240116,09:22:54,0.75,200,240300
20240116,09:22:55,0.75,200,240300
20240116,09:22:56,0.7,2200,240300
20240116,09:22:57,0.75,200,240300
20240116,09:22:58,0.7,700,240300
20240116,09:22:59,0.7,10000,240300
20240116,09:23:00,0.7,6650,240300
20240116,09:23:02,0.7,100,240300
20240116,09:23:02,0.7,1800,240300
20240116,09:23:03,0.7,50,240300
20240116,09:23:04,0.7,200,240300
20240116,09:23:06,0.7,400,240300
20240116,09:23:07,0.7,3600,240300
20240116,09:23:08,0.7,3600,240300
20240116,09:23:09,0.7,1900,240300
20240116,09:23:10,0.7,3000,240300
20240116,09:23:12,0.75,400,240300
20240116,09:23:13,0.75,200,240300
20240116,09:23:14,0.75,200,240300
20240116,09:23:15,0.75,200,240300
20240116,09:23:16,0.75,200,240300
20240116,09:23:17,0.75,200,240300
20240116,09:23:19,0.7,100,240300
20240116,09:23:22,0.7,1800,240300
20240116,09:23:24,0.7,3050,240300
20240116,09:23:30,0.75,250,240300
20240116,09:23:41,0.75,200,225700
20240116,09:23:44,0.7,50,225700
20240116,09:23:46,0.7,9000,225700
20240116,09:23:48,0.75,1500,225700
20240116,09:23:48,0.7,1500,225700
20240116,09:23:51,0.7,150,225700
20240116,09:23:55,0.75,50,225700
20240116,09:24:05,0.7,2650,225700
20240116,09:24:07,0.7,50,225700
20240116,09:24:25,0.7,50,225700
20240116,09:24:37,0.7,150,225700
20240116,09:24:40,0.7,100,225700
20240116,09:24:41,0.7,50,225700
20240116,09:25:14,0.65,2400,225700
20240116,09:25:19,0.65,1000,225700
20240116,09:25:41,0.7,50,225700
20240116,09:25:46,0.7,50,225700
20240116,09:25:49,0.65,50,225700
20240116,09:25:51,0.7,50,225700
20240116,09:25:58,0.7,300,225700
20240116,09:26:04,0.7,13500,225700
20240116,09:26:23,0.75,50,225700
20240116,09:26:27,0.7,1800,225700
20240116,09:26:30,0.7,50,225700
20240116,09:26:44,0.7,50,228200
20240116,09:26:47,0.7,6500,228200
20240116,09:26:49,0.7,100,228200
20240116,09:27:09,0.7,50,228200
20240116,09:27:38,0.7,250,228200
20240116,09:28:17,0.7,750,228200
20240116,09:28:19,0.65,50,228200
20240116,09:28:26,0.7,50,228200
20240116,09:28:29,0.65,50,228200
20240116,09:28:46,0.7,50,228200
20240116,09:29:16,0.7,50,228200
20240116,09:29:20,0.65,300,228200
20240116,09:29:22,0.7,250,228200
20240116,09:29:27,0.7,50,228200
20240116,09:29:31,0.7,1000,228200
20240116,09:29:41,0.65,1750,226350
20240116,09:30:25,0.7,50,226350
20240116,09:30:49,0.65,3000,226350
20240116,09:31:03,0.65,150,226350
20240116,09:31:10,0.7,250,226350
20240116,09:31:46,0.7,50,226350
20240116,09:32:03,0.7,1000,226350
20240116,09:32:16,0.7,150,226350
20240116,09:32:17,0.7,50,226350
20240116,09:32:21,0.7,200,226350
20240116,09:32:27,0.7,50,226350
20240116,09:32:29,0.7,100,226350
20240116,09:32:31,0.65,150,226350
20240116,09:32:33,0.7,1000,226200
20240116,09:32:54,0.65,150,226200
20240116,09:32:55,0.65,50,226200
20240116,09:33:02,0.7,50,226200
20240116,09:33:03,0.7,50,226200
20240116,09:33:04,0.7,50,226200
20240116,09:33:13,0.65,900,226200
20240116,09:33:14,0.65,900,226200
20240116,09:33:17,0.7,600,226200
20240116,09:33:18,0.7,500,226200
20240116,09:33:21,0.65,900,226200
20240116,09:33:22,0.65,900,226200
20240116,09:33:23,0.65,900,226200
20240116,09:33:24,0.7,950,226200
20240116,09:33:25,0.65,900,226200
20240116,09:33:26,0.65,900,226200
20240116,09:33:27,0.65,900,226200
20240116,09:33:28,0.65,900,226200
20240116,09:33:29,0.65,900,226200
20240116,09:33:36,0.65,900,226200
20240116,09:33:37,0.65,900,226200
20240116,09:33:38,0.65,900,226200
20240116,09:33:39,0.7,50,226200
20240116,09:33:40,0.65,900,226200
20240116,09:33:41,0.7,50,226200
20240116,09:33:45,0.65,1750,226200
20240116,09:33:45,0.65,900,226200
20240116,09:33:46,0.7,250,226200
20240116,09:33:47,0.65,900,226200
20240116,09:33:48,0.65,1400,226200
20240116,09:33:49,0.7,50,226200
20240116,09:33:56,0.7,50,226200
20240116,09:33:57,0.7,50,226200
20240116,09:34:00,0.7,50,226200
20240116,09:34:01,0.65,900,226200
20240116,09:34:06,0.7,200,226200
20240116,09:34:12,0.7,50,226200
20240116,09:34:20,0.7,50,226200
20240116,09:34:22,0.7,1000,226200
20240116,09:34:24,0.7,50,226200
20240116,09:34:26,0.65,200,226200
20240116,09:34:30,0.7,50,226200
20240116,09:34:55,0.7,50,226200
20240116,09:35:00,0.7,150,226200
20240116,09:35:07,0.7,250,226200
20240116,09:35:08,0.65,150,226200
20240116,09:35:10,0.7,800,226200
20240116,09:35:38,0.65,1000,226050
20240116,09:35:40,0.7,250,226050
20240116,09:35:49,0.7,50,226050
20240116,09:35:50,0.7,50,226050
20240116,09:35:51,0.7,100,226050
20240116,09:35:57,0.65,500,226050
20240116,09:35:58,0.7,1650,226050
20240116,09:35:59,0.7,150,226050
20240116,09:36:00,0.7,50,226050
20240116,09:36:01,0.7,50,226050
20240116,09:36:16,0.7,50,226050
20240116,09:36:43,0.7,50,226050
20240116,09:36:46,0.7,50,226050
20240116,09:36:47,0.7,200,226050
20240116,09:36:49,0.7,50,226050
20240116,09:37:03,0.7,100,226050
20240116,09:37:14,0.7,500,226050
20240116,09:37:28,0.7,100,226050
20240116,09:37:57,0.65,50,226050
20240116,09:38:17,0.7,50,226050
20240116,09:38:22,0.7,100,226050
20240116,09:38:23,0.65,200,226050
20240116,09:38:34,0.7,250,226050
20240116,09:38:42,0.7,1000,226050
20240116,09:38:53,0.7,50,226050
20240116,09:38:54,0.65,500,226050
20240116,09:39:03,0.7,50,226050
20240116,09:39:25,0.65,450,226050
20240116,09:39:27,0.7,1900,226050
20240116,09:39:38,0.65,250,226050
20240116,09:39:39,0.65,300,226050
20240116,09:39:43,0.7,100,226050
20240116,09:39:46,0.65,1500,226050
20240116,09:39:47,0.65,13450,226050
20240116,09:39:48,0.65,100,226050
20240116,09:40:09,0.65,50,226050
20240116,09:40:11,0.65,50,226050
20240116,09:40:12,0.65,50,226050
20240116,09:40:15,0.65,1200,226050
20240116,09:40:20,0.65,50,226050
20240116,09:40:33,0.65,1550,226050
20240116,09:40:35,0.65,50,226050
20240116,09:40:38,0.65,300,226050
20240116,09:40:48,0.65,50,226050
20240116,09:40:50,0.65,500,226050
20240116,09:40:51,0.65,50,226050
20240116,09:40:52,0.65,250,226050
20240116,09:40:56,0.65,50,226050
20240116,09:41:12,0.65,1250,226050
20240116,09:41:25,0.65,50,226050
20240116,09:41:48,0.6,1300,226050
20240116,09:41:51,0.6,50,225400
20240116,09:42:09,0.65,50,225400
20240116,09:42:27,0.65,50,225400
20240116,09:42:35,0.65,550,225400
20240116,09:42:41,0.6,50,225400
20240116,09:42:47,0.65,50,225400
20240116,09:42:52,0.6,1500,225400
20240116,09:42:54,0.65,50,225400
20240116,09:43:10,0.65,50,225400
20240116,09:43:11,0.65,50,225400
20240116,09:43:35,0.6,1650,225400
20240116,09:43:55,0.65,1000,225400
20240116,09:44:03,0.65,300,225400
20240116,09:44:31,0.65,100,225400
20240116,09:44:48,0.65,50,225400
20240116,09:44:50,0.65,50,225400
20240116,09:44:54,0.65,1800,225400
20240116,09:44:55,0.65,1800,225400
20240116,09:44:56,0.65,1400,225400
20240116,09:45:04,0.65,500,225400
20240116,09:45:15,0.65,1000,225400
20240116,09:45:16,0.65,800,225400
20240116,09:45:34,0.65,50,225400
20240116,09:45:51,0.65,200,225400
20240116,09:45:54,0.6,100,225400
20240116,09:45:55,0.65,100,225400
20240116,09:45:58,0.6,50,225400
20240116,09:46:02,0.65,550,225400
20240116,09:46:19,0.65,500,225400
20240116,09:46:42,0.6,1800,225400
20240116,09:46:44,0.65,200,225400
20240116,09:46:46,0.6,1800,225400
20240116,09:46:50,0.6,1800,225400
20240116,09:46:53,0.6,1800,225400
20240116,09:47:00,0.65,150,225400
20240116,09:47:31,0.65,1500,225400
20240116,09:47:36,0.65,350,227000
20240116,09:47:55,0.65,50,227000
20240116,09:47:59,0.6,200,227000
20240116,09:48:36,0.6,1800,227000
20240116,09:48:37,0.6,1800,227000
20240116,09:48:38,0.6,1800,227000
20240116,09:48:39,0.6,450,227000
20240116,09:48:47,0.65,150,227000
20240116,09:48:53,0.6,1250,227000
20240116,09:49:03,0.65,50,227000
20240116,09:49:04,0.6,300,227000
20240116,09:49:15,0.6,50,227000
20240116,09:49:52,0.65,150,227000
20240116,09:50:24,0.6,50,227000
20240116,09:50:43,0.65,500,227000
20240116,09:51:35,0.65,500,226900
20240116,09:51:56,0.65,50,226900
20240116,09:52:19,0.65,250,226900
20240116,09:52:37,0.65,350,226900
20240116,09:53:02,0.6,500,226900
20240116,09:53:25,0.6,550,226900
20240116,09:53:33,0.65,800,226900
20240116,09:53:56,0.6,50,226900
20240116,09:54:00,0.6,250,226900
20240116,09:54:07,0.65,50,226900
20240116,09:54:27,0.65,50,226900
20240116,09:54:29,0.65,800,226900
20240116,09:54:38,0.6,350,226900
20240116,09:54:39,0.65,100,226900
20240116,09:54:45,0.65,50,226900
20240116,09:54:46,0.65,50,226900
20240116,09:54:50,0.6,100,226900
20240116,09:55:01,0.65,550,226900
20240116,09:55:04,0.6,300,226900
20240116,09:55:05,0.6,50,226900
20240116,09:55:11,0.65,50,226900
20240116,09:55:15,0.65,50,226900
20240116,09:55:17,0.65,50,226900
20240116,09:55:36,0.65,50,226900
20240116,09:55:51,0.65,50,226900
20240116,09:56:07,0.65,50,226900
20240116,09:56:37,0.65,100,226900
20240116,09:56:39,0.6,50,226900
20240116,09:56:56,0.6,50,226900
20240116,09:57:08,0.65,1800,226900
20240116,09:57:09,0.65,500,226900
20240116,09:57:12,0.6,50,226900
20240116,09:57:32,0.6,50,226900
20240116,09:57:41,0.6,100,226900
20240116,09:57:59,0.6,50,226900
20240116,09:58:00,0.6,50,226900
20240116,09:58:07,0.6,500,226900
20240116,09:58:08,0.6,50,226900
20240116,09:58:11,0.6,50,226900
20240116,09:58:43,0.6,250,226900
20240116,09:59:27,0.6,900,226900
20240116,09:59:53,0.6,100,226900
20240116,09:59:59,0.6,100,225700
20240116,10:00:28,0.6,500,225700
20240116,10:00:29,0.6,500,225700
20240116,10:00:30,0.6,500,225700
20240116,10:00:32,0.6,500,225700
20240116,10:00:32,0.65,150,225700
20240116,10:00:33,0.6,50,225700
20240116,10:00:34,0.6,500,225700
20240116,10:00:36,0.6,500,225700
20240116,10:00:37,0.6,500,225700
20240116,10:00:38,0.6,500,225700
20240116,10:00:40,0.6,500,225700
20240116,10:00:41,0.6,500,225700
20240116,10:00:42,0.6,500,225700
20240116,10:00:45,0.6,500,225700
20240116,10:00:46,0.6,500,225700
20240116,10:00:47,0.6,500,225700
20240116,10:00:48,0.6,500,225700
20240116,10:00:49,0.6,1000,225700
20240116,10:00:50,0.6,500,225700
20240116,10:00:51,0.6,500,225700
20240116,10:00:53,0.6,500,225700
20240116,10:00:54,0.6,500,225700
20240116,10:00:55,0.6,500,225700
20240116,10:00:56,0.6,500,225700
20240116,10:00:59,0.6,500,225700
20240116,10:01:00,0.6,500,225700
20240116,10:01:01,0.6,500,225700
20240116,10:01:02,0.6,500,225700
20240116,10:01:04,0.6,500,225700
20240116,10:01:05,0.6,5300,225700
20240116,10:01:06,0.6,2000,225700
20240116,10:01:07,0.6,500,225700
20240116,10:01:09,0.6,500,225700
20240116,10:01:10,0.6,500,225700
20240116,10:01:11,0.6,500,225700
20240116,10:01:12,0.65,250,225700
20240116,10:01:13,0.6,500,225700
20240116,10:01:14,0.6,500,225700
20240116,10:01:19,0.6,2350,225700
20240116,10:01:20,0.6,950,225700
20240116,10:01:21,0.6,1350,225700
20240116,10:01:26,0.55,100,225700
20240116,10:01:28,0.6,250,225700
20240116,10:01:54,0.55,500,225700
20240116,10:01:56,0.55,500,225700
20240116,10:01:57,0.55,500,225700
20240116,10:01:58,0.55,500,225700
20240116,10:02:00,0.55,500,225700
20240116,10:02:01,0.55,500,225700
20240116,10:02:02,0.55,500,225700
20240116,10:02:03,0.55,500,225700
20240116,10:02:05,0.55,500,225700
20240116,10:02:07,0.55,300,225700
20240116,10:03:57,0.6,50,222450
20240116,10:05:27,0.6,50,222450
20240116,10:05:45,0.55,50,222450
20240116,10:06:00,0.6,50,222450
20240116,10:06:16,0.6,50,222450
20240116,10:06:33,0.6,50,222450
20240116,10:08:18,0.6,50,222450
20240116,10:08:43,0.6,2600,222450
20240116,10:09:03,0.6,1850,222450
20240116,10:09:10,0.6,450,222450
20240116,10:10:30,0.6,50,222450
20240116,10:10:49,0.55,1800,222450
20240116,10:11:57,0.6,50,222450
20240116,10:12:36,0.6,50,222450
20240116,10:12:37,0.55,50,222450
20240116,10:13:49,0.6,600,222450
20240116,10:14:25,0.6,450,222450
20240116,10:14:46,0.55,50,222450
20240116,10:15:28,0.6,250,222450
20240116,10:15:48,0.6,700,222450
20240116,10:16:16,0.6,1100,222450
20240116,10:16:34,0.55,300,222450
20240116,10:18:19,0.6,500,222450
20240116,10:18:31,0.6,1800,222450
20240116,10:18:45,0.55,150,222450
20240116,10:18:47,0.6,250,222450
20240116,10:18:53,0.6,450,222450
20240116,10:19:04,0.6,300,222450
20240116,10:19:08,0.6,350,222450
20240116,10:19:10,0.6,250,222450
20240116,10:20:25,0.6,350,222450
20240116,10:20:29,0.55,1000,222450
20240116,10:21:28,0.6,1800,220000
20240116,10:21:29,0.55,50,220000
20240116,10:23:35,0.6,350,220000
20240116,10:23:46,0.6,350,220000
20240116,10:24:02,0.6,450,219650
20240116,10:24:06,0.6,400,219650
20240116,10:24:14,0.6,300,219650
20240116,10:24:18,0.6,250,219650
20240116,10:24:22,0.6,1400,219650
20240116,10:24:36,0.6,400,219650
20240116,10:24:38,0.6,200,219650
20240116,10:24:46,0.6,250,219650
20240116,10:25:19,0.6,500,219650
20240116,10:25:32,0.6,2050,219650
20240116,10:25:37,0.6,300,219650
20240116,10:25:45,0.6,250,219650
20240116,10:25:45,0.6,400,219650
20240116,10:25:49,0.6,250,219650
20240116,10:26:04,0.6,250,219650
20240116,10:26:13,0.6,100,219650
20240116,10:26:27,0.6,250,219650
20240116,10:27:12,0.6,50,217850
20240116,10:27:18,0.55,250,217850
20240116,10:27:32,0.6,300,217850
20240116,10:27:55,0.6,600,217850
20240116,10:27:58,0.6,250,217850
20240116,10:28:08,0.6,250,217850
20240116,10:28:10,0.6,1100,217850
20240116,10:28:59,0.55,50,217850
20240116,10:29:01,0.6,400,217850
20240116,10:29:02,0.6,850,217850
20240116,10:29:07,0.6,300,217850
20240116,10:29:27,0.6,550,217850
20240116,10:29:30,0.55,300,217850
20240116,10:30:23,0.6,250,217850
20240116,10:30:24,0.6,350,214350
20240116,10:31:47,0.6,250,214350
20240116,10:32:05,0.6,50,214350
20240116,10:32:20,0.6,50,214350
20240116,10:33:10,0.55,50,213500
20240116,10:34:56,0.6,750,213500
20240116,10:35:15,0.6,100,213500
20240116,10:35:28,0.6,250,213500
20240116,10:35:38,0.6,200,213500
20240116,10:37:15,0.6,250,213500
20240116,10:37:29,0.6,50,214400
20240116,10:38:12,0.6,300,214400
20240116,10:38:28,0.6,50,214400
20240116,10:39:36,0.6,50,215050
20240116,10:39:52,0.55,50,215050
20240116,10:39:52,0.55,650,215050
20240116,10:39:53,0.55,50,215050
20240116,10:39:54,0.55,100,215050
20240116,10:39:55,0.55,100,215050
20240116,10:39:56,0.55,200,215050
20240116,10:39:57,0.55,200,215050
20240116,10:39:58,0.55,200,215050
20240116,10:39:59,0.55,200,215050
20240116,10:40:00,0.55,50,215050
20240116,10:40:01,0.55,50,215050
20240116,10:40:02,0.55,50,215050
20240116,10:40:03,0.55,50,215050
20240116,10:40:04,0.55,200,215050
20240116,10:40:05,0.55,200,215050
20240116,10:40:06,0.55,200,215050
20240116,10:40:07,0.55,200,215050
20240116,10:40:08,0.55,200,215050
20240116,10:40:09,0.55,200,215050
20240116,10:40:10,0.55,200,215050
20240116,10:40:11,0.55,200,215050
20240116,10:40:12,0.55,200,215050
20240116,10:40:13,0.55,50,215050
20240116,10:40:14,0.55,50,215050
20240116,10:40:15,0.55,50,215050
20240116,10:40:16,0.55,50,215050
20240116,10:40:17,0.55,50,215050
20240116,10:40:18,0.55,100,215050
20240116,10:40:19,0.55,50,215050
20240116,10:40:20,0.55,50,215050
20240116,10:40:21,0.55,50,215050
20240116,10:40:22,0.55,50,215050
20240116,10:40:23,0.55,50,215050
20240116,10:40:24,0.55,50,215050
20240116,10:40:26,0.55,50,215050
20240116,10:40:27,0.55,4750,215050
20240116,10:40:28,0.55,200,215050
20240116,10:40:29,0.55,200,215050
20240116,10:40:30,0.55,200,215050
20240116,10:40:31,0.55,200,215050
20240116,10:40:32,0.55,50,215050
20240116,10:40:33,0.55,50,215050
20240116,10:40:34,0.55,200,215050
20240116,10:40:35,0.55,200,215050
20240116,10:40:36,0.55,200,215050
20240116,10:40:37,0.55,200,215050
20240116,10:40:38,0.55,200,215050
20240116,10:40:39,0.55,50,215050
20240116,10:40:40,0.55,50,215050
20240116,10:40:41,0.55,50,215050
20240116,10:40:42,0.55,50,215050
20240116,10:40:43,0.55,50,215050
20240116,10:40:44,0.55,50,215050
20240116,10:40:45,0.55,50,215050
20240116,10:40:46,0.55,200,215050
20240116,10:40:47,0.55,200,215050
20240116,10:40:48,0.55,200,215050
20240116,10:40:49,0.55,50,215050
20240116,10:40:50,0.55,50,215050
20240116,10:40:55,0.55,50,215050
20240116,10:40:56,0.55,50,215050
20240116,10:40:57,0.55,50,215050
20240116,10:41:27,0.55,50,215050
20240116,10:41:28,0.55,50,215050
20240116,10:41:29,0.55,50,215050
20240116,10:41:30,0.55,50,215050
20240116,10:41:31,0.55,50,215050
20240116,10:41:32,0.55,200,215050
20240116,10:41:33,0.55,200,215050
20240116,10:41:34,0.55,200,215050
20240116,10:41:35,0.55,50,215050
20240116,10:41:36,0.55,50,215050
20240116,10:41:37,0.55,50,215050
20240116,10:41:38,0.55,50,215050
20240116,10:41:39,0.55,50,215050
20240116,10:41:40,0.55,50,215050
20240116,10:41:41,0.55,50,213650
20240116,10:41:42,0.55,50,213650
20240116,10:41:43,0.55,50,213650
20240116,10:41:46,0.55,50,213650
20240116,10:41:48,0.55,50,213650
20240116,10:41:50,0.55,50,213650
20240116,10:41:51,0.55,50,213650
20240116,10:41:52,0.55,50,213650
20240116,10:41:53,0.55,50,213650
20240116,10:41:54,0.55,50,213650
20240116,10:41:55,0.55,50,213650
20240116,10:41:56,0.55,50,213650
20240116,10:41:57,0.55,50,213650
20240116,10:41:58,0.55,50,213650
20240116,10:41:59,0.55,50,213650
20240116,10:42:00,0.55,50,213650
20240116,10:42:01,0.55,50,213650
20240116,10:42:02,0.55,50,213650
20240116,10:42:03,0.55,50,213650
20240116,10:42:04,0.55,50,213650
20240116,10:42:05,0.55,50,213650
20240116,10:42:06,0.55,50,213650
20240116,10:42:07,0.55,50,213650
20240116,10:42:08,0.55,50,213650
20240116,10:42:09,0.55,200,213650
20240116,10:42:10,0.55,200,213650
20240116,10:42:11,0.55,200,213650
20240116,10:42:12,0.55,200,213650
20240116,10:42:13,0.55,50,213650
20240116,10:42:14,0.55,50,213650
20240116,10:42:15,0.55,50,213650
20240116,10:42:16,0.55,50,213650
20240116,10:42:17,0.55,50,213650
20240116,10:42:18,0.55,50,213650
20240116,10:42:19,0.55,50,213650
20240116,10:42:20,0.55,200,213650
20240116,10:42:21,0.55,200,213650
20240116,10:42:22,0.55,200,213650
20240116,10:43:06,0.6,2000,213650
20240116,10:45:05,0.55,350,213650
20240116,10:47:01,0.6,50,214600
20240116,10:47:17,0.6,450,214600
20240116,10:47:46,0.6,50,214600
20240116,10:49:04,0.6,100,214600
20240116,10:49:22,0.6,50,214600
20240116,10:49:33,0.55,50,214600
20240116,10:49:34,0.55,50,214600
20240116,10:49:35,0.55,50,214600
20240116,10:49:40,0.55,50,214600
20240116,10:49:41,0.55,50,214600
20240116,10:49:52,0.55,300,214600
20240116,10:49:55,0.6,50,214600
20240116,10:49:56,0.55,50,214600
20240116,10:50:06,0.6,500,214600
20240116,10:50:10,0.55,50,214600
20240116,10:50:22,0.6,50,214600
20240116,10:50:30,0.6,50,214600
20240116,10:50:32,0.55,50,214600
20240116,10:51:31,0.55,800,214600
20240116,10:51:34,0.55,50,214600
20240116,10:51:35,0.55,50,214600
20240116,10:51:36,0.55,50,214600
20240116,10:51:37,0.55,50,214600
20240116,10:51:38,0.55,50,214600
20240116,10:51:39,0.55,50,214600
20240116,10:51:39,0.55,500,214600
20240116,10:51:40,0.55,50,214600
20240116,10:51:41,0.55,50,214600
20240116,10:51:42,0.55,50,214600
20240116,10:51:43,0.55,50,214600
20240116,10:51:48,0.55,50,214600
20240116,10:51:50,0.55,50,214600
20240116,10:51:54,0.6,250,214600
20240116,10:51:59,0.55,50,214600
20240116,10:52:02,0.55,50,214600
20240116,10:52:04,0.55,50,214600
20240116,10:52:05,0.55,50,214600
20240116,10:52:50,0.55,500,214600
20240116,10:52:53,0.55,50,214600
20240116,10:52:54,0.55,50,214600
20240116,10:52:55,0.55,50,214600
20240116,10:52:56,0.55,50,214600
20240116,10:52:57,0.55,50,214600
20240116,10:52:58,0.55,50,214600
20240116,10:52:59,0.55,50,214600
20240116,10:53:00,0.55,50,214600
20240116,10:53:01,0.55,50,214600
20240116,10:53:02,0.55,50,214600
20240116,10:53:03,0.55,50,214600
20240116,10:53:04,0.55,50,214600
20240116,10:53:05,0.55,50,214600
20240116,10:53:06,0.55,50,214600
20240116,10:53:07,0.55,50,214600
20240116,10:53:08,0.55,50,214600
20240116,10:53:09,0.55,50,214600
20240116,10:53:10,0.55,50,214600
20240116,10:53:11,0.55,50,214600
20240116,10:53:12,0.55,50,214600
20240116,10:53:13,0.55,50,214600
20240116,10:53:14,0.55,50,214600
20240116,10:53:15,0.55,50,214600
20240116,10:53:16,0.55,50,214600
20240116,10:53:17,0.55,50,214600
20240116,10:53:18,0.55,150,214600
20240116,10:53:19,0.55,50,214600
20240116,10:53:20,0.55,50,214600
20240116,10:53:21,0.55,50,214600
20240116,10:53:45,0.55,50,214600
20240116,10:53:46,0.55,50,214600
20240116,10:53:47,0.55,50,214600
20240116,10:53:48,0.55,50,214600
20240116,10:53:49,0.55,50,214600
20240116,10:53:50,0.55,50,214600
20240116,10:53:51,0.55,50,214600
20240116,10:53:52,0.55,50,214600
20240116,10:53:53,0.55,50,214600
20240116,10:53:54,0.55,50,214600
20240116,10:53:55,0.55,50,214600
20240116,10:53:56,0.55,50,214600
20240116,10:53:57,0.55,50,214600
20240116,10:53:58,0.55,50,214600
20240116,10:53:59,0.55,50,214600
20240116,10:54:00,0.55,50,214600
20240116,10:54:01,0.55,50,214600
20240116,10:54:02,0.55,50,214600
20240116,10:54:03,0.55,50,214600
20240116,10:54:36,0.55,50,214600
20240116,10:59:09,0.55,5400,213650
20240116,10:59:26,0.55,50,213650
20240116,10:59:27,0.55,50,213650
20240116,10:59:28,0.55,50,213650
20240116,10:59:29,0.55,50,213650
20240116,10:59:30,0.55,50,213650
20240116,10:59:31,0.55,50,213650
20240116,10:59:32,0.55,50,213650
20240116,10:59:33,0.55,50,213650
20240116,10:59:34,0.55,50,213650
20240116,10:59:35,0.55,50,213650
20240116,10:59:36,0.55,50,213650
20240116,10:59:37,0.55,50,213650
20240116,10:59:38,0.55,50,213650
20240116,10:59:39,0.55,50,213650
20240116,10:59:40,0.55,50,213650
20240116,10:59:41,0.55,50,213650
20240116,10:59:42,0.55,50,213650
20240116,10:59:43,0.55,50,212000
20240116,10:59:44,0.55,50,212000
20240116,10:59:45,0.55,50,212000
20240116,11:00:00,0.6,150,212000
20240116,11:00:04,0.6,300,212000
20240116,11:00:06,0.6,50,212000
20240116,11:01:10,0.6,50,212000
20240116,11:01:16,0.6,50,212000
20240116,11:01:43,0.55,100,212000
20240116,11:02:32,0.6,50,212000
20240116,11:02:51,0.6,50,212000
20240116,11:02:57,0.6,50,212000
20240116,11:03:15,0.6,250,212000
20240116,11:03:18,0.55,50,212000
20240116,11:03:52,0.6,50,212000
20240116,11:05:30,0.6,100,212000
20240116,11:06:31,0.6,50,212000
20240116,11:07:05,0.6,50,212000
20240116,11:07:18,0.55,50,212000
20240116,11:07:46,0.6,50,212000
20240116,11:07:49,0.6,1800,212000
20240116,11:08:04,0.55,50,212000
20240116,11:09:24,0.55,100,212000
20240116,11:09:56,0.6,250,212000
20240116,11:09:59,0.6,250,212000
20240116,11:10:00,0.6,50,212000
20240116,11:10:02,0.55,50,212000
20240116,11:10:18,0.55,250,212000
20240116,11:10:37,0.6,250,212000
20240116,11:10:42,0.6,850,212000
20240116,11:10:46,0.55,50,212000
20240116,11:11:09,0.6,50,212000
20240116,11:13:11,0.6,1800,210400
20240116,11:16:51,0.6,50,210800
20240116,11:18:26,0.6,300,210850
20240116,11:18:28,0.6,200,210850
20240116,11:19:03,0.6,100,210850
20240116,11:19:09,0.6,600,210850
20240116,11:20:20,0.6,50,210850
20240116,11:20:37,0.6,50,210850
20240116,11:20:54,0.55,50,211550
20240116,11:21:05,0.6,50,211550
20240116,11:22:48,0.55,50,211550
20240116,11:23:26,0.6,50,211550
20240116,11:23:39,0.55,600,211550
20240116,11:24:17,0.6,250,211650
20240116,11:25:02,0.55,250,211650
20240116,11:25:07,0.55,300,211650
20240116,11:26:24,0.6,300,211650
20240116,11:26:24,0.6,450,211650
20240116,11:26:28,0.55,50,211650
20240116,11:27:34,0.55,50,211650
20240116,11:29:50,0.55,50,211900
20240116,11:30:39,0.55,50,211900
20240116,11:31:06,0.6,250,211900
20240116,11:31:50,0.6,400,211900
20240116,11:32:33,0.6,1800,211900
20240116,11:32:34,0.6,1800,211900
20240116,11:32:35,0.6,1800,211900
20240116,11:32:45,0.55,1100,211900
20240116,11:33:22,0.55,50,215000
20240116,11:35:00,0.6,300,215000
20240116,11:35:02,0.55,1500,215000
20240116,11:35:12,0.6,25600,215000
20240116,11:35:13,0.55,50,215000
20240116,11:35:17,0.6,4800,215000
20240116,11:35:32,0.55,100,215000
20240116,11:36:38,0.6,200,215000
20240116,11:37:09,0.6,450,187450
20240116,11:38:30,0.6,200,187450
20240116,11:38:52,0.6,50,187450
20240116,11:39:03,0.55,50,187450
20240116,11:39:12,0.6,450,187450
20240116,11:39:49,0.6,1000,187450
20240116,11:41:04,0.55,50,187450
20240116,11:41:24,0.6,19900,187450
20240116,11:41:25,0.6,50,187450
20240116,11:41:26,0.6,50,187450
20240116,11:41:28,0.6,50,187450
20240116,11:41:29,0.6,50,187450
20240116,11:41:30,0.6,50,187450
20240116,11:41:31,0.6,50,187450
20240116,11:41:33,0.6,50,187450
20240116,11:41:34,0.6,50,187450
20240116,11:41:35,0.6,50,187450
20240116,11:41:45,0.65,100,187450
20240116,11:42:00,0.6,50,178150
20240116,11:42:02,0.65,50,178150
20240116,11:42:07,0.65,150,178150
20240116,11:42:10,0.6,1050,178150
20240116,11:42:20,0.6,50,178150
20240116,11:42:55,0.6,1000,178150
20240116,11:43:10,0.65,150,178150
20240116,11:43:42,0.65,50,178150
20240116,11:44:17,0.6,50,178150
20240116,11:44:24,0.65,50,178150
20240116,11:44:26,0.65,50,178150
20240116,11:44:43,0.65,550,178150
20240116,11:45:11,0.6,450,178150
20240116,11:45:24,0.6,100,177300
20240116,11:46:14,0.6,250,177300
20240116,11:46:19,0.6,250,177300
20240116,11:46:31,0.6,50,177300
20240116,11:47:09,0.6,250,177300
20240116,11:47:51,0.6,200,177650
20240116,11:48:02,0.6,500,177650
20240116,11:48:12,0.65,800,177650
20240116,11:49:26,0.65,50,177650
20240116,11:49:27,0.65,50,177650
20240116,11:49:28,0.65,50,177650
20240116,11:49:29,0.65,50,177650
20240116,11:49:30,0.65,50,177650
20240116,11:49:31,0.65,50,177650
20240116,11:49:32,0.65,100,177650
20240116,11:49:34,0.65,50,177650
20240116,11:49:35,0.65,50,177650
20240116,11:49:36,0.65,50,177650
20240116,11:49:37,0.65,50,177650
20240116,11:49:38,0.65,50,177650
20240116,11:49:39,0.65,50,177650
20240116,11:49:40,0.65,50,177650
20240116,11:49:41,0.65,350,177650
20240116,11:49:42,0.65,100,177650
20240116,11:49:43,0.65,150,177650
20240116,11:49:52,0.65,50,177650
20240116,11:49:54,0.65,50,177650
20240116,11:49:56,0.65,50,177650
20240116,11:49:57,0.65,50,177650
20240116,11:50:01,0.65,50,177650
20240116,11:50:02,0.65,50,177650
20240116,11:50:03,0.65,50,177650
20240116,11:50:05,0.65,50,177650
20240116,11:50:06,0.65,50,177650
20240116,11:50:07,0.65,50,177650
20240116,11:50:08,0.65,50,177650
20240116,11:50:09,0.65,50,177650
20240116,11:50:12,0.65,50,177650
20240116,11:50:13,0.65,50,177650
20240116,11:50:22,0.65,50,177650
20240116,11:50:24,0.65,50,177650
20240116,11:50:25,0.65,50,177650
20240116,11:50:28,0.6,100,177650
20240116,11:50:31,0.65,50,177650
20240116,11:50:32,0.65,50,177650
20240116,11:50:33,0.65,50,177650
20240116,11:50:34,0.65,50,177650
20240116,11:50:35,0.65,50,177650
20240116,11:50:38,0.65,50,177650
20240116,11:50:39,0.65,50,177650
20240116,11:50:40,0.65,50,177650
20240116,11:50:41,0.65,50,177650
20240116,11:50:42,0.65,50,177650
20240116,11:50:43,0.65,50,177650
20240116,11:50:44,0.65,50,177650
20240116,11:50:45,0.65,50,177650
20240116,11:50:46,0.65,50,177650
20240116,11:50:47,0.65,50,177650
20240116,11:50:48,0.65,50,177650
20240116,11:50:49,0.65,50,177650
20240116,11:50:50,0.65,1850,179950
20240116,11:50:51,0.65,50,179950
20240116,11:50:52,0.65,50,179950
20240116,11:50:53,0.65,1850,179950
20240116,11:50:54,0.65,150,179950
20240116,11:50:55,0.65,50,179950
20240116,11:50:56,0.65,50,179950
20240116,11:50:57,0.65,50,179950
20240116,11:50:58,0.65,50,179950
20240116,11:50:59,0.65,50,179950
20240116,11:51:00,0.65,50,179950
20240116,11:51:02,0.65,1500,179950
20240116,11:51:03,0.65,50,179950
20240116,11:51:54,0.65,200,179950
20240116,11:52:02,0.65,350,179950
20240116,11:52:35,0.65,750,179950
20240116,11:52:54,0.65,300,179950
20240116,11:53:01,0.6,250,179950
20240116,11:54:58,0.65,50,183850
20240116,11:55:14,0.65,50,183850
20240116,11:55:28,0.65,50,183850
20240116,11:55:56,0.65,50,183850
20240116,11:55:57,0.65,50,183850
20240116,11:55:59,0.65,50,183850
20240116,11:56:03,0.65,50,183850
20240116,11:56:04,0.65,50,183850
20240116,11:56:19,0.65,50,183850
20240116,11:56:23,0.65,50,183850
20240116,11:56:27,0.65,50,183850
20240116,11:56:33,0.65,50,183850
20240116,11:56:35,0.65,7200,183850
20240116,11:56:36,0.65,1050,183850
20240116,11:56:37,0.65,50,183850
20240116,11:56:38,0.65,50,183850
20240116,11:56:40,0.65,50,183850
20240116,11:57:06,0.65,250,186550
20240116,11:57:18,0.65,250,186550
20240116,11:57:20,0.65,350,186550
20240116,11:57:27,0.65,250,186550
20240116,11:57:31,0.7,50,186550
20240116,11:57:32,0.65,350,186550
20240116,11:57:33,0.7,100,186550
20240116,11:57:34,0.65,300,186550
20240116,11:57:35,0.7,50,186550
20240116,11:57:36,0.7,50,186550
20240116,11:57:37,0.7,50,186550
20240116,11:57:38,0.7,50,186550
20240116,11:57:39,0.7,50,186550
20240116,11:57:40,0.7,50,186550
20240116,11:57:41,0.7,50,186550
20240116,11:57:42,0.7,50,186550
20240116,11:57:43,0.7,50,186550
20240116,11:57:44,0.7,50,186550
20240116,11:57:45,0.7,50,186550
20240116,11:57:46,0.7,50,186550
20240116,11:57:47,0.7,50,186550
20240116,11:57:48,0.7,50,186550
20240116,11:57:49,0.7,50,186550
20240116,11:57:50,0.7,50,186550
20240116,11:57:51,0.7,50,186550
20240116,11:57:52,0.7,50,186550
20240116,11:57:54,0.7,50,186550
20240116,11:58:03,0.65,400,186550
20240116,11:58:04,0.65,300,186550
20240116,11:58:11,0.65,250,186550
20240116,11:58:16,0.7,50,186550
20240116,11:58:17,0.7,50,186550
20240116,11:58:29,0.7,50,186550
20240116,11:58:30,0.7,50,186550
20240116,11:58:31,0.7,50,186550
20240116,11:58:32,0.7,50,186550
20240116,11:58:33,0.7,50,186550
20240116,11:58:34,0.7,50,186550
20240116,11:58:35,0.7,50,186550
20240116,11:58:36,0.7,50,186550
20240116,11:58:37,0.7,50,186550
20240116,11:58:38,0.7,50,186550
20240116,11:58:39,0.7,50,186550
20240116,11:58:40,0.7,50,186550
20240116,11:58:41,0.7,150,186550
20240116,11:58:42,0.7,150,186550
20240116,11:58:43,0.7,150,186550
20240116,11:58:44,0.7,700,186550
20240116,11:58:45,0.65,300,186550
20240116,11:58:46,0.7,50,186550
20240116,11:58:47,0.7,100,186550
20240116,11:58:48,0.7,100,186550
20240116,11:58:49,0.65,350,186550
20240116,11:58:50,0.7,50,186550
20240116,11:58:51,0.7,50,186550
20240116,11:58:52,0.7,50,186550
20240116,11:58:53,0.7,100,186550
20240116,11:58:54,0.7,100,186550
20240116,11:58:55,0.7,100,186550
20240116,11:58:56,0.7,150,186550
20240116,11:58:57,0.7,150,186550
20240116,11:58:58,0.7,150,186550
20240116,11:58:59,0.7,400,186550
20240116,11:59:00,0.65,250,186550
20240116,11:59:01,0.7,50,186550
20240116,11:59:02,0.7,50,186550
20240116,11:59:03,0.7,150,186550
20240116,11:59:04,0.7,150,186550
20240116,11:59:05,0.7,150,186550
20240116,11:59:06,0.7,150,186550
20240116,11:59:08,0.7,50,186550
20240116,11:59:09,0.7,50,186550
20240116,11:59:10,0.7,50,186550
20240116,11:59:11,0.7,50,186550
20240116,11:59:12,0.7,50,186550
20240116,11:59:13,0.7,50,186550
20240116,11:59:14,0.7,300,186550
20240116,11:59:15,0.7,50,186550
20240116,11:59:16,0.7,50,186550
20240116,11:59:17,0.7,50,186550
20240116,11:59:18,0.7,50,186550
20240116,11:59:23,0.7,50,186550
20240116,11:59:24,0.7,50,186550
20240116,11:59:26,0.7,50,186550
20240116,11:59:27,0.7,50,186550
20240116,11:59:27,0.65,350,186550
20240116,11:59:28,0.7,650,186550
20240116,11:59:29,0.7,50,186550
20240116,11:59:30,0.7,50,186550
20240116,11:59:57,0.7,50,186550
20240116,11:59:58,0.7,50,189500
20240116,11:59:59,0.65,1550,189500
20240116,12:00:00,0.7,1100,189500
20240116,12:00:01,0.7,50,189500
20240116,12:00:02,0.7,50,189500
20240116,12:00:03,0.7,150,189500
20240116,12:00:04,0.7,150,189500
20240116,12:00:05,0.7,150,189500
20240116,12:00:06,0.7,50,189500
20240116,12:00:07,0.7,50,189500
20240116,12:00:08,0.7,50,189500
20240116,12:00:09,0.7,100,189500
20240116,12:00:10,0.7,50,189500
20240116,12:00:11,0.7,50,189500
20240116,12:00:12,0.7,50,189500
20240116,12:00:13,0.7,5000,189500
20240116,12:00:14,0.7,50,189500
20240116,12:00:15,0.7,50,189500
20240116,12:00:16,0.7,50,189500
20240116,12:00:17,0.7,50,189500
20240116,12:00:18,0.7,50,189500
20240116,12:00:19,0.7,50,189500
20240116,12:00:20,0.7,50,189500
20240116,12:00:21,0.7,50,189500
20240116,12:00:22,0.7,50,189500
20240116,12:00:23,0.7,50,189500
20240116,12:00:24,0.7,50,189500
20240116,12:00:25,0.7,50,189500
20240116,12:00:26,0.7,50,189500
20240116,12:00:27,0.7,50,189500
20240116,12:00:28,0.7,50,189500
20240116,12:00:29,0.7,50,189500
20240116,12:00:30,0.7,50,189500
20240116,12:00:31,0.7,50,189500
20240116,12:00:32,0.7,50,189500
20240116,12:00:33,0.7,100,189500
20240116,12:00:34,0.7,50,189500
20240116,12:00:35,0.7,50,189500
20240116,12:00:36,0.7,50,189500
20240116,12:00:37,0.7,50,189500
20240116,12:00:38,0.7,50,189500
20240116,12:00:39,0.7,50,189500
20240116,12:00:40,0.7,50,189500
20240116,12:00:41,0.7,50,189500
20240116,12:00:42,0.7,50,189500
20240116,12:00:43,0.7,50,189500
20240116,12:00:44,0.7,50,189500
20240116,12:00:45,0.7,50,189500
20240116,12:00:46,0.7,50,189500
20240116,12:00:47,0.7,100,189500
20240116,12:00:48,0.7,50,189500
20240116,12:00:49,0.7,50,189500
20240116,12:00:52,0.7,50,189500
20240116,12:00:55,0.7,50,189500
20240116,12:00:58,0.7,50,189500
20240116,12:00:59,0.7,50,189500
20240116,12:01:00,0.7,50,189500
20240116,12:01:01,0.7,150,189500
20240116,12:01:03,0.7,50,189500
20240116,12:01:08,0.7,50,189500
20240116,12:01:16,0.7,50,189500
20240116,12:01:17,0.7,50,189500
20240116,12:01:18,0.7,50,189500
20240116,12:01:26,0.7,50,189500
20240116,12:01:39,0.65,6500,189500
20240116,12:01:46,0.65,50,189500
20240116,12:02:00,0.65,50,189500
20240116,12:02:01,0.65,50,189500
20240116,12:02:11,0.65,50,189500
20240116,12:02:12,0.65,50,189500
20240116,12:02:13,0.65,50,189500
20240116,12:02:14,0.65,50,189500
20240116,12:02:16,0.65,50,189500
20240116,12:02:18,0.65,50,189500
20240116,12:02:28,0.65,50,189500
20240116,12:02:34,0.65,50,189500
20240116,12:02:50,0.65,650,189500
20240116,12:02:56,0.65,50,187250
20240116,12:03:10,0.65,300,187250
20240116,12:03:11,0.65,400,187250
20240116,12:03:17,0.65,50,187250
20240116,12:03:18,0.65,350,187250
20240116,12:03:33,0.65,50,187250
20240116,12:03:36,0.65,50,187250
20240116,12:03:45,0.65,50,187250
20240116,12:03:46,0.65,150,187250
20240116,12:03:47,0.65,50,187250
20240116,12:03:52,0.6,100,187250
20240116,12:03:55,0.65,50,187250
20240116,12:04:00,0.65,50,187250
20240116,12:04:01,0.65,50,187250
20240116,12:04:05,0.65,300,187250
20240116,12:04:06,0.65,50,187250
20240116,12:04:08,0.65,50,187250
20240116,12:04:09,0.65,50,187250
20240116,12:04:10,0.65,50,187250
20240116,12:04:11,0.65,50,187250
20240116,12:04:12,0.65,50,187250
20240116,12:04:12,0.65,550,187250
20240116,12:04:13,0.65,350,187250
20240116,12:04:14,0.65,750,187250
20240116,12:04:18,0.65,50,187250
20240116,12:04:19,0.65,50,187250
20240116,12:04:20,0.65,50,187250
20240116,12:04:21,0.65,50,187250
20240116,12:04:27,0.65,250,187250
20240116,12:04:31,0.65,250,187250
20240116,12:05:01,0.65,50,187250
20240116,12:05:11,0.6,100,187250
20240116,12:05:12,0.65,50,187250
20240116,12:05:13,0.65,50,187250
20240116,12:05:18,0.65,50,187250
20240116,12:05:19,0.6,50,187250
20240116,12:05:20,0.65,50,187250
20240116,12:05:24,0.65,100,187250
20240116,12:05:33,0.65,50,187250
20240116,12:05:43,0.65,50,187250
20240116,12:05:45,0.65,1800,187250
20240116,12:05:46,0.65,2950,187250
20240116,12:07:50,0.7,50,187200
20240116,12:08:06,0.65,200,187200
20240116,12:09:44,0.7,100,187200
20240116,12:09:52,0.65,50,187200
20240116,12:09:54,0.7,300,187200
20240116,12:10:07,0.65,200,187200
20240116,12:10:10,0.65,600,187200
20240116,12:10:17,0.7,20050,187200
20240116,12:10:20,0.65,150,187200
20240116,12:10:31,0.65,50,187200
20240116,12:10:32,0.65,50,187200
20240116,12:10:33,0.65,50,187200
20240116,12:10:34,0.65,50,187200
20240116,12:10:35,0.65,50,187200
20240116,12:10:36,0.65,200,187200
20240116,12:10:37,0.65,200,187200
20240116,12:11:35,0.7,50,187200
20240116,12:11:36,0.7,50,187200
20240116,12:11:37,0.7,50,187200
20240116,12:11:38,0.7,150,187200
20240116,12:11:39,0.7,150,187200
20240116,12:11:40,0.7,150,187200
20240116,12:11:41,0.7,150,187200
20240116,12:11:42,0.7,150,187200
20240116,12:11:44,0.7,50,187200
20240116,12:11:45,0.7,50,187200
20240116,12:11:46,0.7,150,187200
20240116,12:11:47,0.7,150,187200
20240116,12:11:48,0.7,150,187200
20240116,12:11:49,0.7,150,187200
20240116,12:11:50,0.7,150,187200
20240116,12:11:51,0.7,150,187200
20240116,12:11:52,0.7,150,187200
20240116,12:11:53,0.7,150,175650
20240116,12:11:54,0.7,150,175650
20240116,12:11:56,0.7,50,175650
20240116,12:11:58,0.7,50,175650
20240116,12:11:59,0.7,50,175650
20240116,12:11:59,0.7,12750,175650
20240116,12:12:01,0.75,50,175650
20240116,12:12:02,0.75,50,175650
20240116,12:12:03,0.7,350,175650
20240116,12:12:04,0.75,50,175650
20240116,12:12:05,0.7,650,175650
20240116,12:12:06,0.75,50,175650
20240116,12:12:07,0.75,50,175650
20240116,12:12:08,0.75,50,175650
20240116,12:12:09,0.75,50,175650
20240116,12:12:10,0.75,50,175650
20240116,12:12:11,0.75,150,175650
20240116,12:12:12,0.75,150,175650
20240116,12:12:13,0.75,150,175650
20240116,12:12:20,0.7,300,175650
20240116,12:12:20,0.7,50,175650
20240116,12:12:24,0.7,250,175650
20240116,12:12:25,0.7,300,175650
20240116,12:12:26,0.75,300,175650
20240116,12:12:29,0.75,50,175650
20240116,12:12:30,0.75,50,175650
20240116,12:12:35,0.75,50,175650
20240116,12:12:36,0.75,300,175650
20240116,12:12:37,0.75,50,175650
20240116,12:12:38,0.75,50,175650
20240116,12:12:39,0.75,50,175650
20240116,12:12:40,0.75,50,175650
20240116,12:12:41,0.75,50,175650
20240116,12:12:42,0.75,50,175650
20240116,12:12:43,0.75,50,175650
20240116,12:12:44,0.75,50,175650
20240116,12:12:45,0.75,50,175650
20240116,12:12:46,0.75,50,175650
20240116,12:12:47,0.75,50,175650
20240116,12:12:48,0.75,50,175650
20240116,12:12:49,0.75,50,175650
20240116,12:12:50,0.75,50,175650
20240116,12:12:51,0.75,50,175650
20240116,12:12:52,0.75,50,175650
20240116,12:12:53,0.75,50,175650
20240116,12:12:54,0.7,100,175650
20240116,12:12:55,0.75,50,175650
20240116,12:13:07,0.75,100,175650
20240116,12:13:32,0.7,50,175650
20240116,12:13:35,0.7,50,175650
20240116,12:13:43,0.7,50,175650
20240116,12:13:50,0.7,250,175650
20240116,12:13:57,0.75,50,175650
20240116,12:13:58,0.75,50,175650
20240116,12:13:59,0.75,50,175650
20240116,12:13:59,0.7,350,175650
20240116,12:14:00,0.75,50,175650
20240116,12:14:01,0.75,50,175650
20240116,12:14:02,0.75,50,175650
20240116,12:14:03,0.75,200,175650
20240116,12:14:04,0.75,50,175650
20240116,12:14:05,0.75,50,175650
20240116,12:14:06,0.75,50,175650
20240116,12:14:07,0.75,300,175650
20240116,12:14:08,0.75,50,175650
20240116,12:14:09,0.75,50,175650
20240116,12:14:10,0.75,50,175650
20240116,12:14:11,0.75,50,175650
20240116,12:14:12,0.7,1200,175650
20240116,12:14:13,0.75,50,175650
20240116,12:14:14,0.75,50,175650
20240116,12:14:15,0.75,50,175650
20240116,12:14:16,0.75,50,175650
20240116,12:14:17,0.75,50,175650
20240116,12:14:18,0.75,50,175650
20240116,12:14:19,0.75,50,175650
20240116,12:14:20,0.75,50,175650
20240116,12:14:21,0.75,50,175650
20240116,12:14:22,0.75,50,175650
20240116,12:14:23,0.75,50,175650
20240116,12:14:24,0.75,50,175650
20240116,12:14:25,0.75,50,175650
20240116,12:14:26,0.75,50,175650
20240116,12:14:27,0.75,50,175650
20240116,12:14:28,0.75,50,175650
20240116,12:14:29,0.75,50,175650
20240116,12:14:31,0.75,50,175650
20240116,12:14:33,0.75,50,175650
20240116,12:14:33,0.7,50,175650
20240116,12:14:34,0.75,300,175650
20240116,12:14:41,0.75,50,175650
20240116,12:14:43,0.7,50,175650
20240116,12:14:45,0.75,50,175650
20240116,12:14:46,0.7,50,175650
20240116,12:14:53,0.75,50,188450
20240116,12:14:58,0.7,50,188450
20240116,12:15:17,0.7,100,188450
20240116,12:15:18,0.75,50,188450
20240116,12:15:21,0.75,50,188450
20240116,12:15:22,0.75,50,188450
20240116,12:15:24,0.75,50,188450
20240116,12:15:25,0.75,50,188450
20240116,12:15:27,0.75,100,188450
20240116,12:15:29,0.75,50,188450
20240116,12:15:31,0.75,50,188450
20240116,12:15:32,0.75,50,188450
20240116,12:15:33,0.75,50,188450
20240116,12:15:34,0.75,50,188450
20240116,12:15:35,0.75,50,188450
20240116,12:15:36,0.75,50,188450
20240116,12:15:37,0.75,50,188450
20240116,12:15:38,0.75,50,188450
20240116,12:15:39,0.75,50,188450
20240116,12:15:40,0.75,50,188450
20240116,12:15:41,0.75,50,188450
20240116,12:15:42,0.75,50,188450
20240116,12:15:43,0.75,50,188450
20240116,12:15:44,0.75,50,188450
20240116,12:15:45,0.75,50,188450
20240116,12:15:45,0.75,3100,188450
20240116,12:15:46,0.75,50,188450
20240116,12:15:47,0.75,50,188450
20240116,12:15:48,0.75,50,188450
20240116,12:15:49,0.75,50,188450
20240116,12:15:50,0.75,50,188450
20240116,12:15:51,0.75,50,188450
20240116,12:15:53,0.7,550,188450
20240116,12:16:03,0.7,50,188450
20240116,12:16:17,0.7,250,188450
20240116,12:16:42,0.7,250,188450
20240116,12:17:08,0.7,200,188450
20240116,12:17:12,0.75,50,188450
20240116,12:17:13,0.75,50,188450
20240116,12:17:14,0.75,50,188450
20240116,12:17:15,0.75,50,188450
20240116,12:17:16,0.75,50,188450
20240116,12:17:17,0.75,50,188450
20240116,12:17:18,0.75,50,188450
20240116,12:17:19,0.75,100,188450
20240116,12:17:20,0.75,50,188450
20240116,12:17:21,0.75,50,188450
20240116,12:17:22,0.75,50,188450
20240116,12:17:23,0.75,50,188450
20240116,12:17:24,0.75,50,188450
20240116,12:17:25,0.75,50,188450
20240116,12:17:26,0.75,50,188450
20240116,12:17:27,0.75,50,188450
20240116,12:17:28,0.75,1850,188450
20240116,12:17:29,0.75,50,188450
20240116,12:17:30,0.75,1850,188450
20240116,12:17:31,0.75,2450,188450
20240116,12:17:32,0.75,50,188450
20240116,12:17:33,0.8,9850,188450
