date,time,tick_price,volume,open_interest
20231218,09:21:39,436.4,50,50
20231218,12:08:17,404.9,50,50
20231218,13:51:09,404.9,50,50
20231220,09:41:32,293.0,1,50
20231220,09:41:32,293.0,50,50
20231220,10:12:45,299.55,50,100
20231220,10:13:59,299.55,250,100
20231220,10:16:22,299.55,200,400
20231220,10:16:30,292.6,1400,400
20231220,10:16:56,295.25,300,400
20231220,10:19:28,291.6,250,2250
20231220,10:21:59,291.6,1150,2500
20231220,10:22:23,293.8,1150,2500
20231220,10:22:30,293.8,50,2500
20231220,10:25:12,293.0,50,4850
20231220,10:36:40,293.2,400,4800
20231220,10:37:02,293.6,250,4800
20231220,10:37:10,296.8,100,4800
20231220,10:39:13,289.85,400,5550
20231220,10:39:21,289.85,250,5550
20231220,10:41:34,285.8,100,5550
20231220,10:41:42,285.4,50,5550
20231220,10:41:51,284.6,150,5550
20231220,10:44:38,279.55,400,6350
20231220,10:44:45,279.15,250,6350
20231220,10:45:17,277.45,250,6850
20231220,10:47:21,273.85,400,6850
20231220,10:47:37,273.45,250,6850
20231220,10:48:02,273.05,800,7750
20231220,10:48:18,272.05,400,7750
20231220,10:48:35,272.05,250,7750
20231220,10:50:00,272.7,400,7750
20231220,10:50:08,273.2,250,7750
20231220,10:52:15,276.4,400,9750
20231220,10:52:30,276.15,250,9750
20231220,10:54:36,276.05,350,10400
20231220,10:55:21,277.65,50,10400
20231220,10:56:01,277.65,50,10400
20231220,11:04:32,271.7,400,10800
20231220,11:12:28,270.65,400,11200
20231220,11:12:36,270.65,350,11200
20231220,11:19:30,282.65,50,11650
20231220,11:31:13,293.1,100,11650
20231220,11:35:17,300.75,50,11550
20231220,11:36:26,300.75,500,11600
20231220,11:37:17,294.05,50,11600
20231220,11:40:14,293.9,200,12050
20231220,11:42:45,303.35,500,12050
20231220,11:42:47,303.35,50,12050
20231220,11:44:01,305.7,50,12050
20231220,11:44:06,305.7,50,12050
20231220,11:45:31,304.8,500,12550
20231220,11:47:24,308.65,50,12550
20231220,11:51:23,318.65,50,12150
20231220,11:51:43,318.65,50,12150
20231220,11:51:47,316.95,200,12150
20231220,11:51:50,316.15,500,12150
20231220,11:55:10,319.15,50,12600
20231220,11:56:01,319.15,50,12600
20231220,11:56:27,314.1,500,12600
20231220,11:59:12,307.9,1100,12050
20231220,12:02:17,314.95,50,11750
20231220,12:11:02,312.55,200,11700
20231220,12:11:11,315.0,250,11700
20231220,12:20:02,328.1,300,11950
20231220,12:23:25,328.1,50,11950
20231220,12:25:48,319.9,200,11900
20231220,12:29:09,325.45,50,11950
20231220,12:34:34,320.65,50,11900
20231220,12:37:54,322.7,50,11900
20231220,12:43:52,310.15,50,11900
20231220,12:47:22,312.05,50,11900
20231220,12:48:27,308.75,50,11850
20231220,12:54:10,306.65,50,11850
20231220,13:01:48,318.65,50,11800
20231220,13:02:22,317.7,50,11800
20231220,13:05:20,315.25,150,11800
20231220,13:08:47,321.85,50,11800
20231220,13:09:03,323.25,50,11800
20231220,13:10:11,337.15,50,11850
20231220,13:10:55,340.6,50,11850
20231220,13:11:55,342.15,50,11850
20231220,13:12:14,342.15,50,11850
20231220,13:12:59,340.9,50,11800
20231220,13:13:48,347.45,1000,11800
20231220,13:14:07,349.9,100,11800
20231220,13:14:35,345.1,50,11800
20231220,13:14:44,342.2,50,11800
20231220,13:15:12,345.85,50,11800
20231220,13:15:40,344.15,50,12850
20231220,13:16:25,344.7,100,12850
20231220,13:17:02,348.4,50,12850
20231220,13:17:12,349.2,50,12850
20231220,13:17:22,345.8,500,12850
20231220,13:17:31,348.4,50,12850
20231220,13:17:40,348.6,50,12850
20231220,13:17:49,349.6,50,12850
20231220,13:18:00,348.75,100,12850
20231220,13:18:20,348.7,350,12800
20231220,13:19:27,348.3,50,12800
20231220,13:19:38,352.3,50,12800
20231220,13:20:10,371.95,550,12800
20231220,13:20:30,371.95,500,12800
20231220,13:20:48,354.25,400,12800
20231220,13:21:36,350.5,400,13000
20231220,13:21:56,344.25,1000,13000
20231220,13:23:01,354.4,50,13000
20231220,13:23:57,356.95,50,13000
20231220,13:24:28,363.6,50,13000
20231220,13:24:49,364.6,1000,11950
20231220,13:25:50,366.4,50,11950
20231220,13:26:20,370.25,150,11950
20231220,13:26:30,372.35,1000,11950
20231220,13:26:41,374.85,450,11950
20231220,13:27:11,379.85,300,11950
20231220,13:27:32,385.2,200,13650
20231220,13:27:43,388.8,400,13650
20231220,13:27:54,396.0,450,13650
20231220,13:28:16,404.4,200,13650
20231220,13:28:27,409.8,1250,13650
20231220,13:28:38,403.3,200,13650
20231220,13:28:58,396.65,250,13650
20231220,13:29:17,390.55,500,13650
20231220,13:29:36,389.35,1650,13650
20231220,13:29:56,386.45,50,13650
20231220,13:30:05,390.25,50,13650
20231220,13:30:15,392.4,550,13650
20231220,13:30:24,391.8,400,10250
20231220,13:31:06,401.9,500,10250
20231220,13:31:16,403.75,300,10250
20231220,13:31:39,405.7,350,10250
20231220,13:31:49,405.0,300,10250
20231220,13:32:19,410.85,50,10250
20231220,13:32:39,414.55,250,10250
20231220,13:32:51,418.35,100,10250
20231220,13:32:56,419.5,50,10250
20231220,13:32:59,419.5,50,10250
20231220,13:33:12,409.95,50,10250
20231220,13:33:19,415.7,250,10250
20231220,13:33:53,413.95,600,9650
20231220,13:34:01,416.25,50,9650
20231220,13:34:10,415.4,50,9650
20231220,13:34:38,442.0,1050,9650
20231220,13:34:48,424.6,100,9650
20231220,13:34:58,429.9,150,9650
20231220,13:35:07,428.4,50,9650
20231220,13:35:17,429.95,50,9650
20231220,13:35:36,439.0,50,9650
20231220,13:35:46,435.9,1150,9650
20231220,13:35:55,440.6,50,9650
20231220,13:36:05,440.25,50,9650
20231220,13:36:34,442.5,150,10200
20231220,13:37:23,453.15,150,10200
20231220,13:37:32,455.0,1100,10200
20231220,13:37:40,450.0,50,10200
20231220,13:37:49,446.55,250,10200
20231220,13:37:59,438.2,650,10200
20231220,13:38:08,438.5,50,10200
20231220,13:38:17,434.35,200,10200
20231220,13:38:36,425.4,100,10200
20231220,13:38:45,427.75,50,10200
20231220,13:38:54,427.2,100,10200
20231220,13:39:03,427.6,50,10200
20231220,13:39:12,425.5,100,10200
20231220,13:39:21,427.75,50,10200
20231220,13:39:31,416.0,50,8050
20231220,13:39:43,407.2,50,8050
20231220,13:39:53,403.4,50,8050
20231220,13:40:04,404.3,500,8050
20231220,13:40:33,405.0,500,8050
20231220,13:40:43,411.5,1050,8050
20231220,13:40:52,424.2,150,8050
20231220,13:41:31,418.35,1450,8050
20231220,13:41:51,406.65,100,8050
20231220,13:42:01,406.9,50,8050
20231220,13:42:29,403.5,50,9350
20231220,13:42:38,402.75,50,9350
20231220,13:42:47,411.05,50,9350
20231220,13:43:25,409.7,50,9350
20231220,13:43:34,407.95,150,9350
20231220,13:43:43,409.75,100,9350
20231220,13:44:10,405.4,50,9350
20231220,13:44:38,406.8,50,9350
20231220,13:44:56,407.05,50,9350
20231220,13:45:14,407.0,50,9350
20231220,13:45:23,406.15,50,9100
20231220,13:45:42,404.95,100,9100
20231220,13:46:10,416.4,50,9100
20231220,13:46:20,418.9,50,9100
20231220,13:46:46,422.15,50,9100
20231220,13:46:55,420.85,50,9100
20231220,13:47:04,417.2,1250,9100
20231220,13:47:13,421.2,50,9100
20231220,13:47:22,421.9,50,9100
20231220,13:47:31,425.1,50,9100
20231220,13:47:49,422.6,550,9100
20231220,13:47:58,421.75,50,9100
20231220,13:48:50,418.45,50,9400
20231220,13:49:33,421.7,50,9400
20231220,13:49:50,423.8,50,9400
20231220,13:49:59,426.6,50,9400
20231220,13:51:42,450.65,50,9400
20231220,13:51:52,445.3,200,9400
20231220,13:52:01,444.25,50,9400
20231220,13:52:10,449.85,100,9400
20231220,13:52:19,448.8,50,9400
20231220,13:52:45,446.2,50,9400
20231220,13:52:54,447.55,550,9400
20231220,13:53:20,449.8,50,9400
20231220,13:53:29,448.35,50,9400
20231220,13:53:47,444.8,50,9400
20231220,13:54:04,446.05,50,9400
20231220,13:54:15,434.8,50,9400
20231220,13:54:36,435.25,50,9000
20231220,13:54:45,433.35,50,9000
20231220,13:55:03,425.25,100,9000
20231220,13:55:13,430.55,50,9000
20231220,13:55:31,431.6,50,9000
20231220,13:55:49,433.45,50,9000
20231220,13:56:06,435.7,50,9000
20231220,13:56:15,437.8,50,9000
20231220,13:56:24,440.95,100,9000
20231220,13:56:52,446.95,50,9000
20231220,13:57:01,445.2,50,9000
20231220,13:57:19,434.7,150,9000
20231220,13:57:28,434.05,50,9050
20231220,13:57:46,440.4,50,9050
20231220,13:58:38,441.85,200,9050
20231220,13:58:47,439.05,50,9050
20231220,13:58:55,437.9,100,9050
20231220,13:59:04,438.7,50,9050
20231220,13:59:12,438.0,50,9050
20231220,13:59:56,439.3,50,9050
20231220,14:00:22,436.4,50,9050
20231220,14:00:49,445.0,50,9200
20231220,14:01:16,441.8,50,9200
20231220,14:02:27,456.25,250,9200
20231220,14:02:48,456.85,50,9200
20231220,14:02:58,461.8,100,9200
20231220,14:03:07,463.2,50,9200
20231220,14:03:26,466.6,50,9200
20231220,14:03:36,466.6,50,9400
20231220,14:03:46,473.65,50,9400
20231220,14:04:08,485.3,50,9400
20231220,14:04:19,485.3,50,9400
20231220,14:04:29,483.6,100,9400
20231220,14:05:00,496.2,50,9400
20231220,14:05:10,499.0,100,9400
20231220,14:05:21,500.3,50,9400
20231220,14:05:32,500.8,200,9400
20231220,14:05:51,490.8,50,9400
20231220,14:06:09,499.35,600,9400
20231220,14:06:19,499.6,550,9400
20231220,14:06:28,501.6,200,10100
20231220,14:06:47,500.95,50,10100
20231220,14:06:57,509.1,50,10100
20231220,14:07:38,510.05,200,10100
20231220,14:08:09,510.75,100,10100
20231220,14:08:54,500.8,50,10100
20231220,14:09:04,486.05,100,10100
20231220,14:09:15,482.85,50,10100
20231220,14:10:13,443.05,500,10200
20231220,14:11:26,480.6,500,10200
20231220,14:11:44,480.7,150,10200
20231220,14:15:51,503.25,50,10700
20231220,14:16:00,498.6,50,10700
20231220,14:17:15,460.55,500,10700
20231220,14:17:47,508.05,500,10700
20231220,14:22:02,457.25,950,10750
20231220,14:23:20,462.3,350,10750
20231220,14:25:01,474.5,50,10850
20231220,14:25:10,476.65,700,10850
20231220,14:25:29,472.15,250,10850
20231220,14:26:08,487.2,50,10850
20231220,14:26:18,485.2,50,10850
20231220,14:26:27,486.1,50,10850
20231220,14:26:36,482.7,50,10850
20231220,14:28:47,475.1,50,11400
20231220,14:30:43,479.95,100,11400
20231220,14:30:52,480.3,50,11400
20231220,14:31:29,491.9,100,11400
20231220,14:32:44,497.05,400,11400
20231220,14:34:08,509.1,50,11050
20231220,14:35:35,504.9,50,11050
20231220,14:35:53,515.0,50,11050
20231220,14:41:57,531.95,50,11000
20231220,14:42:39,537.85,100,11000
20231220,14:43:42,543.95,50,11000
20231220,14:45:50,543.95,50,10900
20231220,14:46:20,540.85,400,10900
20231220,14:46:57,534.55,500,10900
20231220,14:50:43,544.8,50,10400
20231220,14:51:31,549.8,200,10450
20231220,14:53:27,570.05,1000,10450
20231220,14:54:26,570.05,50,10450
20231220,14:55:26,522.85,1000,11500
20231220,14:57:04,527.5,1000,11500
20231220,14:57:14,528.4,50,11500
20231220,15:00:54,551.95,1000,11450
20231220,15:03:31,594.6,100,11450
20231220,15:05:20,598.4,50,10600
20231220,15:05:48,598.4,100,10600
20231220,15:06:43,594.4,100,10650
20231220,15:19:44,604.5,50,10750
20231220,15:21:03,640.5,500,10750
20231220,15:21:15,625.2,500,10750
20231220,15:28:57,652.85,100,10400
20231221,09:21:47,695.7,1,10400
20231221,09:21:47,695.7,100,10400
20231221,09:33:46,730.5,50,10300
20231221,10:39:15,730.5,100,10300
20231221,10:41:43,643.0,100,10300
20231221,11:07:49,608.75,100,10300
20231221,11:33:05,599.8,50,10300
20231221,11:44:27,599.8,50,10300
20231221,14:55:32,498.85,50,10250
20231221,14:55:41,498.6,50,10250
20231221,14:55:51,498.6,50,10250
20231221,14:56:00,498.5,50,10250
20231221,15:01:03,498.5,50,10450
20231221,15:01:33,491.05,50,10450
20231221,15:02:34,491.05,50,10450
20231222,09:16:09,518.2,1,10500
20231222,09:16:09,518.2,100,10500
20231222,09:16:28,507.6,150,10500
20231222,09:19:43,503.55,50,10400
20231222,09:25:25,503.55,200,10450
20231222,09:26:00,506.65,200,10450
20231222,09:31:07,518.85,50,10250
20231222,09:31:35,525.9,2750,10250
20231222,09:31:37,525.9,600,10250
20231222,09:31:40,516.0,250,10250
20231222,09:31:42,517.6,50,10250
20231222,09:32:00,516.1,250,10250
20231222,09:34:47,504.05,50,11500
20231222,09:39:20,492.4,250,11450
20231222,09:39:52,492.4,700,11450
20231222,09:40:36,501.9,100,11450
20231222,09:40:38,500.25,950,11450
20231222,09:40:55,502.85,200,11450
20231222,09:42:53,498.2,950,9350
20231222,09:43:10,493.05,100,9350
20231222,09:43:31,493.95,250,9350
20231222,09:43:51,489.55,250,9350
20231222,09:44:54,489.55,2750,9650
20231222,09:46:21,487.85,500,9650
20231222,09:46:56,478.8,50,9650
20231222,09:50:04,462.35,50,6950
20231222,09:50:51,462.35,50,7000
20231222,09:51:56,465.45,50,7000
20231222,09:52:29,464.9,150,7000
20231222,09:53:46,461.0,50,6900
20231222,09:53:49,461.0,50,6900
20231222,09:54:17,461.0,50,6900
20231222,09:55:37,464.15,250,6900
20231222,09:56:03,462.15,500,6900
20231222,09:56:27,463.45,500,6900
20231222,09:56:47,466.45,500,8000
20231222,09:56:55,466.3,350,8000
20231222,09:57:23,470.5,250,8000
20231222,09:58:00,467.85,50,8000
20231222,10:05:09,454.0,250,8450
20231222,10:06:19,452.15,50,8200
20231222,10:06:32,449.55,50,8200
20231222,10:08:35,446.5,50,8200
20231222,10:09:44,445.1,50,8200
20231222,10:18:26,436.85,100,8300
20231222,10:18:36,436.85,100,8300
20231222,10:19:31,440.1,50,8300
20231222,10:19:32,439.15,400,8300
20231222,10:19:41,441.35,50,8300
20231222,10:20:30,439.9,50,8300
20231222,10:21:38,438.85,250,7850
20231222,10:22:15,439.9,50,7850
20231222,10:26:15,438.2,50,7850
20231222,10:26:46,435.7,50,7600
20231222,10:29:12,432.45,300,7600
20231222,10:29:43,430.0,50,7250
20231222,10:30:00,427.85,50,7250
20231222,10:32:36,427.8,50,7300
20231222,10:34:30,427.8,400,7300
20231222,10:34:32,429.9,100,7300
20231222,10:35:37,435.6,350,6750
20231222,10:38:01,432.0,50,6750
20231222,10:40:05,432.0,50,6800
20231222,10:44:55,437.35,50,6800
20231222,10:49:49,427.0,50,6850
20231222,10:52:05,418.1,50,6850
20231222,10:58:42,408.1,50,6850
20231222,11:00:17,401.1,50,6900
20231222,11:01:29,400.15,700,6900
20231222,11:03:19,399.75,250,6900
20231222,11:07:59,399.75,150,6900
20231222,11:14:35,412.2,250,6900
20231222,11:16:29,415.65,300,6750
20231222,11:20:37,424.9,200,6750
20231222,11:49:15,411.2,50,6750
20231222,11:51:23,417.7,50,6750
20231222,12:03:03,411.3,50,6750
20231222,12:08:37,419.15,50,6750
20231222,12:10:12,418.2,50,6750
20231222,12:21:12,449.9,50,6750
20231222,12:21:18,449.7,50,6750
20231222,12:42:09,479.8,50,6750
20231222,12:42:47,479.8,50,6750
20231222,12:43:39,470.8,50,6750
20231222,12:46:42,448.35,450,6600
20231222,12:48:01,431.95,50,6200
20231222,13:03:19,427.45,50,6150
20231222,13:07:21,437.3,50,6200
20231222,13:08:48,437.3,50,6200
20231222,13:10:11,441.2,50,6200
20231222,13:17:00,441.55,100,6250
20231222,13:34:06,449.0,50,6300
20231222,13:35:43,455.1,100,6300
20231222,13:38:04,448.05,50,6350
20231222,13:41:46,481.5,50,6400
20231222,13:42:28,480.85,50,6400
20231222,13:43:16,484.85,50,6400
20231222,13:43:27,484.6,50,6400
20231222,13:47:04,487.75,50,6200
20231222,13:50:35,523.95,50,6150
20231222,13:54:04,494.5,50,6150
20231222,13:54:44,489.15,100,6100
20231222,13:58:20,520.0,100,6100
20231222,14:00:05,517.7,50,6000
20231222,14:21:00,445.95,100,5950
20231222,14:26:11,471.5,50,5850
20231222,14:26:58,463.75,50,5850
20231222,14:28:32,458.55,250,5850
20231222,14:29:50,464.0,250,5850
20231222,14:45:43,410.0,50,5850
20231222,14:46:49,414.6,50,5850
20231222,14:50:38,415.6,750,5850
20231222,14:52:49,427.35,50,5850
20231222,14:56:01,410.85,700,6600
20231222,15:07:09,443.2,150,6450
20231222,15:08:04,433.0,200,6450
20231222,15:09:01,435.2,50,6450
20231222,15:11:49,434.2,50,6500
20231222,15:12:01,436.15,200,6500
20231222,15:17:27,445.25,150,6750
20231222,15:22:11,444.9,100,6600
20231222,15:22:13,444.9,50,6600
20231222,15:22:25,444.9,600,6600
20231222,15:23:19,444.6,150,6600
20231222,15:24:23,446.45,1000,6050
20231222,15:25:08,451.15,50,6050
20231222,15:25:19,452.0,250,6050
20231222,15:25:21,452.0,1500,6050
20231222,15:26:09,457.25,50,6050
20231222,15:26:36,458.75,50,6050
20231222,15:27:09,458.0,50,6050
20231222,15:27:50,446.1,150,5400
20231226,09:16:08,445.45,1,5400
20231226,09:16:08,445.5,200,5400
20231226,09:17:12,443.05,100,5400
20231226,09:21:23,443.0,50,5600
20231226,09:23:43,435.5,50,5600
20231226,09:28:36,435.5,50,5650
20231226,09:31:14,444.0,50,5650
20231226,09:40:46,435.3,250,5650
20231226,09:43:10,428.1,100,5650
20231226,10:03:44,385.65,50,5550
20231226,10:04:04,385.65,50,5550
20231226,10:09:15,388.95,50,5600
20231226,10:16:50,392.0,50,5600
20231226,10:18:53,392.0,50,5650
20231226,10:21:30,390.55,50,5650
20231226,10:21:49,393.95,50,5650
20231226,10:22:44,380.0,150,5650
20231226,10:24:00,380.0,50,5650
20231226,10:25:06,374.6,50,5650
20231226,10:29:06,374.6,50,5600
20231226,10:29:16,372.0,50,5600
20231226,10:33:43,370.0,50,5600
20231226,10:39:35,357.05,50,5600
20231226,10:39:54,352.3,200,5600
20231226,10:40:24,349.45,50,5600
20231226,10:42:39,349.35,50,5650
20231226,10:44:40,349.35,50,5650
20231226,10:44:59,352.3,500,5550
20231226,10:45:26,353.4,100,5550
20231226,10:47:14,354.15,400,5550
20231226,10:47:39,355.05,150,5550
20231226,10:50:24,362.0,50,6100
20231226,10:51:00,359.25,50,6050
20231226,10:53:18,353.05,250,6050
20231226,10:56:28,362.5,50,6050
20231226,10:58:55,361.4,50,6100
20231226,11:23:43,373.55,50,6100
20231226,11:29:53,372.9,150,6100
20231226,11:31:21,375.6,150,6100
20231226,11:35:17,368.55,400,6100
20231226,12:21:29,357.55,100,6100
20231226,12:24:45,353.0,50,6100
20231226,12:25:02,351.95,200,6100
20231226,12:31:29,356.8,50,6100
20231226,12:39:27,368.0,50,6050
20231226,12:41:58,370.0,50,6050
20231226,12:47:02,385.0,50,6100
20231226,12:59:30,375.8,300,6050
20231226,13:00:26,372.15,100,6350
20231226,13:01:26,367.0,50,6350
20231226,13:01:39,369.35,250,6350
20231226,13:03:24,395.0,50,6700
20231226,13:03:47,395.65,100,6700
20231226,13:04:46,400.75,50,6700
20231226,13:08:50,379.45,50,6650
20231226,13:08:59,380.6,50,6650
20231226,13:13:52,373.45,100,6550
20231226,13:18:25,368.0,50,6550
20231226,13:21:38,371.45,50,6600
20231226,13:23:39,379.2,50,6600
20231226,13:23:46,378.0,250,6600
20231226,13:24:33,375.9,100,6950
20231226,13:24:34,376.2,250,6950
20231226,13:27:14,383.2,200,7300
20231226,13:33:07,370.25,50,7500
20231226,13:37:03,370.0,50,7550
20231226,13:44:28,358.55,50,7600
20231226,13:48:31,367.15,150,7600
20231226,13:50:01,370.05,50,7600
20231226,14:04:25,370.05,50,7700
20231226,14:10:40,369.25,50,7750
20231226,14:15:51,376.2,150,7750
20231226,14:20:38,354.1,50,7800
20231226,14:21:13,348.15,50,7850
20231226,14:21:18,345.0,100,7850
20231226,14:21:55,340.0,50,7850
20231226,14:25:54,340.0,400,7850
20231226,14:33:32,357.1,50,8250
20231226,14:39:03,352.05,50,8250
20231226,14:43:25,375.0,50,8200
20231226,14:49:18,366.05,50,8150
20231226,14:51:46,373.8,50,8200
20231226,14:52:18,375.7,50,8200
20231226,14:52:39,379.0,50,8200
20231226,15:02:08,384.55,250,8100
20231226,15:19:02,360.0,50,7950
20231226,15:20:05,353.95,100,7950
20231226,15:20:28,356.9,50,7950
20231226,15:23:55,356.9,50,8050
20231226,15:26:00,350.3,50,8050
20231226,15:26:16,348.75,400,8050
20231226,15:28:04,347.9,50,7800
20231226,15:29:37,347.6,50,7800
20231227,09:16:05,322.0,1,7850
20231227,09:16:05,322.0,250,7850
20231227,09:16:14,320.55,50,7850
20231227,09:16:24,320.55,50,7850
20231227,09:16:41,325.5,50,7850
20231227,09:17:07,325.95,50,7850
20231227,09:17:16,326.0,250,7850
20231227,09:17:59,326.0,100,7800
20231227,09:18:38,324.25,100,7800
20231227,09:18:55,318.9,500,7800
20231227,09:18:57,318.9,50,7800
20231227,09:19:04,318.95,50,7800
20231227,09:19:30,317.35,400,7800
20231227,09:19:31,317.25,100,7800
20231227,09:19:38,315.95,250,7800
20231227,09:20:12,312.0,50,7800
20231227,09:20:14,312.0,50,7800
20231227,09:20:24,311.45,50,7800
20231227,09:20:58,309.8,50,7950
20231227,09:24:33,309.8,50,8000
20231227,09:25:05,315.7,200,8000
20231227,09:28:04,311.5,50,8200
20231227,09:29:01,311.5,50,8200
20231227,09:30:02,303.6,50,8100
20231227,09:30:10,302.25,50,8100
20231227,09:30:15,302.25,50,8100
20231227,09:31:11,303.3,50,8100
20231227,09:31:39,303.5,50,8100
20231227,09:33:01,306.2,100,8200
20231227,09:39:08,304.8,50,8200
20231227,09:39:11,302.0,250,8200
20231227,09:39:16,302.0,100,8200
20231227,09:39:27,303.2,50,8200
20231227,09:39:41,299.7,100,8200
20231227,09:41:44,299.3,50,8600
20231227,09:43:32,293.85,50,8600
20231227,09:43:54,293.4,50,8600
20231227,09:44:02,293.4,300,8600
20231227,09:45:01,291.15,50,8900
20231227,09:45:03,291.1,50,8900
20231227,09:45:21,291.1,100,8900
20231227,09:45:46,294.95,100,8900
20231227,09:46:30,296.3,50,8900
20231227,09:47:00,295.25,50,8900
20231227,09:51:08,294.35,50,9150
20231227,09:51:16,292.35,50,9150
20231227,09:51:31,290.85,50,9150
20231227,09:51:42,289.6,50,9150
20231227,09:51:44,289.6,50,9150
20231227,09:51:52,291.0,50,9150
20231227,09:53:39,292.05,200,9150
20231227,09:53:49,292.1,300,9600
20231227,10:00:23,297.3,600,9600
20231227,10:00:43,296.8,200,9600
20231227,10:00:56,297.95,50,9600
20231227,10:07:09,299.0,250,10050
20231227,10:07:35,297.95,100,10050
20231227,10:08:18,289.5,50,10050
20231227,10:08:35,289.45,50,10050
20231227,10:09:42,289.45,100,9950
20231227,10:09:47,296.95,50,9950
20231227,10:09:50,297.7,150,9950
20231227,10:10:07,299.5,50,9950
20231227,10:10:26,301.55,50,9950
20231227,10:10:33,301.5,1000,9950
20231227,10:12:02,293.75,450,9950
20231227,10:12:40,296.05,50,10600
20231227,10:15:01,293.85,350,10650
20231227,10:16:50,294.35,50,10650
20231227,10:20:02,296.4,50,11050
20231227,10:20:04,296.3,300,11050
20231227,10:21:36,291.2,50,11250
20231227,10:21:50,291.6,400,11250
20231227,10:22:03,293.95,250,11250
20231227,10:22:53,293.1,250,11250
20231227,10:23:07,292.85,550,11250
20231227,10:25:56,292.65,50,12750
20231227,10:27:13,284.0,50,12750
20231227,10:27:45,284.0,50,12750
20231227,10:28:05,283.95,50,12750
20231227,10:28:51,282.5,50,12750
20231227,10:28:56,280.0,750,12750
20231227,10:28:58,279.4,150,12750
20231227,10:29:23,279.4,50,12750
20231227,10:30:08,281.1,100,13050
20231227,10:30:09,281.45,50,13050
20231227,10:30:48,277.35,50,13050
20231227,10:30:54,276.05,200,13050
20231227,10:31:06,276.05,600,13050
20231227,10:31:30,277.7,50,13050
20231227,10:33:28,281.9,50,13850
20231227,10:35:07,281.85,100,13850
20231227,10:37:03,283.0,400,13900
20231227,10:37:13,284.45,50,13900
20231227,10:37:14,284.45,300,13900
20231227,10:37:21,284.5,100,13900
20231227,10:37:42,282.0,100,13900
20231227,10:42:20,288.0,50,14000
20231227,10:44:43,292.8,50,14000
20231227,10:44:48,291.65,50,14000
20231227,10:47:08,295.25,100,14000
20231227,10:47:16,293.8,600,14000
20231227,10:52:48,288.8,50,13400
20231227,10:55:34,288.55,50,13400
20231227,10:57:25,287.9,50,13500
20231227,10:57:48,286.05,50,13500
20231227,10:58:38,286.65,50,13500
20231227,10:58:39,286.05,50,13500
20231227,10:59:35,288.9,50,13500
20231227,11:15:06,278.0,50,13550
20231227,11:15:36,281.2,200,13550
20231227,11:24:13,288.85,50,13600
20231227,11:24:40,286.75,50,13600
20231227,11:30:22,283.7,50,13650
20231227,11:32:51,282.75,250,13650
20231227,11:34:35,282.4,100,13850
20231227,11:34:45,281.2,500,13850
20231227,11:34:47,281.35,50,13850
20231227,11:34:52,280.7,50,13850
20231227,11:34:53,280.55,150,13850
20231227,11:35:47,280.8,100,13850
20231227,11:36:51,281.7,50,14350
20231227,11:39:07,276.0,50,14400
20231227,11:39:31,276.0,50,14400
20231227,11:40:50,276.0,450,14400
20231227,11:40:52,276.5,150,14400
20231227,11:41:03,275.35,700,14400
20231227,11:41:05,275.6,2300,14400
20231227,11:41:08,276.05,50,14400
20231227,11:41:10,275.65,350,14400
20231227,11:41:24,273.95,50,14400
20231227,11:42:06,273.95,150,15800
20231227,11:44:14,280.8,100,15800
20231227,11:44:17,281.0,1100,15800
20231227,11:44:22,281.1,50,15800
20231227,11:44:23,281.1,600,15800
20231227,11:44:32,281.1,50,15800
20231227,11:48:35,285.35,100,17800
20231227,11:49:26,286.0,150,17800
20231227,11:50:19,285.5,200,17800
20231227,11:50:50,284.7,50,17800
20231227,11:53:06,282.1,200,18000
20231227,11:53:46,282.45,50,18000
20231227,11:56:42,283.95,150,18050
20231227,11:57:14,281.45,100,18050
20231227,11:57:16,281.45,50,18050
20231227,11:57:33,280.55,50,18050
20231227,11:57:35,280.05,50,18050
20231227,12:00:29,276.15,50,18150
20231227,12:00:51,276.05,150,18150
20231227,12:01:14,275.2,50,18150
20231227,12:01:35,276.15,150,18150
20231227,12:01:44,275.55,50,18150
20231227,12:01:45,274.3,100,18150
20231227,12:03:58,273.95,150,18350
20231227,12:04:14,272.4,200,18350
20231227,12:05:31,270.15,50,18350
20231227,12:05:33,270.05,100,18350
20231227,12:05:38,270.05,400,18350
20231227,12:05:43,269.05,750,18350
20231227,12:05:51,267.9,50,18350
20231227,12:05:55,267.9,400,18350
20231227,12:06:15,267.45,200,18200
20231227,12:06:18,267.4,50,18200
20231227,12:06:33,267.4,50,18200
20231227,12:06:40,268.0,50,18200
20231227,12:06:53,268.85,400,18200
20231227,12:07:11,269.4,100,18200
20231227,12:07:19,269.9,250,18200
20231227,12:07:21,269.9,150,18200
20231227,12:07:40,267.4,100,18200
20231227,12:07:41,267.6,50,18200
20231227,12:07:43,267.4,50,18200
20231227,12:08:23,267.1,400,18200
20231227,12:08:28,265.05,50,18200
20231227,12:08:30,265.05,50,18200
20231227,12:08:31,265.2,400,18200
20231227,12:08:33,264.35,400,18200
20231227,12:08:48,264.35,150,18200
20231227,12:09:18,267.1,250,16800
20231227,12:09:21,268.15,100,16800
20231227,12:09:40,267.85,100,16800
20231227,12:10:14,268.9,50,16800
20231227,12:10:16,268.65,50,16800
20231227,12:10:21,267.3,50,16800
20231227,12:10:31,267.6,50,16800
20231227,12:11:16,270.4,100,16800
20231227,12:11:41,270.0,500,16800
20231227,12:12:36,271.15,50,17700
20231227,12:16:27,275.0,50,17650
20231227,12:16:58,278.25,50,17650
20231227,12:17:05,277.85,100,17650
20231227,12:17:07,279.25,50,17650
20231227,12:17:10,278.55,50,17650
20231227,12:17:13,281.0,50,17650
20231227,12:17:31,284.0,150,17650
20231227,12:17:36,280.95,50,17650
20231227,12:17:48,284.0,350,17650
20231227,12:18:00,283.25,50,17650
20231227,12:18:01,282.25,100,16950
20231227,12:18:30,283.35,50,16950
20231227,12:22:47,286.15,100,16950
20231227,12:22:59,289.35,50,16950
20231227,12:23:04,291.0,50,16950
20231227,12:23:06,291.0,100,16950
20231227,12:23:32,296.0,250,16950
20231227,12:23:44,300.0,200,16950
20231227,12:23:47,300.45,50,16950
20231227,12:23:50,302.2,100,16950
20231227,12:24:09,304.0,50,16950
20231227,12:24:10,303.0,50,16350
20231227,12:24:12,300.65,150,16350
20231227,12:24:50,301.1,50,16350
20231227,12:24:57,302.0,100,16350
20231227,12:25:30,299.0,50,16350
20231227,12:26:02,295.55,100,16350
20231227,12:27:27,300.05,50,16250
20231227,12:27:58,297.2,50,16250
20231227,12:28:27,298.8,50,16250
20231227,12:29:23,299.5,50,16250
20231227,12:29:30,302.0,100,16250
20231227,12:30:13,299.95,50,16150
20231227,12:31:01,311.3,250,16150
20231227,12:31:11,310.3,100,16150
20231227,12:31:21,314.15,1000,16150
20231227,12:31:23,314.2,50,16150
20231227,12:31:25,314.65,50,16150
20231227,12:31:42,314.75,50,16150
20231227,12:32:37,310.9,50,16150
20231227,12:32:38,310.0,50,16150
20231227,12:32:42,310.0,50,16150
20231227,12:33:03,311.85,50,15750
20231227,12:35:17,298.5,50,15750
20231227,12:35:22,295.05,50,15750
20231227,12:38:15,292.2,50,15650
20231227,12:38:28,290.9,50,15650
20231227,12:38:58,288.85,50,15650
20231227,12:39:02,290.0,50,15650
20231227,12:39:58,296.0,50,15600
20231227,12:40:10,297.2,50,15600
20231227,12:40:31,295.15,100,15600
20231227,12:41:45,295.0,50,15600
20231227,12:42:03,295.0,100,15600
20231227,12:42:32,295.5,400,15650
20231227,12:43:03,291.7,50,15650
20231227,12:48:15,285.6,50,15200
20231227,12:48:52,289.4,50,15200
20231227,12:50:00,286.15,50,15200
20231227,12:50:05,284.9,50,15200
20231227,12:50:52,283.85,50,15200
20231227,12:51:00,284.05,50,15200
20231227,12:53:27,279.25,850,15300
20231227,12:53:43,278.75,50,15300
20231227,12:54:33,281.5,300,15800
20231227,12:54:50,282.0,50,15800
20231227,12:58:48,283.6,50,16100
20231227,13:00:05,281.35,50,16100
20231227,13:00:17,284.7,650,16150
20231227,13:00:18,284.05,300,16150
20231227,13:01:43,296.0,50,16150
20231227,13:02:05,296.15,50,16150
20231227,13:02:19,299.8,50,16150
20231227,13:02:20,298.55,50,16150
20231227,13:02:35,299.5,50,16150
20231227,13:04:02,299.5,50,15850
20231227,13:04:17,296.55,700,15850
20231227,13:04:29,298.05,350,15850
20231227,13:04:31,299.5,50,15850
20231227,13:04:36,300.5,50,15850
20231227,13:04:37,301.6,250,15850
20231227,13:05:12,299.45,150,15850
20231227,13:05:16,298.65,50,15850
20231227,13:05:17,299.5,350,15850
20231227,13:05:19,298.65,100,15850
20231227,13:05:21,299.0,50,15850
20231227,13:05:22,301.75,300,15850
20231227,13:05:24,301.1,100,15850
20231227,13:05:27,300.9,200,15850
20231227,13:05:37,299.45,200,15850
20231227,13:05:39,298.65,100,15850
20231227,13:05:41,298.0,1500,15850
20231227,13:05:44,298.45,50,15850
20231227,13:05:46,298.1,150,15850
20231227,13:05:49,298.55,150,15850
20231227,13:05:51,299.0,1800,15850
20231227,13:05:52,297.8,50,15850
20231227,13:05:54,297.25,150,15850
20231227,13:05:57,297.1,50,15850
20231227,13:06:01,297.5,100,15850
20231227,13:06:12,301.1,200,19500
20231227,13:06:16,304.0,300,19500
20231227,13:06:21,301.5,350,19500
20231227,13:06:23,300.35,150,19500
20231227,13:06:24,299.75,200,19500
20231227,13:06:26,300.55,100,19500
20231227,13:06:31,299.45,100,19500
20231227,13:06:45,302.0,50,19500
20231227,13:06:48,303.5,100,19500
20231227,13:06:51,302.25,100,19500
20231227,13:06:56,304.15,200,19500
20231227,13:07:00,305.95,50,19500
20231227,13:07:03,305.95,100,19500
20231227,13:07:06,306.0,1000,19500
20231227,13:07:08,305.3,100,19500
20231227,13:07:09,306.0,100,19500
20231227,13:07:13,302.8,50,19500
20231227,13:07:14,304.65,50,19500
20231227,13:07:18,307.55,1250,19500
20231227,13:07:24,306.8,100,19500
20231227,13:07:29,304.9,100,19500
20231227,13:07:34,307.45,800,19500
20231227,13:07:38,305.05,50,19500
20231227,13:07:39,305.0,50,19500
20231227,13:07:43,307.35,50,19500
20231227,13:07:48,306.25,650,19500
20231227,13:07:53,303.65,50,19500
20231227,13:08:07,303.6,50,19500
20231227,13:08:09,303.65,500,19500
20231227,13:08:32,304.05,100,19500
20231227,13:08:39,305.0,150,19500
20231227,13:08:43,304.2,50,19500
20231227,13:08:54,305.0,100,19500
20231227,13:09:11,306.0,50,18700
20231227,13:09:16,306.0,200,18700
20231227,13:09:17,305.3,100,18700
20231227,13:09:19,305.05,150,18700
20231227,13:09:21,305.4,50,18700
20231227,13:09:43,305.95,900,18700
20231227,13:10:12,304.9,100,18700
20231227,13:10:17,303.6,50,18700
20231227,13:10:20,304.65,100,18700
20231227,13:10:24,303.0,200,18700
20231227,13:11:12,298.05,50,18700
20231227,13:11:52,292.3,50,18700
20231227,13:12:02,289.3,50,18700
20231227,13:12:06,290.0,200,18700
20231227,13:12:12,290.7,50,17200
20231227,13:13:14,295.75,450,17200
20231227,13:14:41,298.1,550,17200
20231227,13:16:41,295.85,250,17150
20231227,13:17:08,297.0,550,17150
20231227,13:17:50,298.4,100,17150
20231227,13:20:01,303.45,50,16650
20231227,13:21:01,297.05,200,16650
20231227,13:21:23,297.6,50,16650
20231227,13:21:44,296.4,100,16650
20231227,13:24:51,293.2,100,16600
20231227,13:25:55,290.6,50,16600
20231227,13:26:49,291.25,50,16600
20231227,13:26:54,291.1,50,16600
20231227,13:27:36,290.8,50,16650
20231227,13:30:52,301.4,50,16650
20231227,13:33:41,300.75,200,16700
20231227,13:36:35,308.75,50,16750
20231227,13:36:38,309.65,300,16750
20231227,13:36:40,310.7,50,16750
20231227,13:37:06,313.0,300,16750
20231227,13:37:08,313.0,450,16750
20231227,13:37:16,312.45,300,16750
20231227,13:37:38,314.05,50,16750
20231227,13:37:41,315.2,50,16750
20231227,13:38:51,312.3,50,16750
20231227,13:39:28,309.1,500,16150
20231227,13:40:03,302.4,150,16150
20231227,13:40:25,298.45,50,16150
20231227,13:40:43,300.45,50,16150
20231227,13:42:11,304.0,50,16150
20231227,13:43:08,300.0,100,16300
20231227,13:44:30,292.9,50,16300
20231227,13:47:03,293.95,50,16300
20231227,13:49:00,288.0,50,16300
20231227,13:49:45,282.95,100,16300
20231227,13:50:39,284.45,250,16300
20231227,13:50:42,284.25,50,16300
20231227,13:50:55,285.05,50,16300
20231227,13:51:34,281.1,100,16250
20231227,13:51:35,281.3,150,16250
20231227,13:53:06,287.15,50,16250
20231227,13:53:57,287.4,50,16250
20231227,13:57:15,285.05,50,16400
20231227,13:57:54,280.15,50,16400
20231227,13:59:02,279.5,1050,16400
20231227,13:59:10,277.2,50,16400
20231227,13:59:25,277.1,1000,16400
20231227,13:59:45,279.45,1000,16400
20231227,14:00:21,282.15,50,16400
20231227,14:01:34,276.0,50,17750
20231227,14:02:04,275.0,150,17750
20231227,14:02:14,272.55,50,17750
20231227,14:02:24,272.4,50,17750
20231227,14:03:01,270.0,100,17750
20231227,14:03:18,272.0,50,17850
20231227,14:04:43,270.95,50,17850
20231227,14:11:38,277.55,50,17900
20231227,14:11:49,277.55,50,17900
20231227,14:13:21,278.05,50,17850
20231227,14:13:50,277.35,50,17850
20231227,14:14:57,276.75,500,17850
20231227,14:14:59,276.75,1100,17850
20231227,14:16:04,282.45,500,17900
20231227,14:16:22,283.55,50,17900
20231227,14:16:25,283.4,100,17900
20231227,14:19:52,272.6,50,17500
20231227,14:20:01,274.1,100,17500
20231227,14:20:16,273.15,200,17500
20231227,14:22:06,278.15,50,17600
20231227,14:23:46,279.9,50,17600
20231227,14:24:01,279.25,50,17600
20231227,14:26:43,279.45,300,17650
20231227,14:27:10,278.65,50,17650
20231227,14:27:11,278.15,50,17650
20231227,14:28:01,277.85,450,18000
20231227,14:28:28,274.65,50,18000
20231227,14:32:23,279.4,100,18000
20231227,14:33:28,279.35,50,17900
20231227,14:36:22,272.0,50,17900
20231227,14:36:59,261.7,50,17900
20231227,14:37:06,261.7,200,17900
20231227,14:37:45,263.3,50,17900
20231227,14:38:02,264.1,350,17900
20231227,14:38:10,263.8,400,17900
20231227,14:38:14,260.0,100,17900
20231227,14:38:17,260.0,250,17900
20231227,14:38:30,260.6,100,17900
20231227,14:39:32,260.5,150,17450
20231227,14:39:38,260.0,50,17450
20231227,14:39:40,259.15,100,17450
20231227,14:39:46,258.35,100,17450
20231227,14:39:50,258.0,50,17450
20231227,14:40:15,256.5,100,17450
20231227,14:40:23,255.6,250,17450
20231227,14:40:53,255.6,100,17450
20231227,14:41:01,255.6,100,17450
20231227,14:41:21,257.3,50,17450
20231227,14:42:42,257.3,50,17550
20231227,14:43:25,254.1,100,17550
20231227,14:43:59,252.15,250,17550
20231227,14:44:07,253.5,50,17550
20231227,14:44:32,250.0,100,17550
20231227,14:44:34,249.9,150,17550
20231227,14:45:12,249.9,100,17550
20231227,14:46:08,252.5,50,17550
20231227,14:46:28,250.15,100,17800
20231227,14:48:04,250.95,50,17800
20231227,14:48:53,251.4,50,17800
20231227,14:48:55,251.25,400,17900
20231227,14:49:01,250.6,300,17900
20231227,14:49:21,250.25,200,17900
20231227,14:49:23,248.35,100,17900
20231227,14:49:41,248.35,50,17900
20231227,14:49:45,248.05,800,17900
20231227,14:49:58,248.05,100,17900
20231227,14:50:10,250.7,50,17900
20231227,14:50:21,252.0,100,17900
20231227,14:50:31,252.25,50,17900
20231227,14:50:40,255.7,50,17900
20231227,14:50:53,255.45,50,17900
20231227,14:50:55,255.7,50,17900
20231227,14:51:10,254.9,50,17900
20231227,14:52:54,259.5,550,19100
20231227,14:53:19,255.0,200,19100
20231227,14:53:21,253.7,100,19100
20231227,14:54:12,254.95,100,19100
20231227,14:54:29,254.0,50,19750
20231227,14:54:58,251.55,50,19750
20231227,14:55:21,252.2,350,19750
20231227,14:55:22,252.05,300,19750
20231227,14:55:32,254.8,250,19750
20231227,14:56:05,255.95,50,19750
20231227,14:57:01,257.95,50,19750
20231227,14:58:27,258.7,50,20850
20231227,14:59:22,258.7,300,20850
20231227,15:00:04,257.85,150,20850
20231227,15:00:06,257.45,150,20850
20231227,15:00:29,248.5,50,20850
20231227,15:00:30,247.55,100,20750
20231227,15:00:34,245.95,250,20750
20231227,15:00:35,245.4,50,20750
20231227,15:00:39,245.4,50,20750
20231227,15:00:40,244.4,250,20750
20231227,15:00:47,240.55,1100,20750
20231227,15:00:55,240.3,300,20750
20231227,15:00:57,241.05,150,20750
20231227,15:00:59,241.65,50,20750
20231227,15:01:00,241.4,50,20750
20231227,15:01:05,239.95,150,20750
20231227,15:01:13,239.95,50,20750
20231227,15:01:17,239.2,50,20750
20231227,15:01:30,235.25,100,20750
20231227,15:01:39,233.4,300,20750
20231227,15:01:40,229.2,400,20750
20231227,15:01:42,228.9,200,20750
20231227,15:01:44,228.8,200,20750
20231227,15:01:45,228.45,50,20750
20231227,15:01:47,225.35,200,20750
20231227,15:01:49,225.85,50,20750
20231227,15:01:50,226.05,100,20750
20231227,15:01:52,226.75,250,20750
20231227,15:01:54,225.3,500,20750
20231227,15:01:55,225.3,600,20750
20231227,15:01:57,227.75,100,20750
20231227,15:01:59,228.15,150,20750
20231227,15:02:00,230.0,350,20750
20231227,15:02:02,229.15,50,20750
20231227,15:02:05,225.0,150,20750
20231227,15:02:07,225.0,50,20750
20231227,15:02:15,226.65,50,20750
20231227,15:02:20,226.25,50,20750
20231227,15:02:21,226.65,100,20750
20231227,15:02:26,226.25,50,20750
20231227,15:02:29,224.65,100,20750
20231227,15:02:41,224.4,50,20750
20231227,15:02:42,223.8,300,20750
20231227,15:02:47,223.35,100,20750
20231227,15:02:51,223.0,50,20750
20231227,15:02:52,221.6,50,20750
20231227,15:02:54,221.6,50,20750
20231227,15:02:59,219.75,50,20750
20231227,15:03:04,218.0,50,20750
20231227,15:03:07,218.0,1000,20750
20231227,15:03:12,218.75,100,20750
20231227,15:03:15,217.3,50,20750
20231227,15:03:17,217.25,950,20750
20231227,15:03:20,218.3,50,20750
20231227,15:03:22,218.8,900,20750
20231227,15:03:23,218.8,100,23400
20231227,15:03:28,221.0,50,23400
20231227,15:03:30,220.5,400,23400
20231227,15:03:33,220.95,900,23400
20231227,15:03:40,220.35,200,23400
20231227,15:03:44,219.25,400,23400
20231227,15:03:47,220.55,250,23400
20231227,15:03:50,220.7,250,23400
20231227,15:03:52,219.25,100,23400
20231227,15:03:55,220.2,350,23400
20231227,15:03:59,219.25,50,23400
20231227,15:04:02,219.8,400,23400
20231227,15:04:07,219.55,200,23400
20231227,15:04:09,218.9,150,23400
20231227,15:04:14,220.1,50,23400
20231227,15:04:17,219.25,400,23400
20231227,15:04:22,219.4,50,23400
20231227,15:04:25,218.25,50,23400
20231227,15:04:27,219.5,50,23400
20231227,15:04:28,218.75,450,23400
20231227,15:04:32,218.35,900,23400
20231227,15:04:43,219.55,1950,23400
20231227,15:04:53,222.35,100,23400
20231227,15:04:57,221.9,50,23400
20231227,15:05:03,220.05,50,23400
20231227,15:05:12,220.4,100,23400
20231227,15:05:13,219.45,150,23400
20231227,15:05:15,219.9,50,23400
20231227,15:05:17,220.0,50,23400
20231227,15:05:18,219.95,50,23400
20231227,15:05:32,219.25,50,23400
20231227,15:05:33,218.85,100,23400
20231227,15:05:40,217.35,50,23400
20231227,15:05:41,217.75,100,23400
20231227,15:05:43,217.8,300,23400
20231227,15:05:46,218.65,50,23400
20231227,15:05:50,218.7,50,23400
20231227,15:05:53,218.0,300,23400
20231227,15:06:00,217.65,100,23400
20231227,15:06:03,218.6,50,23400
20231227,15:06:13,218.6,200,23400
20231227,15:06:22,217.0,50,23400
20231227,15:06:28,216.0,100,22350
20231227,15:06:30,216.0,350,22350
20231227,15:06:36,217.0,50,22350
20231227,15:06:45,214.5,250,22350
20231227,15:06:48,214.5,50,22350
20231227,15:06:50,214.65,900,22350
20231227,15:06:56,212.05,50,22350
20231227,15:06:58,211.45,50,22350
20231227,15:07:00,211.45,150,22350
20231227,15:07:01,210.55,1100,22350
20231227,15:07:03,210.05,100,22350
20231227,15:07:05,209.7,250,22350
20231227,15:07:06,209.7,50,22350
20231227,15:07:08,208.35,50,22350
20231227,15:07:10,208.05,1300,22350
20231227,15:07:11,209.05,100,22350
20231227,15:07:13,208.65,100,22350
20231227,15:07:15,207.95,150,22350
20231227,15:07:16,207.95,150,22350
20231227,15:07:18,210.05,200,22350
20231227,15:07:20,208.85,50,22350
20231227,15:07:21,208.6,50,22350
20231227,15:07:23,208.3,50,22350
20231227,15:07:25,209.0,400,22350
20231227,15:07:26,207.95,250,22350
20231227,15:07:28,207.9,250,22350
20231227,15:07:30,207.9,300,22350
20231227,15:07:33,208.45,50,22350
20231227,15:07:38,208.4,50,22350
20231227,15:07:41,209.0,100,22350
20231227,15:07:43,208.3,50,22350
20231227,15:07:46,208.65,50,22350
20231227,15:07:53,208.5,50,22350
20231227,15:07:56,206.6,950,22350
20231227,15:07:58,206.6,50,22350
20231227,15:08:01,205.3,200,22350
20231227,15:08:03,204.4,50,22350
20231227,15:08:05,203.8,150,22350
20231227,15:08:07,205.6,150,22350
20231227,15:08:08,205.8,50,22350
20231227,15:08:12,205.7,450,22350
20231227,15:08:15,205.55,50,22350
20231227,15:08:16,206.2,400,22350
20231227,15:08:26,205.65,100,22350
20231227,15:08:31,204.25,850,22350
20231227,15:08:35,204.6,150,22350
20231227,15:08:36,204.35,450,22350
20231227,15:08:38,205.1,50,22350
20231227,15:08:43,204.75,200,22350
20231227,15:08:44,207.35,150,22350
20231227,15:08:46,208.05,50,22350
20231227,15:08:54,212.45,100,22350
20231227,15:08:56,211.85,50,22350
20231227,15:08:59,212.55,50,22350
20231227,15:09:06,211.1,100,22350
20231227,15:09:09,211.4,550,22350
20231227,15:09:12,211.7,350,22350
20231227,15:09:21,209.75,200,22350
20231227,15:09:26,208.25,100,24900
20231227,15:09:31,211.25,200,24900
20231227,15:09:32,211.7,450,24900
20231227,15:09:34,211.1,500,24900
20231227,15:09:36,210.5,100,24900
20231227,15:09:37,210.25,600,24900
20231227,15:09:39,210.75,100,24900
20231227,15:09:47,211.9,400,24900
20231227,15:09:49,212.0,350,24900
20231227,15:09:52,210.45,50,24900
20231227,15:09:59,210.0,50,24900
20231227,15:10:01,211.3,500,24900
20231227,15:10:06,209.65,100,24900
20231227,15:10:07,209.6,300,24900
20231227,15:10:09,211.0,50,24900
20231227,15:10:14,211.6,250,24900
20231227,15:10:26,210.7,150,24900
20231227,15:10:39,210.4,100,24900
20231227,15:10:42,210.35,150,24900
20231227,15:10:44,209.8,100,24900
20231227,15:10:45,211.25,500,24900
20231227,15:10:50,209.6,300,24900
20231227,15:10:58,209.05,100,24900
20231227,15:11:02,210.15,200,24900
20231227,15:11:08,210.6,600,24900
20231227,15:11:11,210.55,100,24900
20231227,15:11:18,211.15,250,24900
20231227,15:11:23,211.9,100,24900
20231227,15:11:28,211.95,750,24900
20231227,15:11:43,210.55,100,24900
20231227,15:11:45,210.6,500,24900
20231227,15:11:55,210.05,100,24900
20231227,15:12:18,209.4,200,24900
20231227,15:12:35,205.55,50,25600
20231227,15:12:36,206.05,100,25600
20231227,15:12:43,203.45,250,25600
20231227,15:12:45,205.55,50,25600
20231227,15:12:51,205.5,50,25600
20231227,15:12:53,203.8,400,25600
20231227,15:12:58,205.15,750,25600
20231227,15:13:06,204.9,50,25600
20231227,15:13:08,205.35,600,25600
20231227,15:13:09,204.95,150,25600
20231227,15:13:11,204.95,150,25600
20231227,15:13:16,206.95,350,25600
20231227,15:13:18,206.55,200,25600
20231227,15:13:19,206.8,50,25600
20231227,15:13:23,208.35,550,25600
20231227,15:13:42,209.7,100,25600
20231227,15:13:51,210.45,1300,25600
20231227,15:13:57,209.4,1800,25600
20231227,15:14:00,210.85,50,25600
20231227,15:14:12,210.85,100,25600
20231227,15:14:17,210.65,150,25600
20231227,15:14:45,210.65,200,25600
20231227,15:14:50,211.0,600,25600
20231227,15:14:55,211.25,50,25600
20231227,15:14:56,211.5,600,25600
20231227,15:15:01,213.0,150,25600
20231227,15:15:05,213.55,150,25600
20231227,15:15:08,212.85,150,25600
20231227,15:15:10,213.3,100,25600
20231227,15:15:15,212.85,100,25600
20231227,15:15:16,212.05,450,25600
20231227,15:15:18,212.05,150,25600
20231227,15:15:20,213.5,50,25600
20231227,15:15:23,212.45,100,25600
20231227,15:15:30,212.05,50,27100
20231227,15:15:35,212.45,1800,27100
20231227,15:15:40,212.55,100,27100
20231227,15:16:03,213.9,50,27100
20231227,15:16:18,213.0,100,27100
20231227,15:16:23,214.0,50,27100
20231227,15:16:24,214.45,200,27100
20231227,15:16:34,214.0,150,27100
20231227,15:16:36,214.45,50,27100
20231227,15:16:47,213.3,600,27100
20231227,15:16:53,214.1,2250,27100
20231227,15:17:04,213.65,50,27100
20231227,15:17:24,214.5,400,27100
20231227,15:17:29,214.1,100,27100
20231227,15:17:36,215.1,400,27100
20231227,15:18:12,214.15,150,27100
20231227,15:18:14,215.0,50,27100
20231227,15:18:18,215.05,50,27100
20231227,15:18:23,213.65,50,27100
20231227,15:18:26,212.75,50,27400
20231227,15:18:48,214.4,250,27400
20231227,15:18:50,214.85,700,27400
20231227,15:18:51,214.5,200,27400
20231227,15:19:10,213.95,100,27400
20231227,15:19:12,213.25,250,27400
20231227,15:19:22,212.55,50,27400
20231227,15:19:27,212.4,50,27400
20231227,15:19:30,212.2,50,27400
20231227,15:19:52,213.4,200,27400
20231227,15:20:03,215.95,50,27400
20231227,15:20:05,216.1,100,27400
20231227,15:20:07,216.3,50,27400
20231227,15:20:10,215.95,250,27400
20231227,15:20:12,216.05,100,27400
20231227,15:20:21,215.9,50,27400
20231227,15:20:25,215.1,200,27400
20231227,15:20:28,215.3,200,27400
20231227,15:20:30,215.1,100,27400
20231227,15:20:31,215.3,300,27400
20231227,15:20:33,215.45,200,27400
20231227,15:20:34,215.25,200,27400
20231227,15:20:36,215.0,300,27400
20231227,15:20:38,215.05,200,27400
20231227,15:20:39,215.3,50,27400
20231227,15:20:41,215.55,200,27400
20231227,15:20:43,215.3,150,27400
20231227,15:20:47,215.55,100,27400
20231227,15:20:57,215.0,50,27400
20231227,15:20:59,214.75,150,27400
20231227,15:21:07,215.4,1650,27400
20231227,15:21:10,215.2,50,27400
20231227,15:21:17,214.25,100,27400
20231227,15:21:21,214.95,200,27400
20231227,15:21:22,214.0,50,27400
20231227,15:21:32,214.4,50,26900
20231227,15:21:34,214.55,200,26900
20231227,15:21:36,214.65,150,26900
20231227,15:21:41,214.8,100,26900
20231227,15:21:42,214.6,150,26900
20231227,15:21:46,214.75,350,26900
20231227,15:21:51,214.65,200,26900
20231227,15:22:04,214.6,100,26900
20231227,15:22:09,214.2,150,26900
20231227,15:22:14,215.1,100,26900
20231227,15:22:27,216.45,100,26900
20231227,15:22:32,216.45,200,26900
20231227,15:22:49,216.7,50,26900
20231227,15:22:50,217.2,50,26900
20231227,15:22:59,217.2,50,26900
20231227,15:23:02,218.0,50,26900
20231227,15:23:04,217.2,100,26900
20231227,15:23:07,217.0,150,26900
20231227,15:23:09,218.0,150,26900
20231227,15:23:10,217.2,50,26900
20231227,15:23:17,217.5,100,26900
20231227,15:23:19,217.6,100,26900
20231227,15:23:20,218.4,50,26900
20231227,15:23:22,218.8,250,26900
20231227,15:23:27,217.9,50,26900
20231227,15:23:35,218.6,50,26900
20231227,15:23:37,218.8,50,26900
20231227,15:23:45,219.6,50,26900
20231227,15:23:47,220.0,50,26900
20231227,15:23:48,219.75,200,26900
20231227,15:23:50,218.55,50,26900
20231227,15:23:52,218.0,1850,26900
20231227,15:23:53,218.05,100,26900
20231227,15:23:58,218.25,150,26900
20231227,15:24:05,220.0,50,26900
20231227,15:24:07,218.25,50,26900
20231227,15:24:08,216.5,100,26900
20231227,15:24:10,216.05,100,26900
20231227,15:24:16,217.65,200,26900
20231227,15:24:20,217.7,50,26900
20231227,15:24:28,217.45,150,25450
20231227,15:24:30,217.8,250,25450
20231227,15:24:40,217.75,100,25450
20231227,15:24:48,216.0,100,25450
20231227,15:25:01,218.0,100,25450
20231227,15:25:03,217.65,50,25450
20231227,15:25:05,217.55,50,25450
20231227,15:25:06,217.2,150,25450
20231227,15:25:08,217.45,50,25450
20231227,15:25:15,217.4,200,25450
20231227,15:25:20,217.55,400,25450
20231227,15:25:30,217.25,50,25450
20231227,15:25:37,216.5,50,25450
20231227,15:25:40,215.55,300,25450
20231227,15:25:43,216.25,200,25450
20231227,15:25:45,215.0,2150,25450
20231227,15:25:46,215.25,50,25450
20231227,15:25:48,215.75,50,25450
20231227,15:25:50,216.05,150,25450
20231227,15:25:53,216.35,100,25450
20231227,15:26:04,215.65,50,25450
20231227,15:26:11,215.85,50,25450
20231227,15:26:13,214.95,650,25450
20231227,15:26:16,215.45,200,25450
20231227,15:26:22,215.0,100,25450
20231227,15:26:26,214.6,100,25450
20231227,15:26:27,214.5,100,25450
20231227,15:26:29,214.65,150,25450
20231227,15:26:37,214.15,50,25450
20231227,15:26:39,213.25,300,25450
20231227,15:26:42,214.2,250,25450
20231227,15:26:47,213.75,50,25450
20231227,15:27:02,213.5,100,25450
20231227,15:27:04,213.05,100,25450
20231227,15:27:06,213.6,250,25450
20231227,15:27:17,213.5,50,25450
20231227,15:27:19,213.0,100,25450
20231227,15:27:37,213.15,50,26750
20231227,15:27:39,212.2,50,26750
20231227,15:27:47,212.2,100,26750
20231227,15:27:49,212.2,300,26750
20231227,15:27:52,212.2,250,26750
20231227,15:27:54,211.35,150,26750
20231227,15:28:00,212.25,100,26750
20231227,15:28:02,212.4,50,26750
20231227,15:28:07,213.05,300,26750
20231227,15:28:21,213.5,100,26750
20231227,15:28:22,213.5,200,26750
20231227,15:28:24,212.25,200,26750
20231227,15:28:32,212.45,100,26750
20231227,15:28:36,213.35,250,26750
20231227,15:28:39,214.25,350,26750
20231227,15:28:47,214.4,100,26750
20231227,15:28:52,213.5,50,26750
20231227,15:29:06,213.8,50,26750
20231227,15:29:20,214.85,100,26750
20231227,15:29:21,214.65,350,26750
20231227,15:29:23,214.85,100,26750
20231227,15:29:43,214.85,150,26750
20231227,15:29:47,215.9,150,26750
20231228,09:15:03,190.0,1,28850
20231228,09:15:03,190.0,150,28850
20231228,09:15:07,199.95,1200,28850
20231228,09:15:09,199.35,500,28850
20231228,09:15:10,199.65,800,28850
20231228,09:15:12,192.9,400,28850
20231228,09:15:14,194.55,300,28850
20231228,09:15:15,194.55,50,28850
20231228,09:15:17,195.2,50,28850
20231228,09:15:18,194.15,100,28850
20231228,09:15:20,194.4,500,28850
20231228,09:15:22,196.6,350,28850
20231228,09:15:23,194.7,350,28850
20231228,09:15:25,195.05,200,28850
20231228,09:15:26,195.35,100,28850
20231228,09:15:28,196.55,200,28850
20231228,09:15:30,195.8,300,28850
20231228,09:15:31,196.0,100,28850
20231228,09:15:33,198.4,350,28850
20231228,09:15:36,197.85,100,28850
20231228,09:15:41,197.8,900,28850
20231228,09:15:49,195.0,450,28850
20231228,09:15:51,196.2,700,28850
20231228,09:15:52,196.15,50,28850
20231228,09:15:54,197.4,50,28850
20231228,09:15:56,197.05,100,28850
20231228,09:16:00,195.7,150,28850
20231228,09:16:02,193.8,1050,28850
20231228,09:16:04,193.3,300,28850
20231228,09:16:05,193.65,300,28850
20231228,09:16:07,192.2,100,28850
20231228,09:16:09,192.35,500,28850
20231228,09:16:10,191.6,200,28850
20231228,09:16:12,192.8,200,28850
20231228,09:16:13,192.0,800,28850
20231228,09:16:15,189.95,500,28850
20231228,09:16:17,189.9,100,28850
20231228,09:16:18,189.9,200,28850
20231228,09:16:20,191.3,50,28850
20231228,09:16:23,194.0,450,28850
20231228,09:16:26,191.55,600,28850
20231228,09:16:30,194.1,950,28850
20231228,09:16:31,192.15,250,28850
20231228,09:16:35,192.2,350,28850
20231228,09:16:36,191.4,150,28850
20231228,09:16:44,189.0,550,28850
20231228,09:16:46,190.45,1650,28850
20231228,09:16:48,189.55,900,28850
20231228,09:16:49,189.8,100,28850
20231228,09:16:51,189.8,450,28850
20231228,09:16:54,188.75,200,28850
20231228,09:16:56,189.1,50,28850
20231228,09:16:57,191.25,400,28850
20231228,09:16:59,190.0,250,28850
20231228,09:17:02,192.0,350,28850
20231228,09:17:04,191.5,300,28850
20231228,09:17:06,191.5,900,28850
20231228,09:17:07,191.45,700,28850
20231228,09:17:09,190.0,100,28850
20231228,09:17:15,191.6,50,28850
20231228,09:17:21,190.9,750,28850
20231228,09:17:26,190.0,800,28850
20231228,09:17:31,189.0,50,28850
20231228,09:17:32,187.3,2400,28850
20231228,09:17:36,188.4,50,28850
20231228,09:17:37,188.0,200,28850
20231228,09:17:39,188.45,300,28850
20231228,09:17:47,190.55,600,40700
20231228,09:17:48,191.2,250,40700
20231228,09:17:50,191.7,300,40700
20231228,09:17:59,191.55,500,40700
20231228,09:18:01,191.35,150,40700
20231228,09:18:03,190.05,300,40700
20231228,09:18:10,190.2,100,40700
20231228,09:18:12,191.15,50,40700
20231228,09:18:13,190.75,200,40700
20231228,09:18:15,191.05,50,40700
20231228,09:18:16,191.7,50,40700
20231228,09:18:18,191.4,250,40700
20231228,09:18:20,191.6,350,40700
20231228,09:18:23,191.95,100,40700
20231228,09:18:25,193.0,600,40700
20231228,09:18:33,191.9,50,40700
20231228,09:18:35,192.05,550,40700
20231228,09:18:38,191.5,50,40700
20231228,09:18:43,192.2,100,40700
20231228,09:18:45,192.85,400,40700
20231228,09:18:50,192.05,650,40700
20231228,09:18:51,191.6,450,40700
20231228,09:18:55,192.4,900,40700
20231228,09:18:58,192.45,350,40700
20231228,09:19:00,192.15,600,40700
20231228,09:19:01,192.15,1050,40700
20231228,09:19:03,191.65,50,40700
20231228,09:19:06,192.25,50,40700
20231228,09:19:08,191.85,400,40700
20231228,09:19:10,192.15,350,40700
20231228,09:19:11,192.35,100,40700
20231228,09:19:13,192.45,100,40700
20231228,09:19:15,192.9,100,40700
20231228,09:19:18,194.65,1200,40700
20231228,09:19:20,195.0,200,40700
20231228,09:19:21,194.4,500,40700
20231228,09:19:23,194.25,50,40700
20231228,09:19:25,195.2,50,40700
20231228,09:19:26,193.7,250,40700
20231228,09:19:28,192.9,150,40700
20231228,09:19:31,193.05,300,40700
20231228,09:19:33,192.95,350,40700
20231228,09:19:35,192.4,250,40700
20231228,09:19:40,193.25,200,40700
20231228,09:19:55,191.95,350,40700
20231228,09:19:56,192.2,50,40700
20231228,09:20:03,190.05,50,40700
20231228,09:20:05,190.1,650,40700
20231228,09:20:06,190.4,50,40700
20231228,09:20:08,190.1,50,40700
20231228,09:20:10,189.95,550,40700
20231228,09:20:11,189.55,1600,40700
20231228,09:20:13,188.75,700,40700
20231228,09:20:16,188.3,100,40700
20231228,09:20:18,188.75,50,40700
20231228,09:20:23,186.6,1300,40700
20231228,09:20:24,185.65,1150,40700
20231228,09:20:26,185.85,800,40700
20231228,09:20:28,184.65,950,40700
20231228,09:20:31,183.5,100,40700
20231228,09:20:33,183.5,250,40700
20231228,09:20:34,182.45,700,40700
20231228,09:20:36,182.75,100,40700
20231228,09:20:38,183.15,250,40700
20231228,09:20:39,183.6,150,40700
20231228,09:20:41,184.0,1000,40700
20231228,09:20:43,183.6,2100,40700
20231228,09:20:44,181.85,1650,40700
20231228,09:20:46,181.75,250,40700
20231228,09:20:48,181.75,100,53800
20231228,09:20:49,180.35,2250,53800
20231228,09:20:51,181.65,250,53800
20231228,09:20:53,182.5,1000,53800
20231228,09:20:54,181.2,650,53800
20231228,09:20:56,180.2,200,53800
20231228,09:20:58,180.2,350,53800
20231228,09:20:59,181.0,150,53800
20231228,09:21:01,180.25,1200,53800
20231228,09:21:03,181.15,2050,53800
20231228,09:21:04,181.0,600,53800
20231228,09:21:06,181.35,200,53800
20231228,09:21:08,181.6,650,53800
20231228,09:21:09,179.0,1750,53800
20231228,09:21:11,180.8,50,53800
20231228,09:21:13,181.4,100,53800
20231228,09:21:18,181.4,50,53800
20231228,09:21:20,181.3,150,53800
20231228,09:21:21,180.65,1300,53800
20231228,09:21:25,179.8,250,53800
20231228,09:21:26,180.65,50,53800
20231228,09:21:28,181.3,50,53800
20231228,09:21:30,180.35,150,53800
20231228,09:21:31,181.55,650,53800
20231228,09:21:35,181.0,550,53800
20231228,09:21:36,181.55,1100,53800
20231228,09:21:38,181.85,100,53800
20231228,09:21:40,182.05,150,53800
20231228,09:21:41,181.35,150,53800
20231228,09:21:43,180.2,1450,53800
20231228,09:21:45,181.0,1200,53800
20231228,09:21:46,181.8,50,53800
20231228,09:21:48,181.5,300,53800
20231228,09:21:50,181.05,100,53800
20231228,09:21:51,182.5,1250,53800
20231228,09:21:53,182.0,350,53800
20231228,09:21:58,182.0,1400,53800
20231228,09:22:00,180.8,300,53800
20231228,09:22:01,181.1,900,53800
20231228,09:22:03,180.9,100,53800
20231228,09:22:05,179.5,750,53800
20231228,09:22:06,179.9,100,53800
20231228,09:22:08,180.4,100,53800
20231228,09:22:10,181.0,950,53800
20231228,09:22:15,179.85,1250,53800
20231228,09:22:16,180.6,200,53800
20231228,09:22:22,180.0,1150,53800
20231228,09:22:23,180.7,450,53800
20231228,09:22:25,180.6,150,53800
20231228,09:22:27,180.4,100,53800
20231228,09:22:28,180.4,500,53800
20231228,09:22:30,178.5,200,53800
20231228,09:22:32,178.5,4100,53800
20231228,09:22:35,179.5,550,53800
20231228,09:22:37,180.25,100,53800
20231228,09:22:38,180.7,850,53800
20231228,09:22:42,180.5,300,53800
20231228,09:22:43,180.4,1350,53800
20231228,09:22:45,180.9,200,53800
20231228,09:22:47,180.7,300,53800
20231228,09:22:48,180.6,50,53800
20231228,09:22:52,180.45,800,53800
20231228,09:22:53,179.85,100,53800
20231228,09:22:55,180.2,1200,53800
20231228,09:23:00,181.05,50,53800
20231228,09:23:03,180.9,50,53800
20231228,09:23:05,181.1,750,53800
20231228,09:23:07,182.15,650,53800
20231228,09:23:08,182.45,50,53800
20231228,09:23:10,181.9,300,53800
20231228,09:23:12,184.0,400,53800
20231228,09:23:13,183.95,50,53800
20231228,09:23:18,182.35,650,53800
20231228,09:23:21,182.6,150,53800
20231228,09:23:23,182.2,2500,53800
20231228,09:23:25,182.3,50,53800
20231228,09:23:26,183.05,50,53800
20231228,09:23:33,183.5,150,53800
20231228,09:23:35,180.0,3750,53800
20231228,09:23:38,181.25,50,53800
20231228,09:23:41,181.7,250,53800
20231228,09:23:43,181.0,300,53800
20231228,09:23:45,180.25,1100,53800
20231228,09:23:48,180.6,500,74700
20231228,09:23:50,181.25,50,74700
20231228,09:23:51,180.6,350,74700
20231228,09:23:58,179.6,750,74700
20231228,09:24:00,180.85,300,74700
20231228,09:24:01,181.8,150,74700
20231228,09:24:03,180.3,650,74700
20231228,09:24:05,179.3,200,74700
20231228,09:24:06,179.9,50,74700
20231228,09:24:10,180.4,50,74700
20231228,09:24:20,177.6,900,74700
20231228,09:24:21,177.6,200,74700
20231228,09:24:23,179.1,650,74700
20231228,09:24:35,179.1,100,74700
20231228,09:24:36,179.6,50,74700
20231228,09:24:38,179.55,50,74700
20231228,09:24:40,178.75,1450,74700
20231228,09:24:41,179.35,1400,74700
20231228,09:24:43,178.8,150,74700
20231228,09:24:45,177.95,900,74700
20231228,09:24:46,178.45,50,74700
20231228,09:24:48,179.75,100,74700
20231228,09:24:50,178.75,550,74700
20231228,09:24:51,178.0,1200,74700
20231228,09:24:53,178.2,1950,74700
20231228,09:24:55,178.8,350,74700
20231228,09:24:56,178.7,150,74700
20231228,09:24:58,178.4,1400,74700
20231228,09:25:00,178.7,900,74700
20231228,09:25:01,179.2,1100,74700
20231228,09:25:03,180.05,350,74700
20231228,09:25:05,180.0,600,74700
20231228,09:25:08,180.45,100,74700
20231228,09:25:10,179.4,350,74700
20231228,09:25:11,179.7,50,74700
20231228,09:25:13,179.95,100,74700
20231228,09:25:15,179.9,200,74700
20231228,09:25:16,180.4,50,74700
20231228,09:25:18,181.35,800,74700
20231228,09:25:20,181.65,200,74700
20231228,09:25:21,181.0,650,74700
20231228,09:25:23,180.85,850,74700
20231228,09:25:25,180.6,200,74700
20231228,09:25:26,181.75,200,74700
20231228,09:25:28,182.1,300,74700
20231228,09:25:33,181.75,150,74700
20231228,09:25:35,180.8,100,74700
20231228,09:25:36,181.35,550,74700
20231228,09:25:38,180.85,50,74700
20231228,09:25:40,181.8,100,74700
20231228,09:25:41,181.45,50,74700
20231228,09:25:43,181.3,250,74700
20231228,09:25:45,181.55,50,74700
20231228,09:25:46,181.1,50,74700
20231228,09:25:50,181.6,100,74700
20231228,09:26:00,181.5,1200,74700
20231228,09:26:01,181.95,100,74700
20231228,09:26:03,182.65,100,74700
20231228,09:26:06,182.35,450,74700
20231228,09:26:10,184.15,250,74700
20231228,09:26:11,184.1,50,74700
20231228,09:26:13,184.15,1150,74700
20231228,09:26:15,184.0,450,74700
20231228,09:26:17,184.15,200,74700
20231228,09:26:18,184.25,100,74700
20231228,09:26:20,184.15,350,74700
20231228,09:26:22,183.7,600,74700
20231228,09:26:23,183.55,150,74700
20231228,09:26:25,183.25,800,74700
20231228,09:26:27,182.95,200,74700
20231228,09:26:33,183.6,500,74700
20231228,09:26:37,182.55,50,74700
20231228,09:26:38,181.6,400,74700
20231228,09:26:40,183.15,100,74700
20231228,09:26:42,182.5,300,74700
20231228,09:26:50,182.8,100,87550
20231228,09:26:59,182.45,50,87550
20231228,09:27:00,181.8,100,87550
20231228,09:27:02,182.0,100,87550
20231228,09:27:10,183.2,50,87550
20231228,09:27:14,182.75,100,87550
20231228,09:27:18,183.35,400,87550
20231228,09:27:20,183.6,1050,87550
20231228,09:27:23,183.2,50,87550
20231228,09:27:25,183.4,150,87550
20231228,09:27:27,181.6,300,87550
20231228,09:27:28,182.05,50,87550
20231228,09:27:30,181.85,50,87550
20231228,09:27:32,181.6,200,87550
20231228,09:27:33,181.3,1800,87550
20231228,09:27:35,181.2,50,87550
20231228,09:27:37,181.15,500,87550
20231228,09:27:38,181.4,400,87550
20231228,09:27:40,181.5,100,87550
20231228,09:27:42,180.65,450,87550
20231228,09:27:45,180.3,200,87550
20231228,09:27:47,180.6,100,87550
20231228,09:27:48,181.55,750,87550
20231228,09:27:50,180.95,150,87550
20231228,09:27:52,180.55,450,87550
20231228,09:27:53,180.45,150,87550
20231228,09:27:55,180.8,150,87550
20231228,09:27:57,180.3,7250,87550
20231228,09:27:58,181.0,650,87550
20231228,09:28:00,181.45,450,87550
20231228,09:28:02,180.5,50,87550
20231228,09:28:03,180.45,150,87550
20231228,09:28:07,181.15,100,87550
20231228,09:28:10,181.4,250,87550
20231228,09:28:12,181.85,50,87550
20231228,09:28:15,181.05,50,87550
20231228,09:28:20,181.65,100,87550
20231228,09:28:23,181.9,50,87550
20231228,09:28:25,182.1,200,87550
20231228,09:28:27,181.95,400,87550
20231228,09:28:28,181.35,150,87550
20231228,09:28:32,181.85,150,87550
20231228,09:28:33,181.6,50,87550
20231228,09:28:35,182.2,350,87550
20231228,09:28:38,182.2,700,87550
20231228,09:28:40,182.65,50,87550
20231228,09:28:42,183.4,100,87550
20231228,09:28:45,181.75,100,87550
20231228,09:28:48,182.7,50,87550
20231228,09:28:52,182.3,5000,87550
20231228,09:28:57,183.4,150,87550
20231228,09:28:59,182.9,250,87550
20231228,09:29:00,183.45,150,87550
20231228,09:29:02,185.4,18050,87550
20231228,09:29:04,184.45,2100,87550
20231228,09:29:05,185.15,800,87550
20231228,09:29:07,185.2,400,87550
20231228,09:29:09,185.45,100,87550
20231228,09:29:10,185.0,50,87550
20231228,09:29:12,186.0,11700,87550
20231228,09:29:14,186.0,5150,87550
20231228,09:29:15,186.0,9450,87550
20231228,09:29:17,186.0,20200,87550
20231228,09:29:22,185.7,300,87550
20231228,09:29:23,186.0,2000,87550
20231228,09:29:25,185.95,350,87550
20231228,09:29:27,186.3,450,87550
20231228,09:29:35,185.8,750,87550
20231228,09:29:42,186.0,50,87550
20231228,09:29:43,185.85,250,87550
20231228,09:29:45,185.35,150,87550
20231228,09:29:47,185.85,100,87550
20231228,09:29:52,186.0,700,137900
20231228,09:29:53,185.9,50,137900
20231228,09:29:55,186.05,50,137900
20231228,09:29:57,185.45,50,137900
20231228,09:29:58,186.2,350,137900
20231228,09:30:03,184.1,50,137900
20231228,09:30:07,184.6,250,137900
20231228,09:30:10,183.7,1000,137900
20231228,09:30:13,184.15,100,137900
20231228,09:30:15,184.2,100,137900
20231228,09:30:17,183.45,150,137900
20231228,09:30:19,183.7,100,137900
20231228,09:30:20,182.35,1500,137900
20231228,09:30:22,182.35,50,137900
20231228,09:30:24,183.05,500,137900
20231228,09:30:27,182.85,650,137900
20231228,09:30:29,184.5,1850,137900
20231228,09:30:30,184.85,1050,137900
20231228,09:30:32,184.6,50,137900
20231228,09:30:35,185.2,150,137900
20231228,09:30:37,184.4,150,137900
20231228,09:30:39,184.8,100,137900
20231228,09:30:40,185.5,300,137900
20231228,09:30:44,185.95,50,137900
20231228,09:30:45,185.6,750,137900
20231228,09:30:47,184.75,150,137900
20231228,09:30:49,185.6,250,137900
20231228,09:30:50,185.55,150,137900
20231228,09:30:52,184.65,50,137900
20231228,09:30:55,185.2,900,137900
20231228,09:30:57,184.5,1700,137900
20231228,09:31:00,184.55,100,137900
20231228,09:31:02,184.55,100,137900
20231228,09:31:05,184.7,150,137900
20231228,09:31:09,184.45,150,137900
20231228,09:31:16,184.6,100,137900
20231228,09:31:17,185.05,200,137900
20231228,09:31:19,184.9,250,137900
20231228,09:31:21,184.25,200,137900
20231228,09:31:22,184.4,100,137900
20231228,09:31:24,184.7,350,137900
20231228,09:31:26,184.7,550,137900
20231228,09:31:27,183.95,150,137900
20231228,09:31:29,184.5,50,137900
20231228,09:31:31,184.1,50,137900
20231228,09:31:32,184.3,50,137900
20231228,09:31:34,184.0,50,137900
20231228,09:31:37,184.55,50,137900
20231228,09:31:39,184.7,100,137900
20231228,09:31:41,184.75,100,137900
20231228,09:31:42,184.95,150,137900
20231228,09:31:46,184.7,50,137900
20231228,09:31:49,184.55,100,137900
20231228,09:31:51,184.0,50,137900
20231228,09:31:52,183.35,600,137900
20231228,09:31:56,184.7,350,137900
20231228,09:31:57,185.15,50,137900
20231228,09:31:59,185.35,250,137900
20231228,09:32:01,185.2,50,137900
20231228,09:32:02,184.85,150,137900
20231228,09:32:04,184.7,250,137900
20231228,09:32:07,185.4,50,137900
20231228,09:32:11,185.4,50,137900
20231228,09:32:14,184.9,950,137900
20231228,09:32:19,185.5,150,137900
20231228,09:32:21,185.4,150,137900
20231228,09:32:22,184.5,50,137900
20231228,09:32:24,183.25,750,137900
20231228,09:32:26,181.9,50,137900
20231228,09:32:31,182.5,200,137900
20231228,09:32:32,182.55,100,137900
20231228,09:32:34,183.0,500,137900
20231228,09:32:37,182.45,150,137900
20231228,09:32:39,182.9,150,137900
20231228,09:32:41,182.85,150,137900
20231228,09:32:42,182.6,100,137900
20231228,09:32:44,182.75,300,137900
20231228,09:32:46,182.85,700,137900
20231228,09:32:49,183.2,400,137900
20231228,09:32:51,182.95,200,139300
20231228,09:32:52,182.55,300,139300
20231228,09:32:56,182.6,1850,139300
20231228,09:32:57,182.7,50,139300
20231228,09:32:59,182.7,50,139300
20231228,09:33:01,182.0,100,139300
20231228,09:33:02,182.35,100,139300
20231228,09:33:04,182.35,150,139300
20231228,09:33:07,182.25,50,139300
20231228,09:33:09,182.05,400,139300
20231228,09:33:11,182.25,50,139300
20231228,09:33:12,182.6,50,139300
20231228,09:33:14,182.75,150,139300
20231228,09:33:16,182.75,50,139300
20231228,09:33:17,182.7,100,139300
20231228,09:33:21,183.3,50,139300
20231228,09:33:22,183.25,200,139300
20231228,09:33:26,183.8,150,139300
20231228,09:33:27,183.7,50,139300
20231228,09:33:31,183.45,250,139300
20231228,09:33:34,183.6,550,139300
20231228,09:33:36,183.65,200,139300
20231228,09:33:37,183.85,300,139300
20231228,09:33:41,184.0,50,139300
20231228,09:33:42,184.3,50,139300
20231228,09:33:46,185.0,1250,139300
20231228,09:33:47,183.3,50,139300
20231228,09:33:51,184.05,50,139300
20231228,09:33:52,183.95,100,139300
20231228,09:33:54,184.7,200,139300
20231228,09:33:56,184.7,100,139300
20231228,09:33:57,184.05,250,139300
20231228,09:34:01,184.45,50,139300
20231228,09:34:02,184.65,50,139300
20231228,09:34:06,185.25,150,139300
20231228,09:34:07,185.4,1150,139300
20231228,09:34:11,185.35,150,139300
20231228,09:34:14,185.3,50,139300
20231228,09:34:17,185.25,100,139300
20231228,09:34:19,186.6,1800,139300
20231228,09:34:20,188.2,1200,139300
20231228,09:34:22,187.95,750,139300
20231228,09:34:24,188.8,1300,139300
20231228,09:34:25,190.95,2250,139300
20231228,09:34:27,191.0,2750,139300
20231228,09:34:29,189.8,3350,139300
20231228,09:34:30,193.05,4150,139300
20231228,09:34:32,193.8,4550,139300
20231228,09:34:34,191.9,2500,139300
20231228,09:34:35,191.95,850,139300
20231228,09:34:37,191.15,400,139300
20231228,09:34:39,189.55,850,139300
20231228,09:34:40,188.5,800,139300
20231228,09:34:42,189.3,250,139300
20231228,09:34:44,189.5,100,139300
20231228,09:34:45,188.8,100,139300
20231228,09:34:47,189.6,50,139300
20231228,09:34:49,189.85,150,139300
20231228,09:34:50,188.65,50,139300
20231228,09:34:52,186.6,550,139300
20231228,09:34:54,186.7,50,139300
20231228,09:34:55,188.0,200,139300
20231228,09:34:57,187.5,50,139300
20231228,09:35:00,185.5,750,139300
20231228,09:35:02,184.0,1150,139300
20231228,09:35:05,184.7,1050,139300
20231228,09:35:07,184.15,350,139300
20231228,09:35:09,185.0,150,139300
20231228,09:35:10,185.9,200,139300
20231228,09:35:12,186.45,50,139300
20231228,09:35:14,188.05,650,139300
20231228,09:35:15,187.95,50,139300
20231228,09:35:17,188.95,1350,139300
20231228,09:35:19,189.7,900,139300
20231228,09:35:22,187.9,1550,139300
20231228,09:35:24,187.3,400,139300
20231228,09:35:26,185.2,500,139300
20231228,09:35:27,186.05,150,139300
20231228,09:35:29,185.9,50,139300
20231228,09:35:31,187.0,800,139300
20231228,09:35:34,185.55,350,139300
20231228,09:35:36,185.85,350,139300
20231228,09:35:37,187.0,200,139300
20231228,09:35:41,187.4,200,139300
20231228,09:35:46,187.95,150,139300
20231228,09:35:47,188.7,100,139300
20231228,09:35:49,188.55,750,139300
20231228,09:35:51,188.0,100,136750
20231228,09:35:54,188.1,500,136750
20231228,09:35:56,188.2,100,136750
20231228,09:35:57,188.65,100,136750
20231228,09:35:59,188.2,150,136750
20231228,09:36:01,187.2,200,136750
20231228,09:36:04,188.55,300,136750
20231228,09:36:06,189.6,1300,136750
20231228,09:36:07,190.25,350,136750
20231228,09:36:09,191.15,350,136750
20231228,09:36:11,192.15,100,136750
20231228,09:36:12,190.9,200,136750
20231228,09:36:14,189.65,100,136750
20231228,09:36:17,189.85,50,136750
20231228,09:36:19,190.8,300,136750
20231228,09:36:26,190.8,100,136750
20231228,09:36:27,190.3,100,136750
20231228,09:36:29,189.7,50,136750
20231228,09:36:31,190.5,100,136750
20231228,09:36:34,189.8,50,136750
20231228,09:36:36,190.55,100,136750
20231228,09:36:37,191.0,50,136750
20231228,09:36:39,190.2,150,136750
20231228,09:36:41,190.55,750,136750
20231228,09:36:44,190.7,50,136750
20231228,09:36:46,189.0,200,136750
20231228,09:36:47,188.75,50,136750
20231228,09:36:52,187.9,50,136750
20231228,09:36:54,187.7,750,136750
20231228,09:36:56,188.05,100,136750
20231228,09:36:59,188.05,150,136750
20231228,09:37:02,188.2,450,136750
20231228,09:37:06,188.2,100,136750
20231228,09:37:07,187.95,100,136750
20231228,09:37:09,188.25,50,136750
20231228,09:37:11,188.0,50,136750
20231228,09:37:12,187.85,50,136750
20231228,09:37:16,189.35,50,136750
20231228,09:37:26,189.7,550,136750
20231228,09:37:27,190.4,100,136750
20231228,09:37:31,190.0,750,136750
20231228,09:37:36,190.4,250,136750
20231228,09:37:37,190.15,50,136750
20231228,09:37:41,190.2,50,136750
20231228,09:37:42,190.5,50,136750
20231228,09:37:46,190.5,550,136750
20231228,09:37:47,190.3,850,136750
20231228,09:37:52,190.5,800,136750
20231228,09:37:54,189.5,800,136750
20231228,09:37:56,190.5,350,136750
20231228,09:37:57,191.4,50,136750
20231228,09:37:59,190.8,50,136750
20231228,09:38:01,190.0,150,136750
20231228,09:38:02,190.4,350,136750
20231228,09:38:07,190.05,1850,136750
20231228,09:38:09,190.15,1250,136750
20231228,09:38:12,188.75,350,136750
20231228,09:38:14,188.3,800,136750
20231228,09:38:19,189.9,50,136750
20231228,09:38:21,190.0,250,136750
20231228,09:38:26,189.8,50,136750
20231228,09:38:27,190.3,100,136750
20231228,09:38:29,190.5,400,136750
20231228,09:38:32,189.9,50,136750
20231228,09:38:36,189.75,50,136750
20231228,09:38:44,189.5,200,136750
20231228,09:38:46,189.85,100,136750
20231228,09:38:52,189.3,200,136650
20231228,09:39:09,190.65,800,136650
20231228,09:39:12,191.2,50,136650
20231228,09:39:16,187.55,900,136650
20231228,09:39:17,187.95,50,136650
20231228,09:39:19,187.6,100,136650
20231228,09:39:22,186.95,1250,136650
20231228,09:39:26,186.5,50,136650
20231228,09:39:31,186.7,100,136650
20231228,09:39:36,186.75,50,136650
20231228,09:39:41,187.2,100,136650
20231228,09:39:54,187.5,100,136650
20231228,09:40:04,188.3,50,136650
20231228,09:40:11,188.1,100,136650
20231228,09:40:23,188.9,50,136650
20231228,09:40:28,188.75,50,136650
20231228,09:40:38,190.85,50,136650
20231228,09:40:41,190.9,100,136650
20231228,09:40:43,192.3,50,136650
20231228,09:40:44,192.4,1900,136650
20231228,09:40:46,191.25,350,136650
20231228,09:40:49,190.95,200,136650
20231228,09:40:51,191.0,700,136650
20231228,09:40:53,191.6,400,136650
20231228,09:40:54,191.55,50,136650
20231228,09:40:56,191.1,700,136650
20231228,09:40:59,191.1,100,136650
20231228,09:41:01,189.85,500,136650
20231228,09:41:04,190.15,200,136650
20231228,09:41:06,190.35,50,136650
20231228,09:41:08,190.9,400,136650
20231228,09:41:09,191.0,400,136650
20231228,09:41:13,191.6,100,136650
20231228,09:41:19,193.0,100,136650
20231228,09:41:21,192.1,50,136650
20231228,09:41:22,191.8,50,136650
20231228,09:41:24,192.5,50,136650
20231228,09:41:29,192.5,100,136650
20231228,09:41:41,192.9,500,136650
20231228,09:41:42,192.6,700,136650
20231228,09:41:44,192.35,150,136650
20231228,09:41:46,192.35,50,136650
20231228,09:41:54,192.7,50,137650
20231228,09:41:56,191.3,350,137650
20231228,09:42:02,191.3,50,137650
20231228,09:42:04,191.45,100,137650
20231228,09:42:06,191.2,250,137650
20231228,09:42:07,190.6,50,137650
20231228,09:42:09,190.6,750,137650
20231228,09:42:11,190.8,100,137650
20231228,09:42:14,190.55,50,137650
20231228,09:42:19,190.6,50,137650
20231228,09:42:24,190.0,50,137650
20231228,09:42:26,190.0,600,137650
20231228,09:42:28,188.35,550,137650
20231228,09:42:29,188.75,50,137650
20231228,09:42:33,189.0,50,137650
20231228,09:42:36,188.8,50,137650
20231228,09:42:38,188.8,50,137650
20231228,09:42:46,188.2,1050,137650
20231228,09:42:48,185.0,1500,137650
20231228,09:42:49,185.2,300,137650
20231228,09:42:51,184.8,500,137650
20231228,09:42:53,183.0,650,137650
20231228,09:42:54,182.05,950,137650
20231228,09:42:56,183.25,600,137650
20231228,09:42:58,183.85,100,137650
20231228,09:42:59,182.2,50,137650
20231228,09:43:01,182.6,650,137650
20231228,09:43:03,184.2,300,137650
20231228,09:43:04,184.3,50,137650
20231228,09:43:06,185.0,50,137650
20231228,09:43:11,185.35,50,137650
20231228,09:43:13,185.6,200,137650
20231228,09:43:14,186.1,250,137650
20231228,09:43:16,185.05,300,137650
20231228,09:43:18,186.5,700,137650
20231228,09:43:19,185.95,50,137650
20231228,09:43:21,186.65,50,137650
20231228,09:43:26,186.4,650,137650
20231228,09:43:28,186.0,850,137650
20231228,09:43:29,185.9,50,137650
20231228,09:43:44,184.65,50,137650
20231228,09:43:46,184.4,300,137650
20231228,09:43:48,184.9,100,137650
20231228,09:43:53,185.2,100,137650
20231228,09:43:54,185.45,100,137650
20231228,09:43:56,185.0,500,137650
20231228,09:44:04,183.8,450,137650
20231228,09:44:08,185.0,50,137650
20231228,09:44:13,184.4,50,137650
20231228,09:44:21,185.0,150,137650
20231228,09:44:28,185.25,100,137650
20231228,09:44:29,185.2,50,137650
20231228,09:44:41,185.5,50,137650
20231228,09:44:43,185.65,50,137650
20231228,09:44:46,186.25,100,137650
20231228,09:44:48,187.15,500,137650
20231228,09:44:54,185.5,50,138850
20231228,09:44:56,185.5,150,138850
20231228,09:44:59,185.2,50,138850
20231228,09:45:01,184.8,750,138850
20231228,09:45:03,184.45,50,138850
20231228,09:45:04,184.0,350,138850
20231228,09:45:06,184.4,150,138850
20231228,09:45:08,185.15,50,138850
20231228,09:45:09,184.85,50,138850
20231228,09:45:13,185.3,150,138850
20231228,09:45:14,184.6,50,138850
20231228,09:45:19,184.4,200,138850
20231228,09:45:21,184.25,50,138850
20231228,09:45:23,183.85,200,138850
20231228,09:45:24,184.25,50,138850
20231228,09:45:28,184.65,50,138850
20231228,09:45:31,184.15,100,138850
20231228,09:45:33,186.0,50,138850
20231228,09:45:34,185.75,100,138850
20231228,09:45:39,185.05,50,138850
20231228,09:45:41,185.1,550,138850
20231228,09:45:51,185.05,50,138850
20231228,09:45:53,184.15,50,138850
20231228,09:45:58,184.4,300,138850
20231228,09:46:01,185.15,50,138850
20231228,09:46:08,184.6,300,138850
20231228,09:46:09,184.6,200,138850
20231228,09:46:11,184.6,250,138850
20231228,09:46:13,185.0,100,138850
20231228,09:46:19,184.9,650,138850
20231228,09:46:21,185.1,100,138850
20231228,09:46:28,184.5,500,138850
20231228,09:46:29,184.85,50,138850
20231228,09:46:33,185.15,50,138850
20231228,09:46:34,185.45,50,138850
20231228,09:46:41,187.1,50,138850
20231228,09:46:50,187.1,250,138850
20231228,09:46:53,187.45,50,138850
20231228,09:46:55,186.9,50,138850
20231228,09:46:56,186.75,50,138850
20231228,09:46:58,186.0,50,138850
20231228,09:47:00,186.9,300,138850
20231228,09:47:01,186.9,250,138850
20231228,09:47:05,187.35,100,138850
20231228,09:47:13,187.85,150,138850
20231228,09:47:15,188.65,150,138850
20231228,09:47:25,185.8,400,138850
20231228,09:47:26,185.6,50,138850
20231228,09:47:28,186.8,50,138850
20231228,09:47:33,185.4,50,138850
20231228,09:47:36,184.7,500,138850
20231228,09:47:41,182.9,550,138850
20231228,09:47:43,181.0,1050,138850
20231228,09:47:45,180.9,50,138850
20231228,09:47:46,179.9,600,138850
20231228,09:47:48,179.0,3400,138850
20231228,09:47:50,179.25,2350,138850
20231228,09:47:51,179.0,200,138850
20231228,09:47:53,179.7,1350,136100
20231228,09:47:55,179.7,150,136100
20231228,09:47:56,181.3,1100,136100
20231228,09:47:58,180.7,800,136100
20231228,09:48:00,180.95,50,136100
20231228,09:48:01,182.25,1000,136100
20231228,09:48:03,181.55,450,136100
20231228,09:48:05,181.25,700,136100
20231228,09:48:06,181.15,100,136100
20231228,09:48:10,180.3,1400,136100
20231228,09:48:11,181.4,150,136100
20231228,09:48:13,180.55,650,136100
20231228,09:48:14,179.7,150,136100
20231228,09:48:16,180.4,250,136100
20231228,09:48:19,180.0,400,136100
20231228,09:48:21,180.45,100,136100
20231228,09:48:23,181.15,50,136100
20231228,09:48:24,180.6,50,136100
20231228,09:48:29,181.35,100,136100
20231228,09:48:38,181.9,250,136100
20231228,09:48:41,181.7,50,136100
20231228,09:48:48,181.9,50,136100
20231228,09:48:51,181.65,50,136100
20231228,09:48:53,181.5,750,136100
20231228,09:48:54,181.0,1050,136100
20231228,09:48:56,181.45,50,136100
20231228,09:49:01,181.75,50,136100
20231228,09:49:03,182.9,100,136100
20231228,09:49:05,182.85,50,136100
20231228,09:49:06,183.0,300,136100
20231228,09:49:08,182.8,250,136100
20231228,09:49:10,182.2,50,136100
20231228,09:49:20,180.45,50,136100
20231228,09:49:21,180.75,850,136100
20231228,09:49:23,180.75,850,136100
20231228,09:49:25,181.3,2150,136100
20231228,09:49:28,181.4,350,136100
20231228,09:49:30,180.75,50,136100
20231228,09:49:31,180.8,100,136100
20231228,09:49:33,181.2,50,136100
20231228,09:49:36,181.35,150,136100
20231228,09:49:40,181.35,100,136100
20231228,09:49:43,181.2,50,136100
20231228,09:49:45,180.35,100,136100
20231228,09:49:50,179.5,400,136100
20231228,09:49:51,179.25,150,136100
20231228,09:50:00,180.3,50,136100
20231228,09:50:01,179.2,500,136100
20231228,09:50:03,179.05,450,136100
20231228,09:50:05,179.15,450,136100
20231228,09:50:06,179.15,300,136100
20231228,09:50:08,179.2,50,136100
20231228,09:50:10,179.25,200,136100
20231228,09:50:16,179.85,650,136100
20231228,09:50:18,179.3,350,136100
20231228,09:50:20,179.45,350,136100
20231228,09:50:23,179.9,50,136100
20231228,09:50:25,179.75,650,136100
20231228,09:50:26,179.85,50,136100
20231228,09:50:28,179.95,50,136100
20231228,09:50:30,179.45,50,136100
20231228,09:50:36,179.0,50,136100
20231228,09:50:40,178.0,50,136100
20231228,09:50:41,178.7,650,136100
20231228,09:50:46,178.8,100,136100
20231228,09:50:48,179.1,50,136100
20231228,09:50:50,179.3,200,136100
20231228,09:50:51,179.3,100,140550
20231228,09:50:55,179.45,100,140550
20231228,09:50:56,179.6,250,140550
20231228,09:50:58,180.15,50,140550
20231228,09:51:02,179.9,50,140550
20231228,09:51:03,178.65,100,140550
20231228,09:51:07,178.15,100,140550
20231228,09:51:08,178.05,50,140550
20231228,09:51:10,177.2,450,140550
20231228,09:51:12,176.5,200,140550
20231228,09:51:16,176.5,50,140550
20231228,09:51:18,177.95,50,140550
20231228,09:51:20,178.2,1950,140550
20231228,09:51:21,178.65,850,140550
20231228,09:51:23,178.8,1250,140550
20231228,09:51:25,178.55,250,140550
20231228,09:51:30,179.2,450,140550
20231228,09:51:31,179.35,50,140550
20231228,09:51:33,178.8,350,140550
20231228,09:51:41,179.1,50,140550
20231228,09:51:46,180.25,50,140550
20231228,09:51:48,180.35,50,140550
20231228,09:51:50,181.35,950,140550
20231228,09:51:51,181.35,450,140550
20231228,09:51:58,181.4,50,140550
20231228,09:52:00,181.15,150,140550
20231228,09:52:03,181.55,200,140550
20231228,09:52:05,181.95,350,140550
20231228,09:52:06,181.5,300,140550
20231228,09:52:08,181.8,100,140550
20231228,09:52:11,181.55,550,140550
20231228,09:52:15,181.95,2300,140550
20231228,09:52:17,181.7,150,140550
20231228,09:52:18,182.0,250,140550
20231228,09:52:20,181.35,1050,140550
20231228,09:52:22,181.85,500,140550
20231228,09:52:23,183.2,450,140550
20231228,09:52:25,183.1,100,140550
20231228,09:52:27,183.15,400,140550
20231228,09:52:28,182.85,1100,140550
20231228,09:52:30,182.05,200,140550
20231228,09:52:32,182.45,100,140550
20231228,09:52:35,182.5,200,140550
20231228,09:52:37,181.05,300,140550
20231228,09:52:42,179.2,500,140550
20231228,09:52:47,178.6,2550,140550
20231228,09:52:48,180.6,500,140550
20231228,09:52:50,179.95,1100,140550
20231228,09:52:52,180.2,200,140550
20231228,09:52:53,179.6,100,140550
20231228,09:52:55,179.95,50,140550
20231228,09:53:00,179.95,100,140550
20231228,09:53:05,181.2,50,140550
20231228,09:53:08,181.8,50,140550
20231228,09:53:10,180.9,50,140550
20231228,09:53:13,181.3,50,140550
20231228,09:53:16,180.55,100,140550
20231228,09:53:22,180.55,50,140550
20231228,09:53:25,180.6,50,140550
20231228,09:53:30,181.1,350,140550
20231228,09:53:32,181.1,100,140550
20231228,09:53:33,180.95,200,140550
20231228,09:53:40,180.75,50,140550
20231228,09:53:48,180.0,50,140550
20231228,09:54:00,180.9,100,141650
20231228,09:54:03,181.75,200,141650
20231228,09:54:05,181.9,50,141650
20231228,09:54:07,181.85,50,141650
20231228,09:54:08,181.45,650,141650
20231228,09:54:13,180.95,50,141650
20231228,09:54:15,181.0,50,141650
20231228,09:54:17,180.35,50,141650
20231228,09:54:18,181.55,250,141650
20231228,09:54:20,181.6,300,141650
20231228,09:54:22,181.85,100,141650
20231228,09:54:27,181.85,50,141650
20231228,09:54:28,181.6,100,141650
20231228,09:54:30,181.85,500,141650
20231228,09:54:33,181.7,400,141650
20231228,09:54:38,181.5,50,141650
20231228,09:54:40,181.6,1000,141650
20231228,09:54:42,181.7,150,141650
20231228,09:54:43,181.55,250,141650
20231228,09:54:45,181.85,50,141650
20231228,09:54:47,181.5,100,141650
20231228,09:54:52,181.45,100,141650
20231228,09:54:53,180.95,1200,141650
20231228,09:54:58,181.3,350,141650
20231228,09:55:02,181.3,50,141650
20231228,09:55:03,181.7,150,141650
20231228,09:55:05,181.7,100,141650
20231228,09:55:07,181.65,50,141650
20231228,09:55:08,181.05,100,141650
20231228,09:55:10,181.1,50,141650
20231228,09:55:12,181.55,450,141650
20231228,09:55:13,180.8,900,141650
20231228,09:55:15,180.45,150,141650
20231228,09:55:20,181.2,50,141650
20231228,09:55:22,181.5,50,141650
20231228,09:55:28,181.65,700,141650
20231228,09:55:30,181.3,350,141650
20231228,09:55:32,181.4,550,141650
20231228,09:55:35,181.4,350,141650
20231228,09:55:37,182.5,300,141650
20231228,09:55:42,185.05,1150,141650
20231228,09:55:43,185.4,150,141650
20231228,09:55:45,189.5,6750,141650
20231228,09:55:47,189.0,4750,141650
20231228,09:55:48,189.8,500,141650
20231228,09:55:50,190.55,9550,141650
20231228,09:55:52,191.65,5800,141650
20231228,09:55:53,192.6,2200,141650
20231228,09:55:55,191.9,2250,141650
20231228,09:55:57,190.05,1350,141650
20231228,09:55:58,190.1,200,141650
20231228,09:56:00,190.5,150,141650
20231228,09:56:02,188.7,1300,141650
20231228,09:56:03,188.95,1750,141650
20231228,09:56:05,190.55,3200,141650
20231228,09:56:07,189.55,50,141650
20231228,09:56:08,188.65,200,141650
20231228,09:56:10,188.95,100,141650
20231228,09:56:12,188.65,50,141650
20231228,09:56:13,187.1,450,141650
20231228,09:56:15,185.55,500,141650
20231228,09:56:17,186.45,150,141650
20231228,09:56:20,185.0,50,141650
20231228,09:56:22,185.6,50,141650
20231228,09:56:23,186.9,350,141650
20231228,09:56:27,187.35,450,141650
20231228,09:56:30,187.25,500,141650
20231228,09:56:32,186.5,100,141650
20231228,09:56:33,186.5,50,141650
20231228,09:56:37,188.45,150,141650
20231228,09:56:38,187.2,50,141650
20231228,09:56:40,187.65,850,141650
20231228,09:56:42,187.25,50,141650
20231228,09:56:43,187.15,200,141650
20231228,09:56:50,186.1,450,141650
20231228,09:56:52,186.25,50,141650
20231228,09:56:57,187.05,100,137200
20231228,09:57:00,185.7,200,137200
20231228,09:57:03,186.25,150,137200
20231228,09:57:05,187.2,150,137200
20231228,09:57:13,188.7,1550,137200
20231228,09:57:18,188.1,150,137200
20231228,09:57:20,187.0,50,137200
20231228,09:57:22,187.45,350,137200
20231228,09:57:23,187.95,900,137200
20231228,09:57:25,187.9,350,137200
20231228,09:57:28,188.95,350,137200
20231228,09:57:33,189.55,350,137200
20231228,09:57:35,189.9,550,137200
20231228,09:57:37,189.5,900,137200
20231228,09:57:38,189.3,700,137200
20231228,09:57:40,188.7,50,137200
20231228,09:57:42,189.1,150,137200
20231228,09:57:47,189.7,50,137200
20231228,09:57:52,190.55,50,137200
20231228,09:57:57,190.8,150,137200
20231228,09:58:00,190.1,50,137200
20231228,09:58:02,189.6,400,137200
20231228,09:58:04,187.95,100,137200
20231228,09:58:05,189.05,150,137200
20231228,09:58:07,188.3,50,137200
20231228,09:58:09,188.0,50,137200
20231228,09:58:10,188.4,450,137200
20231228,09:58:12,189.05,500,137200
20231228,09:58:14,188.4,300,137200
20231228,09:58:15,190.05,50,137200
20231228,09:58:17,190.55,900,137200
20231228,09:58:19,190.4,950,137200
20231228,09:58:20,190.55,1050,137200
20231228,09:58:24,191.25,150,137200
20231228,09:58:25,191.85,1100,137200
20231228,09:58:27,191.75,2400,137200
20231228,09:58:29,192.7,50,137200
20231228,09:58:30,192.65,150,137200
20231228,09:58:32,190.7,450,137200
20231228,09:58:34,190.35,1150,137200
20231228,09:58:35,190.45,300,137200
20231228,09:58:37,190.15,100,137200
20231228,09:58:39,190.75,50,137200
20231228,09:58:40,190.55,50,137200
20231228,09:58:42,190.6,750,137200
20231228,09:58:44,190.65,150,137200
20231228,09:58:47,190.55,50,137200
20231228,09:58:49,190.85,300,137200
20231228,09:58:52,190.55,100,137200
20231228,09:58:55,191.0,100,137200
20231228,09:58:57,190.45,250,137200
20231228,09:58:59,190.0,1100,137200
20231228,09:59:00,190.0,50,137200
20231228,09:59:02,189.45,50,137200
20231228,09:59:05,188.15,200,137200
20231228,09:59:09,188.35,150,137200
20231228,09:59:14,188.0,100,137200
20231228,09:59:17,187.5,100,137200
20231228,09:59:18,188.0,150,137200
20231228,09:59:20,188.9,50,137200
20231228,09:59:22,187.7,100,137200
20231228,09:59:25,188.5,200,137200
20231228,09:59:27,188.8,100,137200
20231228,09:59:32,186.65,1750,137200
20231228,09:59:33,186.85,50,137200
20231228,09:59:35,186.85,50,137200
20231228,09:59:37,188.0,50,137200
20231228,09:59:38,187.1,1000,137200
20231228,09:59:43,186.8,200,137200
20231228,09:59:45,186.9,150,137200
20231228,09:59:47,187.1,200,137200
20231228,09:59:48,185.9,500,137200
20231228,09:59:50,186.55,50,137200
20231228,09:59:55,185.95,250,134100
20231228,09:59:57,186.9,50,134100
20231228,09:59:58,187.55,600,134100
20231228,10:00:04,186.65,100,134100
20231228,10:00:05,187.1,150,134100
20231228,10:00:09,184.35,2200,134100
20231228,10:00:10,183.7,150,134100
20231228,10:00:12,185.65,2000,134100
20231228,10:00:14,186.3,100,134100
20231228,10:00:15,186.8,950,134100
20231228,10:00:17,186.7,100,134100
20231228,10:00:18,187.1,100,134100
20231228,10:00:20,187.8,200,134100
20231228,10:00:22,188.65,50,134100
20231228,10:00:23,188.85,100,134100
20231228,10:00:25,188.65,900,134100
20231228,10:00:27,188.8,50,134100
20231228,10:00:28,189.15,50,134100
20231228,10:00:30,188.75,400,134100
20231228,10:00:32,188.05,250,134100
20231228,10:00:33,188.8,350,134100
20231228,10:00:35,189.8,850,134100
20231228,10:00:45,189.45,300,134100
20231228,10:00:58,189.0,1100,134100
20231228,10:01:00,189.5,50,134100
20231228,10:01:02,190.4,250,134100
20231228,10:01:03,189.0,100,134100
20231228,10:01:12,188.85,100,134100
20231228,10:01:20,190.75,450,134100
20231228,10:01:22,190.1,50,134100
20231228,10:01:23,191.15,100,134100
20231228,10:01:25,191.3,250,134100
20231228,10:01:28,192.0,300,134100
20231228,10:01:35,191.05,150,134100
20231228,10:01:40,189.6,100,134100
20231228,10:01:43,190.75,50,134100
20231228,10:01:45,191.05,50,134100
20231228,10:01:47,190.75,300,134100
20231228,10:01:48,191.25,50,134100
20231228,10:01:52,192.1,150,134100
20231228,10:01:55,192.5,50,134100
20231228,10:01:58,193.2,1400,134100
20231228,10:02:03,190.6,350,134100
20231228,10:02:05,191.0,1850,134100
20231228,10:02:10,191.7,150,134100
20231228,10:02:17,191.5,100,134100
20231228,10:02:19,192.0,550,134100
20231228,10:02:22,191.8,150,134100
20231228,10:02:24,191.8,50,134100
20231228,10:02:25,193.0,50,134100
20231228,10:02:27,192.55,100,134100
20231228,10:02:29,192.6,100,134100
20231228,10:02:30,192.55,50,134100
20231228,10:02:32,194.25,450,134100
20231228,10:02:34,194.15,200,134100
20231228,10:02:35,193.35,50,134100
20231228,10:02:37,193.35,50,134100
20231228,10:02:39,194.15,100,134100
20231228,10:02:42,193.15,450,134100
20231228,10:02:47,193.25,50,134100
20231228,10:02:49,192.45,50,134100
20231228,10:02:57,193.2,50,134600
20231228,10:03:00,195.0,200,134600
20231228,10:03:02,195.25,750,134600
20231228,10:03:05,194.1,250,134600
20231228,10:03:07,195.2,50,134600
20231228,10:03:09,195.5,150,134600
20231228,10:03:10,195.4,200,134600
20231228,10:03:12,195.8,100,134600
20231228,10:03:14,196.2,200,134600
20231228,10:03:15,195.25,50,134600
20231228,10:03:17,198.9,1050,134600
20231228,10:03:18,200.95,4000,134600
20231228,10:03:20,200.5,1000,134600
20231228,10:03:22,203.4,3350,134600
20231228,10:03:23,202.65,1100,134600
20231228,10:03:25,207.0,5150,134600
20231228,10:03:27,207.25,6150,134600
20231228,10:03:28,203.7,3500,134600
20231228,10:03:30,202.4,1050,134600
20231228,10:03:32,202.5,3050,134600
20231228,10:03:33,201.85,700,134600
20231228,10:03:35,202.5,1750,134600
20231228,10:03:37,202.1,1350,134600
20231228,10:03:38,203.0,150,134600
20231228,10:03:40,203.5,1650,134600
20231228,10:03:42,202.15,700,134600
20231228,10:03:43,203.0,250,134600
20231228,10:03:45,202.55,150,134600
20231228,10:03:47,202.7,150,134600
20231228,10:03:50,201.3,600,134600
20231228,10:03:52,200.0,900,134600
20231228,10:03:53,200.55,1900,134600
20231228,10:03:57,200.55,1850,134600
20231228,10:03:58,200.2,100,134600
20231228,10:04:00,200.0,400,134600
20231228,10:04:02,199.05,1450,134600
20231228,10:04:03,202.0,800,134600
20231228,10:04:05,202.9,2450,134600
20231228,10:04:08,201.5,850,134600
20231228,10:04:10,200.05,1350,134600
20231228,10:04:13,200.5,50,134600
20231228,10:04:15,199.4,150,134600
20231228,10:04:17,199.7,200,134600
20231228,10:04:20,199.4,400,134600
20231228,10:04:22,198.65,50,134600
20231228,10:04:24,199.55,50,134600
20231228,10:04:25,200.45,250,134600
20231228,10:04:32,200.0,1000,134600
20231228,10:04:35,202.5,150,134600
20231228,10:04:37,202.85,150,134600
20231228,10:04:39,201.75,200,134600
20231228,10:04:42,204.65,100,134600
20231228,10:04:44,204.15,850,134600
20231228,10:04:47,204.0,100,134600
20231228,10:04:49,205.0,200,134600
20231228,10:04:50,203.4,450,134600
20231228,10:04:52,203.15,50,134600
20231228,10:04:57,204.95,350,134600
20231228,10:04:59,203.85,1850,134600
20231228,10:05:00,206.45,200,134600
20231228,10:05:02,210.4,8400,134600
20231228,10:05:04,209.25,1100,134600
20231228,10:05:05,208.05,100,134600
20231228,10:05:07,206.7,150,134600
20231228,10:05:10,206.1,100,134600
20231228,10:05:12,205.35,100,134600
20231228,10:05:14,205.35,100,134600
20231228,10:05:15,206.35,200,134600
20231228,10:05:17,207.0,200,134600
20231228,10:05:19,208.7,150,134600
20231228,10:05:20,207.25,2250,134600
20231228,10:05:22,209.3,800,134600
20231228,10:05:24,209.0,400,134600
20231228,10:05:25,207.2,50,134600
20231228,10:05:27,207.2,100,134600
20231228,10:05:29,205.85,200,134600
20231228,10:05:30,205.35,550,134600
20231228,10:05:32,205.7,350,134600
20231228,10:05:37,207.9,550,134600
20231228,10:05:44,205.75,150,134600
20231228,10:05:45,205.55,900,134600
20231228,10:05:47,203.9,350,134600
20231228,10:05:49,203.6,50,134600
20231228,10:05:50,202.8,50,134600
20231228,10:05:52,202.9,100,134600
20231228,10:05:54,205.2,700,134600
20231228,10:05:55,205.1,800,136150
20231228,10:05:57,205.85,50,136150
20231228,10:05:59,204.8,150,136150
20231228,10:06:00,206.9,600,136150
20231228,10:06:02,207.9,100,136150
20231228,10:06:07,206.85,700,136150
20231228,10:06:09,204.85,600,136150
20231228,10:06:10,205.95,200,136150
20231228,10:06:14,207.7,1000,136150
20231228,10:06:15,206.45,50,136150
20231228,10:06:17,206.7,50,136150
20231228,10:06:20,206.1,250,136150
20231228,10:06:22,206.0,50,136150
20231228,10:06:27,208.1,800,136150
20231228,10:06:34,207.2,300,136150
20231228,10:06:35,207.65,500,136150
20231228,10:06:37,210.0,200,136150
20231228,10:06:39,210.5,150,136150
20231228,10:06:40,210.5,200,136150
20231228,10:06:42,209.85,350,136150
20231228,10:06:44,210.0,50,136150
20231228,10:06:45,210.65,350,136150
20231228,10:06:47,212.4,300,136150
20231228,10:06:49,210.8,7050,136150
20231228,10:06:51,210.0,100,136150
20231228,10:06:52,211.0,50,136150
20231228,10:06:56,215.0,4150,136150
20231228,10:06:57,216.05,1800,136150
20231228,10:06:59,216.35,900,136150
20231228,10:07:01,216.5,600,136150
20231228,10:07:02,217.2,1300,136150
20231228,10:07:04,214.85,3700,136150
20231228,10:07:06,214.85,250,136150
20231228,10:07:07,215.65,450,136150
20231228,10:07:09,216.6,100,136150
20231228,10:07:11,215.75,50,136150
20231228,10:07:12,217.05,1000,136150
20231228,10:07:14,216.45,750,136150
20231228,10:07:15,215.05,650,136150
20231228,10:07:17,215.85,150,136150
20231228,10:07:19,217.4,150,136150
20231228,10:07:20,219.25,1050,136150
20231228,10:07:22,219.45,100,136150
20231228,10:07:24,217.65,950,136150
20231228,10:07:25,220.4,400,136150
20231228,10:07:27,219.95,100,136150
20231228,10:07:29,218.75,1100,136150
20231228,10:07:30,218.7,650,136150
20231228,10:07:37,218.7,1100,136150
20231228,10:07:39,216.4,300,136150
20231228,10:07:40,217.45,450,136150
20231228,10:07:42,217.25,150,136150
20231228,10:07:44,214.95,250,136150
20231228,10:07:45,215.65,100,136150
20231228,10:07:47,215.25,650,136150
20231228,10:07:49,215.35,600,136150
20231228,10:07:50,213.1,100,136150
20231228,10:07:52,213.05,300,136150
20231228,10:07:54,212.0,50,136150
20231228,10:07:55,212.15,100,136150
20231228,10:07:57,212.35,900,136150
20231228,10:07:59,212.25,150,136150
20231228,10:08:00,211.25,750,136150
20231228,10:08:02,209.55,1950,136150
20231228,10:08:04,209.05,450,136150
20231228,10:08:05,207.35,250,136150
20231228,10:08:07,205.6,1600,136150
20231228,10:08:09,206.1,1100,136150
20231228,10:08:10,207.4,900,136150
20231228,10:08:12,207.55,50,136150
20231228,10:08:16,208.15,250,136150
20231228,10:08:17,207.0,100,136150
20231228,10:08:19,206.6,150,136150
20231228,10:08:21,206.5,200,136150
20231228,10:08:26,207.7,50,136150
20231228,10:08:34,211.3,50,136150
20231228,10:08:39,208.7,1150,136150
20231228,10:08:41,210.05,50,136150
20231228,10:08:44,208.9,100,136150
20231228,10:08:47,207.5,50,136150
20231228,10:08:54,206.9,100,136150
20231228,10:08:59,207.95,50,135800
20231228,10:09:03,206.95,200,135800
20231228,10:09:04,207.4,50,135800
20231228,10:09:06,210.25,100,135800
20231228,10:09:08,209.05,100,135800
20231228,10:09:09,210.7,1450,135800
20231228,10:09:11,209.9,300,135800
20231228,10:09:16,208.2,2100,135800
20231228,10:09:17,207.5,650,135800
20231228,10:09:19,207.3,50,135800
20231228,10:09:24,207.0,100,135800
20231228,10:09:26,206.45,50,135800
20231228,10:09:29,207.45,300,135800
20231228,10:09:32,208.9,50,135800
20231228,10:09:34,209.05,100,135800
20231228,10:09:37,207.9,50,135800
20231228,10:09:44,206.55,450,135800
20231228,10:09:47,207.0,50,135800
20231228,10:09:49,208.2,500,135800
20231228,10:09:51,207.05,50,135800
20231228,10:09:52,206.55,100,135800
20231228,10:09:54,205.0,600,135800
20231228,10:09:57,203.4,850,135800
20231228,10:10:01,201.0,350,135800
20231228,10:10:04,202.65,150,135800
20231228,10:10:06,202.5,150,135800
20231228,10:10:09,203.35,100,135800
20231228,10:10:11,201.85,350,135800
20231228,10:10:12,202.2,150,135800
20231228,10:10:16,200.15,50,135800
20231228,10:10:17,198.85,2450,135800
20231228,10:10:19,197.9,850,135800
20231228,10:10:21,197.5,600,135800
20231228,10:10:22,193.45,1700,135800
20231228,10:10:24,191.65,250,135800
20231228,10:10:26,193.15,300,135800
20231228,10:10:27,194.0,1050,135800
20231228,10:10:29,191.95,750,135800
20231228,10:10:31,194.0,300,135800
20231228,10:10:32,195.05,250,135800
20231228,10:10:34,195.0,800,135800
20231228,10:10:36,196.8,1300,135800
20231228,10:10:39,198.0,650,135800
20231228,10:10:41,197.15,400,135800
20231228,10:10:42,197.45,350,135800
20231228,10:10:44,197.7,100,135800
20231228,10:10:49,198.9,100,135800
20231228,10:10:51,197.75,500,135800
20231228,10:10:52,197.6,200,135800
20231228,10:10:56,199.9,200,135800
20231228,10:10:57,200.25,650,135800
20231228,10:10:59,200.8,150,135800
20231228,10:11:01,200.95,50,135800
20231228,10:11:02,201.6,300,135800
20231228,10:11:04,202.2,300,135800
20231228,10:11:06,205.65,800,135800
20231228,10:11:08,208.05,1150,135800
20231228,10:11:09,207.1,1350,135800
20231228,10:11:11,208.65,100,135800
20231228,10:11:13,209.25,400,135800
20231228,10:11:16,208.95,1900,135800
20231228,10:11:18,209.6,1550,135800
20231228,10:11:19,207.9,300,135800
20231228,10:11:21,209.35,250,135800
20231228,10:11:23,210.2,50,135800
20231228,10:11:24,213.0,400,135800
20231228,10:11:26,211.7,2250,135800
20231228,10:11:28,212.55,400,135800
20231228,10:11:29,212.4,150,135800
20231228,10:11:31,211.8,50,135800
20231228,10:11:33,215.0,150,135800
20231228,10:11:36,212.45,300,135800
20231228,10:11:38,213.85,400,135800
20231228,10:11:41,213.25,100,135800
20231228,10:11:44,213.25,100,135800
20231228,10:11:46,214.0,50,135800
20231228,10:11:48,214.55,50,135800
20231228,10:11:53,214.55,250,135800
20231228,10:11:54,216.6,600,135800
20231228,10:11:56,216.2,200,135500
20231228,10:11:58,214.7,250,135500
20231228,10:11:59,218.0,400,135500
20231228,10:12:01,216.75,550,135500
20231228,10:12:03,215.75,100,135500
20231228,10:12:04,214.8,2050,135500
20231228,10:12:06,214.2,400,135500
20231228,10:12:08,214.75,1350,135500
20231228,10:12:09,214.0,700,135500
20231228,10:12:11,215.6,300,135500
20231228,10:12:13,217.15,100,135500
20231228,10:12:14,214.5,300,135500
20231228,10:12:16,213.35,350,135500
