date,time,tick_price,volume,open_interest
20240116,09:15:10,1.8,250,6150
20240116,09:15:11,1.8,500,6150
20240116,09:15:16,1.9,1900,6150
20240116,09:15:18,1.9,50,6150
20240116,09:15:21,1.5,50,6150
20240116,09:15:28,0.85,1800,6150
20240116,09:15:58,0.85,50,6150
20240116,09:16:21,0.75,750,6150
20240116,09:16:43,0.75,200,6150
20240116,09:16:44,0.95,500,6150
20240116,09:17:01,0.85,50,6150
20240116,09:17:27,0.85,350,6150
20240116,09:17:55,0.85,150,6150
20240116,09:18:09,0.85,50,6150
20240116,09:18:31,0.8,50,6150
20240116,09:18:45,0.8,50,6150
20240116,09:18:58,0.85,200,6150
20240116,09:19:14,0.55,5400,6150
20240116,09:19:15,0.55,850,6150
20240116,09:19:16,0.55,700,6150
20240116,09:19:18,0.55,650,6150
20240116,09:19:19,0.5,350,6150
20240116,09:19:19,0.5,100,6150
20240116,09:19:23,0.5,100,6150
20240116,09:19:24,0.5,100,6150
20240116,09:19:24,0.5,650,6150
20240116,09:19:26,0.5,300,6150
20240116,09:19:26,0.5,100,6150
20240116,09:19:28,0.5,1900,6150
20240116,09:19:33,0.5,500,6150
20240116,09:19:34,0.5,1700,6150
20240116,09:19:38,0.5,100,6150
20240116,09:19:41,0.5,100,6150
20240116,09:19:43,0.5,100,6150
20240116,09:19:56,0.7,500,6150
20240116,09:20:12,0.6,2000,6150
20240116,09:20:22,0.5,50,6150
20240116,09:20:31,0.55,3100,17900
20240116,09:20:35,0.65,150,17900
20240116,09:20:36,0.65,500,17900
20240116,09:20:58,0.65,50,17900
20240116,09:21:01,0.6,50,17900
20240116,09:21:13,0.6,100,17900
20240116,09:21:16,0.6,350,17900
20240116,09:21:18,0.6,50,17900
20240116,09:21:30,0.6,1000,17900
20240116,09:21:36,0.6,50,17900
20240116,09:21:47,0.6,250,17900
20240116,09:21:51,0.55,50,17900
20240116,09:21:54,0.5,350,17900
20240116,09:22:01,0.5,150,17900
20240116,09:22:06,0.5,200,17900
20240116,09:22:16,0.5,150,17900
20240116,09:22:23,0.6,50,17900
20240116,09:22:24,0.6,50,17900
20240116,09:22:39,0.6,100,17900
20240116,09:22:40,0.6,100,17900
20240116,09:22:42,0.6,100,17900
20240116,09:22:44,0.6,100,17900
20240116,09:22:45,0.6,100,17900
20240116,09:22:49,0.5,1800,17900
20240116,09:22:57,0.5,150,17900
20240116,09:22:58,0.6,100,17900
20240116,09:22:59,0.5,800,17900
20240116,09:23:00,0.6,100,17900
20240116,09:23:01,0.5,1150,17900
20240116,09:23:02,0.6,50,17900
20240116,09:23:04,0.6,100,17900
20240116,09:23:04,0.55,1800,17900
20240116,09:23:05,0.55,1800,17900
20240116,09:23:07,0.55,1800,17900
20240116,09:23:08,0.55,700,17900
20240116,09:23:09,0.6,100,17900
20240116,09:23:10,0.55,250,17900
20240116,09:23:11,0.6,50,17900
20240116,09:23:14,0.6,200,17900
20240116,09:23:15,0.6,150,17900
20240116,09:23:16,0.6,100,17900
20240116,09:23:17,0.6,100,17900
20240116,09:23:20,0.6,150,17900
20240116,09:23:21,0.6,1800,17900
20240116,09:23:22,0.6,1800,17900
20240116,09:23:27,0.6,1800,17900
20240116,09:23:30,0.6,1800,17900
20240116,09:23:35,0.6,1800,32850
20240116,09:23:38,0.6,1800,32850
20240116,09:23:49,0.6,50,32850
20240116,09:23:57,0.6,50,32850
20240116,09:24:04,0.6,1800,32850
20240116,09:24:07,0.6,1800,32850
20240116,09:24:13,0.6,50,32850
20240116,09:24:54,0.65,250,32850
20240116,09:25:04,0.65,50,32850
20240116,09:25:05,0.6,1700,32850
20240116,09:25:44,0.65,50,32850
20240116,09:26:03,0.65,50,32850
20240116,09:26:05,0.6,50,32850
20240116,09:26:08,0.6,1800,32850
20240116,09:26:09,0.6,3100,32850
20240116,09:26:09,0.65,50,32850
20240116,09:26:10,0.65,100,32850
20240116,09:26:28,0.65,50,32850
20240116,09:26:28,0.6,50,32850
20240116,09:26:29,0.65,50,32850
20240116,09:26:54,0.6,250,32850
20240116,09:27:35,0.6,50,46550
20240116,09:27:45,0.6,1800,46550
20240116,09:27:49,0.6,250,46550
20240116,09:27:51,0.65,2000,46550
20240116,09:27:51,0.6,50,46550
20240116,09:28:07,0.65,400,46550
20240116,09:28:23,0.65,700,46550
20240116,09:28:24,0.7,300,46550
20240116,09:28:46,0.7,500,46550
20240116,09:28:49,0.6,850,46550
20240116,09:28:50,0.6,1350,46550
20240116,09:28:51,0.6,300,46550
20240116,09:28:52,0.6,500,46550
20240116,09:28:53,0.6,400,46550
20240116,09:28:55,0.65,50,46550
20240116,09:28:57,0.6,1150,46550
20240116,09:28:58,0.6,950,46550
20240116,09:29:02,0.6,450,46550
20240116,09:29:05,0.6,250,46550
20240116,09:29:06,0.6,600,46550
20240116,09:29:09,0.6,50,46550
20240116,09:29:17,0.65,1500,46550
20240116,09:29:17,0.6,100,46550
20240116,09:29:21,0.65,50,46550
20240116,09:29:56,0.65,200,46550
20240116,09:29:57,0.65,50,53200
20240116,09:30:09,0.65,1500,53200
20240116,09:31:02,0.65,600,53200
20240116,09:31:11,0.6,750,53200
20240116,09:31:12,0.65,50,53200
20240116,09:31:25,0.6,250,53200
20240116,09:31:26,0.65,50,53200
20240116,09:31:30,0.7,50,53200
20240116,09:31:59,0.6,550,53200
20240116,09:32:00,0.6,500,53200
20240116,09:32:02,0.6,500,53200
20240116,09:32:03,0.6,300,53200
20240116,09:32:04,0.65,850,53200
20240116,09:32:05,0.6,300,53200
20240116,09:32:07,0.65,50,53200
20240116,09:32:29,0.6,3200,53200
20240116,09:32:34,0.6,50,53200
20240116,09:32:37,0.65,100,58500
20240116,09:32:59,0.6,1000,58500
20240116,09:33:06,0.6,250,58500
20240116,09:33:16,0.65,100,58500
20240116,09:33:55,0.65,50,58500
20240116,09:34:02,0.65,400,58500
20240116,09:34:28,0.65,50,58500
20240116,09:34:33,0.6,400,58500
20240116,09:34:33,0.65,50,58500
20240116,09:35:25,0.65,350,58500
20240116,09:35:43,0.65,100,59200
20240116,09:36:17,0.6,1000,59200
20240116,09:36:18,0.6,250,59200
20240116,09:36:21,0.65,650,59200
20240116,09:36:23,0.6,200,59200
20240116,09:36:53,0.65,100,59200
20240116,09:37:05,0.6,50,59200
20240116,09:37:28,0.6,150,59200
20240116,09:37:49,0.6,800,59200
20240116,09:38:13,0.6,50,59200
20240116,09:38:18,0.65,50,59200
20240116,09:38:23,0.65,50,59200
20240116,09:38:25,0.65,50,59200
20240116,09:38:25,0.55,200,59200
20240116,09:38:28,0.6,50,59200
20240116,09:39:16,0.65,550,59200
20240116,09:39:33,0.55,650,61000
20240116,09:39:49,0.65,100,61000
20240116,09:40:01,0.55,250,61000
20240116,09:40:04,0.55,50,61000
20240116,09:40:09,0.55,850,61000
20240116,09:40:17,0.65,50,61000
20240116,09:40:41,0.6,250,61000
20240116,09:42:25,0.65,50,61250
20240116,09:43:04,0.6,50,61250
20240116,09:43:50,0.65,50,61250
20240116,09:44:37,0.65,50,61300
20240116,09:44:58,0.6,50,61300
20240116,09:45:08,0.65,50,61300
20240116,09:45:22,0.65,50,61300
20240116,09:45:40,0.55,50,61300
20240116,09:45:52,0.6,50,61300
20240116,09:46:01,0.6,50,61300
20240116,09:46:02,0.6,50,61300
20240116,09:46:12,0.6,500,61300
20240116,09:46:15,0.55,50,61300
20240116,09:46:21,0.6,600,61300
20240116,09:46:26,0.6,250,61300
20240116,09:46:44,0.6,50,61300
20240116,09:46:47,0.6,50,61300
20240116,09:46:53,0.55,50,61300
20240116,09:47:22,0.6,50,61300
20240116,09:47:44,0.6,250,61350
20240116,09:47:48,0.55,350,61350
20240116,09:47:57,0.6,50,61350
20240116,09:48:01,0.6,50,61350
20240116,09:48:05,0.6,100,61350
20240116,09:48:10,0.6,50,61350
20240116,09:48:20,0.55,50,61350
20240116,09:48:21,0.55,450,61350
20240116,09:49:23,0.6,1300,61350
20240116,09:49:26,0.6,50,61350
20240116,09:49:41,0.55,500,61350
20240116,09:49:51,0.6,50,61350
20240116,09:50:54,0.55,650,61350
20240116,09:51:04,0.55,300,62900
20240116,09:51:06,0.6,50,62900
20240116,09:51:15,0.55,250,62900
20240116,09:51:36,0.55,1800,62900
20240116,09:51:42,0.55,150,62900
20240116,09:51:45,0.6,50,62900
20240116,09:51:50,0.55,1800,62900
20240116,09:51:53,0.55,1800,62900
20240116,09:51:58,0.55,1800,62900
20240116,09:52:00,0.55,1800,62900
20240116,09:52:14,0.6,50,62900
20240116,09:52:20,0.55,50,62900
20240116,09:52:52,0.6,50,62900
20240116,09:53:09,0.6,700,62900
20240116,09:53:29,0.55,1300,62900
20240116,09:53:34,0.55,100,62900
20240116,09:53:36,0.55,1800,63500
20240116,09:53:47,0.55,1800,63500
20240116,09:53:53,0.6,3550,63500
20240116,09:53:54,0.55,1750,63500
20240116,09:53:55,0.6,50,63500
20240116,09:54:01,0.55,1800,63500
20240116,09:54:03,0.55,1700,63500
20240116,09:54:09,0.55,50,63500
20240116,09:54:39,0.55,650,63500
20240116,09:55:04,0.55,1450,63500
20240116,09:55:08,0.55,400,63500
20240116,09:55:14,0.55,250,63500
20240116,09:55:33,0.55,100,63500
20240116,09:55:52,0.5,50,63500
20240116,09:56:10,0.55,50,63500
20240116,09:57:17,0.55,1800,63500
20240116,09:57:18,0.55,200,66600
20240116,09:57:58,0.55,800,66600
20240116,09:58:11,0.55,150,66600
20240116,09:58:32,0.5,250,66600
20240116,09:59:07,0.55,1800,66600
20240116,09:59:08,0.55,1800,66600
20240116,09:59:11,0.55,1800,66600
20240116,09:59:12,0.55,1800,66600
20240116,09:59:13,0.55,4800,66600
20240116,09:59:16,0.55,3800,66600
20240116,09:59:17,0.55,600,66600
20240116,09:59:18,0.55,400,66600
20240116,09:59:27,0.55,50,66600
20240116,09:59:34,0.55,50,66600
20240116,10:00:00,0.6,1500,66600
20240116,10:00:08,0.55,50,75250
20240116,10:00:35,0.55,650,75250
20240116,10:01:13,0.6,50,75250
20240116,10:01:52,0.6,600,75250
20240116,10:02:06,0.6,1800,75250
20240116,10:02:13,0.55,300,75250
20240116,10:02:16,0.5,2150,75250
20240116,10:02:43,0.55,550,75250
20240116,10:02:43,0.55,1700,75100
20240116,10:02:54,0.6,50,75100
20240116,10:03:03,0.55,450,75100
20240116,10:03:03,0.55,50,75100
20240116,10:04:01,0.6,1150,75100
20240116,10:04:11,0.6,50,75100
20240116,10:07:16,0.55,1450,77850
20240116,10:07:26,0.55,50,77850
20240116,10:10:25,0.6,100,77850
20240116,10:11:01,0.6,150,77850
20240116,10:11:59,0.5,1550,77850
20240116,10:12:40,0.55,800,77850
20240116,10:13:01,0.55,1900,77850
20240116,10:13:23,0.55,1100,77850
20240116,10:13:24,0.55,300,77850
20240116,10:13:31,0.55,300,77850
20240116,10:14:11,0.55,2000,77850
20240116,10:14:12,0.55,650,77850
20240116,10:14:13,0.55,1100,77850
20240116,10:14:14,0.55,250,77850
20240116,10:14:16,0.55,300,77850
20240116,10:14:16,0.55,250,77850
20240116,10:14:17,0.55,600,77850
20240116,10:15:38,0.5,100,68300
20240116,10:17:17,0.55,50,68300
20240116,10:18:20,0.55,350,68300
20240116,10:18:34,0.55,150,68300
20240116,10:18:44,0.55,250,68300
20240116,10:18:52,0.55,400,68300
20240116,10:18:54,0.55,650,68300
20240116,10:18:54,0.55,250,68300
20240116,10:18:56,0.55,400,68300
20240116,10:18:57,0.55,300,68300
20240116,10:19:04,0.55,300,68300
20240116,10:19:05,0.55,1800,68300
20240116,10:19:07,0.55,600,68300
20240116,10:19:08,0.55,250,68300
20240116,10:19:09,0.55,850,68300
20240116,10:19:13,0.55,50,68300
20240116,10:19:36,0.55,100,68300
20240116,10:20:12,0.55,50,68300
20240116,10:21:06,0.5,400,68300
20240116,10:21:26,0.55,50,63700
20240116,10:21:38,0.55,50,63700
20240116,10:21:38,0.55,100,63700
20240116,10:22:20,0.5,800,63700
20240116,10:23:35,0.55,1650,63700
20240116,10:23:46,0.55,300,63700
20240116,10:23:53,0.55,50,62050
20240116,10:23:56,0.55,300,62050
20240116,10:24:00,0.55,250,62050
20240116,10:24:02,0.55,2250,62050
20240116,10:24:09,0.55,300,62050
20240116,10:24:11,0.5,50,62050
20240116,10:24:12,0.55,300,62050
20240116,10:24:14,0.55,400,62050
20240116,10:24:18,0.55,400,62050
20240116,10:24:24,0.55,300,62050
20240116,10:24:35,0.5,50,62050
20240116,10:24:50,0.55,50,62050
20240116,10:25:06,0.55,50,62050
20240116,10:25:34,0.55,250,62050
20240116,10:25:34,0.55,750,62050
20240116,10:27:15,0.5,50,61650
20240116,10:27:38,0.6,150,61650
20240116,10:29:49,0.5,100,61650
20240116,10:30:00,0.6,1500,61650
20240116,10:30:02,0.6,50,61650
20240116,10:30:05,0.6,50,61650
20240116,10:30:08,0.55,100,61650
20240116,10:30:11,0.55,250,61650
20240116,10:31:40,0.6,2400,61650
20240116,10:32:49,0.55,50,61650
20240116,10:33:57,0.55,50,62300
20240116,10:34:48,0.6,200,62300
20240116,10:35:19,0.55,100,62300
20240116,10:36:11,0.55,50,62400
20240116,10:36:48,0.6,50,62400
20240116,10:37:12,0.6,1000,62400
20240116,10:38:03,0.6,50,62400
20240116,10:39:20,0.6,50,63400
20240116,10:40:35,0.6,50,63400
20240116,10:40:40,0.6,150,63400
20240116,10:40:44,0.6,300,63400
20240116,10:41:42,0.6,150,63550
20240116,10:41:53,0.65,50,63550
20240116,10:41:59,0.65,50,63550
20240116,10:42:09,0.6,500,63550
20240116,10:42:16,0.6,50,63550
20240116,10:42:35,0.6,50,63550
20240116,10:43:01,0.55,400,63550
20240116,10:43:02,0.55,350,63550
20240116,10:43:11,0.55,300,63550
20240116,10:44:40,0.6,50,63550
20240116,10:45:00,0.6,50,64350
20240116,10:45:02,0.6,50,64350
20240116,10:45:03,0.6,1000,64350
20240116,10:45:07,0.55,50,64350
20240116,10:45:34,0.55,50,64350
20240116,10:45:42,0.6,550,64350
20240116,10:46:49,0.6,450,64350
20240116,10:47:01,0.65,100,64350
20240116,10:47:06,0.55,50,64350
20240116,10:47:17,0.65,200,64350
20240116,10:48:10,0.55,50,64350
20240116,10:48:10,0.55,350,66450
20240116,10:48:11,0.55,250,66450
20240116,10:48:12,0.55,350,66450
20240116,10:48:34,0.65,50,66450
20240116,10:50:15,0.6,50,66450
20240116,10:53:21,0.65,50,66450
20240116,10:53:27,0.6,600,66450
20240116,10:54:03,0.55,50,66450
20240116,10:55:01,0.65,50,66500
20240116,10:55:05,0.6,550,66500
20240116,10:55:42,0.65,50,66500
20240116,10:55:56,0.6,550,66500
20240116,10:56:00,0.65,100,66500
20240116,10:56:47,0.6,550,66650
20240116,10:56:48,0.6,50,66650
20240116,10:57:07,0.6,150,66650
20240116,11:03:36,0.55,800,66800
20240116,11:07:35,0.6,50,66800
20240116,11:09:20,0.55,50,66000
20240116,11:10:58,0.65,200,66000
20240116,11:11:37,0.65,1000,66000
20240116,11:11:54,0.65,50,66000
20240116,11:11:56,0.65,50,67150
20240116,11:11:58,0.65,50,67150
20240116,11:12:00,0.65,50,67150
20240116,11:12:03,0.65,50,67150
20240116,11:12:04,0.6,400,67150
20240116,11:12:05,0.6,800,67150
20240116,11:12:06,0.6,850,67150
20240116,11:12:24,0.6,1050,67150
20240116,11:13:38,0.55,50,67150
20240116,11:17:11,0.65,50,67550
20240116,11:17:57,0.55,100,67550
20240116,11:18:36,0.65,50,67550
20240116,11:19:11,0.55,250,67550
20240116,11:20:06,0.65,250,67550
20240116,11:22:00,0.55,50,67550
20240116,11:24:00,0.6,100,67550
20240116,11:26:07,0.55,100,67500
20240116,11:28:12,0.65,50,67500
20240116,11:29:53,0.65,50,67400
20240116,11:30:33,0.55,2000,67450
20240116,11:34:26,0.6,100,67450
20240116,11:34:29,0.55,50,67300
20240116,11:35:39,0.55,200,67300
20240116,11:36:13,0.6,100,67300
20240116,11:38:14,0.6,50,67300
20240116,11:40:15,0.6,100,67250
20240116,11:40:33,0.65,400,67250
20240116,11:40:34,0.6,50,67250
20240116,11:40:36,0.6,50,67250
20240116,11:42:19,0.65,50,67250
20240116,11:43:04,0.65,50,67250
20240116,11:43:29,0.65,50,67250
20240116,11:44:03,0.65,50,67250
20240116,11:45:03,0.65,50,67250
20240116,11:45:27,0.7,50,67250
20240116,11:45:29,0.6,50,67250
20240116,11:47:53,0.6,200,67250
20240116,11:48:08,0.6,50,67250
20240116,11:49:52,0.6,1000,67250
20240116,11:52:37,0.65,50,67250
20240116,11:53:23,0.65,100,67250
20240116,11:55:27,0.7,5000,67250
20240116,11:55:44,0.7,200,67250
20240116,11:57:10,0.7,50,67250
20240116,11:57:27,0.7,500,68000
20240116,11:58:07,0.65,1150,68000
20240116,11:58:09,0.65,300,68000
20240116,11:58:09,0.65,350,68000
20240116,12:00:41,0.7,50,68000
20240116,12:01:09,0.55,5000,70050
20240116,12:01:19,0.65,50,70050
20240116,12:01:29,0.6,2200,70050
20240116,12:01:35,0.6,50,70050
20240116,12:02:01,0.6,50,70050
20240116,12:02:18,0.65,50,70050
20240116,12:03:20,0.65,50,67450
20240116,12:04:26,0.65,50,67450
20240116,12:07:37,0.65,50,67450
20240116,12:08:05,0.65,350,67450
20240116,12:08:10,0.6,50,67450
20240116,12:08:21,0.65,1200,67450
20240116,12:08:55,0.65,1800,67450
20240116,12:10:03,0.7,150,65900
20240116,12:10:34,0.7,1450,65900
20240116,12:11:18,0.7,300,65900
20240116,12:11:20,0.7,1000,65900
20240116,12:11:35,0.7,2050,65900
20240116,12:11:49,0.65,1800,65900
20240116,12:11:50,0.6,200,65900
20240116,12:14:39,0.6,150,65350
20240116,12:16:31,0.65,700,65350
20240116,12:17:35,0.7,50,65350
20240116,12:18:02,0.7,50,65200
20240116,12:18:29,0.65,50,65200
20240116,12:20:33,0.65,50,65200
20240116,12:23:36,0.65,50,65200
20240116,12:24:19,0.7,50,65200
20240116,12:27:54,0.6,600,65200
20240116,12:27:59,0.7,50,65200
20240116,12:28:32,0.7,100,65200
20240116,12:30:07,0.7,50,65200
20240116,12:30:53,0.6,100,65200
20240116,12:31:15,0.7,150,65200
20240116,12:31:42,0.65,50,65200
20240116,12:31:51,0.65,50,65200
20240116,12:33:19,0.65,550,65200
20240116,12:34:00,0.65,500,65200
20240116,12:35:29,0.65,50,65200
20240116,12:35:54,0.65,50,65200
20240116,12:36:17,0.65,50,64650
20240116,12:36:31,0.65,1500,64650
20240116,12:36:42,0.65,100,64650
20240116,12:42:14,0.7,150,63850
20240116,12:43:59,0.7,50,63850
20240116,12:44:03,0.7,50,63850
20240116,12:46:41,0.6,150,63850
20240116,12:49:05,0.65,350,63850
20240116,12:49:20,0.65,350,63850
20240116,12:52:39,0.7,50,63850
20240116,12:53:27,0.6,50,63700
20240116,12:53:33,0.65,250,63700
20240116,12:56:46,0.7,50,63700
20240116,12:56:57,0.6,200,63650
20240116,12:57:03,0.65,800,63650
20240116,12:59:14,0.7,50,63650
20240116,12:59:26,0.7,50,63650
20240116,12:59:27,0.7,50,63650
20240116,12:59:32,0.7,50,63650
20240116,12:59:37,0.7,100,63650
20240116,13:00:03,0.6,50,63650
20240116,13:00:16,0.7,1000,63450
20240116,13:00:16,0.7,300,63450
20240116,13:00:24,0.7,50,63450
20240116,13:00:27,0.7,900,63450
20240116,13:00:29,0.65,50,63450
20240116,13:01:10,0.65,50,63450
20240116,13:01:49,0.75,100,63450
20240116,13:02:02,0.65,50,63450
20240116,13:02:23,0.65,50,63450
20240116,13:03:11,0.75,50,63450
20240116,13:03:43,0.7,100,61950
20240116,13:03:46,0.7,700,61950
20240116,13:04:59,0.65,800,61950
20240116,13:05:18,0.75,50,61950
20240116,13:06:38,0.75,1800,61950
20240116,13:08:57,0.65,50,60450
20240116,13:08:59,0.75,50,60450
20240116,13:09:06,0.75,50,60450
20240116,13:10:38,0.65,50,62250
20240116,13:12:09,0.65,50,62250
20240116,13:12:55,0.75,700,62250
20240116,13:13:14,0.7,750,62250
20240116,13:14:02,0.75,250,62250
20240116,13:14:57,0.65,50,62250
20240116,13:17:23,0.75,50,62250
20240116,13:17:26,0.65,100,63050
20240116,13:18:38,0.75,50,63050
20240116,13:18:39,0.75,250,63100
20240116,13:18:54,0.75,1300,63100
20240116,13:18:54,0.75,1250,63100
20240116,13:19:07,0.7,50,63100
20240116,13:19:10,0.75,3250,63100
20240116,13:19:12,0.75,100,63100
20240116,13:19:18,0.75,50,63100
20240116,13:19:23,0.75,150,63100
20240116,13:19:46,0.75,150,63100
20240116,13:22:11,0.7,50,63100
20240116,13:25:20,0.8,400,60450
20240116,13:26:30,0.8,50,60400
20240116,13:26:55,0.8,100,60400
20240116,13:27:21,0.8,150,60950
20240116,13:28:00,0.75,50,60950
20240116,13:28:25,0.75,150,60950
20240116,13:28:45,0.8,250,60950
20240116,13:29:15,0.8,250,60950
20240116,13:29:32,0.8,50,60950
20240116,13:29:38,0.8,50,60950
20240116,13:30:46,0.8,500,60950
20240116,13:31:32,0.8,1600,61650
20240116,13:32:52,0.8,150,61650
20240116,13:33:28,0.8,1550,61900
20240116,13:33:29,0.8,50,61900
20240116,13:33:31,0.8,50,61900
20240116,13:33:33,0.8,300,61900
20240116,13:33:46,0.8,1500,61900
20240116,13:33:53,0.8,1000,61900
20240116,13:34:01,0.85,50,61900
20240116,13:34:03,0.85,850,61900
20240116,13:34:15,0.9,500,61900
20240116,13:34:16,0.95,500,61900
20240116,13:35:16,0.8,50,61900
20240116,13:35:21,0.9,4250,61900
20240116,13:35:22,0.9,500,61900
20240116,13:35:26,0.95,350,61900
20240116,13:35:41,0.85,1300,61900
20240116,13:36:13,0.8,1500,57550
20240116,13:36:36,0.9,100,57550
20240116,13:37:12,0.7,2850,57550
20240116,13:37:20,0.9,50,57550
20240116,13:38:12,0.9,250,57550
20240116,13:39:19,0.85,500,57550
20240116,13:39:46,0.9,50,54650
20240116,13:41:34,0.9,1000,54650
20240116,13:42:00,0.85,550,54650
20240116,13:42:04,0.85,750,54650
20240116,13:42:36,0.85,250,55000
20240116,13:42:58,0.85,1000,55000
20240116,13:43:13,0.8,50,55000
20240116,13:43:13,0.85,50,55000
20240116,13:43:22,0.85,450,55000
20240116,13:43:22,0.85,700,55000
20240116,13:43:31,0.85,250,55000
20240116,13:44:19,0.85,50,55000
20240116,13:44:19,1.05,10000,55000
20240116,13:44:21,0.8,2800,55000
20240116,13:44:32,0.85,700,55000
20240116,13:44:33,0.85,700,55000
20240116,13:44:40,0.85,300,55000
20240116,13:45:02,0.85,350,55000
20240116,13:45:05,0.85,50,65150
20240116,13:45:09,0.8,300,65150
20240116,13:45:20,0.85,400,65150
20240116,13:45:20,0.8,300,65150
20240116,13:46:58,0.85,50,65150
20240116,13:47:10,0.85,200,65150
20240116,13:48:52,0.85,50,64750
20240116,13:50:05,0.8,1800,64750
20240116,13:50:05,0.8,1900,64750
20240116,13:50:06,0.8,2250,64750
20240116,13:50:33,0.8,500,64750
20240116,13:50:48,0.8,250,64750
20240116,13:51:12,0.85,50,66350
20240116,13:51:24,0.85,400,66350
20240116,13:51:25,0.9,1700,66350
20240116,13:51:31,0.9,850,66350
20240116,13:51:32,0.9,1700,66350
20240116,13:51:33,0.9,1700,66350
20240116,13:52:01,0.85,400,66350
20240116,13:52:56,0.9,400,66350
20240116,13:53:07,0.8,650,66350
20240116,13:55:36,0.8,100,66350
20240116,13:55:36,0.8,50,64650
20240116,13:55:37,0.8,50,64650
20240116,13:55:40,0.8,50,64650
20240116,13:55:43,0.8,50,64650
20240116,13:55:54,0.8,50,64650
20240116,13:55:57,0.8,100,64650
20240116,13:56:19,0.8,50,64650
20240116,13:56:23,0.8,50,64650
20240116,13:56:30,0.8,50,64650
20240116,13:56:38,0.8,100,64650
20240116,13:56:40,0.8,50,64650
20240116,13:56:42,0.8,50,64650
20240116,13:56:48,0.8,50,64650
20240116,13:56:49,0.8,50,64650
20240116,13:56:51,0.8,100,64650
20240116,13:56:52,0.8,150,64650
20240116,13:56:53,0.8,150,64650
20240116,13:56:54,0.8,350,64650
20240116,13:56:55,0.8,550,64650
20240116,13:56:57,0.8,100,64650
20240116,13:57:00,0.8,250,64650
20240116,13:57:00,0.8,50,64650
20240116,13:57:04,0.8,100,64650
20240116,13:57:30,0.75,50,64650
20240116,13:58:05,0.9,1800,65900
20240116,13:58:06,0.8,4150,65900
20240116,13:58:07,0.8,50,65900
20240116,13:58:08,0.8,50,65900
20240116,13:59:15,0.75,1000,65900
20240116,13:59:23,0.85,50,65900
20240116,13:59:24,0.85,50,65900
20240116,13:59:48,0.95,50,65900
20240116,13:59:58,0.8,50,65900
20240116,14:00:04,0.8,100,65900
20240116,14:00:05,0.75,100,65900
20240116,14:00:07,0.75,100,65900
20240116,14:00:09,0.8,50,70050
20240116,14:00:11,0.8,50,70050
20240116,14:00:14,0.8,50,70050
20240116,14:00:18,0.8,100,70050
20240116,14:00:24,0.8,100,70050
20240116,14:00:27,0.8,50,70050
20240116,14:00:28,0.8,50,70050
20240116,14:00:29,0.8,150,70050
20240116,14:00:32,0.8,50,70050
20240116,14:00:36,0.8,50,70050
20240116,14:00:38,0.8,50,70050
20240116,14:00:42,0.8,100,70050
20240116,14:00:42,0.8,50,70050
20240116,14:00:47,0.8,100,70050
20240116,14:00:48,0.8,150,70050
20240116,14:00:49,0.8,200,70050
20240116,14:00:50,0.8,100,70050
20240116,14:00:53,0.8,50,70050
20240116,14:00:54,0.8,100,70050
20240116,14:00:55,0.8,50,70050
20240116,14:01:35,0.75,250,70050
20240116,14:01:36,0.75,150,70050
20240116,14:01:37,0.75,100,70050
20240116,14:01:38,0.75,50,70050
20240116,14:01:39,0.75,150,70050
20240116,14:01:40,0.75,100,70050
20240116,14:01:41,0.75,50,70050
20240116,14:01:44,0.75,50,70050
20240116,14:01:47,0.75,50,70050
20240116,14:01:48,0.75,50,70050
20240116,14:01:49,0.75,100,70050
20240116,14:01:50,0.75,50,70050
20240116,14:01:51,0.75,50,70050
20240116,14:01:52,0.75,100,70050
20240116,14:01:54,0.75,50,70050
20240116,14:01:56,0.75,50,70050
20240116,14:01:58,0.75,50,70050
20240116,14:01:59,0.75,50,70050
20240116,14:02:00,0.75,50,70050
20240116,14:02:09,0.75,50,70050
20240116,14:02:10,0.75,50,70050
20240116,14:02:27,0.75,100,70050
20240116,14:04:25,0.75,50,70150
20240116,14:05:30,0.75,100,70150
20240116,14:06:10,0.75,1800,70200
20240116,14:06:11,0.7,3600,70200
20240116,14:06:55,0.75,50,70200
20240116,14:07:25,0.75,50,70200
20240116,14:07:54,0.8,250,70200
20240116,14:07:58,0.8,600,70200
20240116,14:08:40,0.8,650,70200
20240116,14:08:45,0.75,100,70200
20240116,14:08:48,0.8,250,70200
20240116,14:09:02,0.8,400,70200
20240116,14:09:03,0.8,1200,70200
20240116,14:09:29,0.75,250,66550
20240116,14:10:23,0.75,50,66550
20240116,14:10:24,0.75,100,66550
20240116,14:10:29,0.7,200,66550
20240116,14:10:33,0.7,50,66550
20240116,14:10:38,0.7,50,66550
20240116,14:10:43,0.7,100,66550
20240116,14:10:43,0.7,50,66550
20240116,14:10:45,0.7,100,66550
20240116,14:10:56,0.7,50,66550
20240116,14:10:57,0.7,50,66550
20240116,14:10:58,0.7,100,66550
20240116,14:11:00,0.7,50,66550
20240116,14:11:01,0.7,50,66550
20240116,14:11:02,0.7,50,66550
20240116,14:11:04,0.75,250,66550
20240116,14:11:07,0.7,50,66550
20240116,14:11:14,0.7,50,66550
20240116,14:11:17,0.7,100,66550
20240116,14:11:21,0.7,50,66550
20240116,14:11:22,0.7,50,66550
20240116,14:11:23,0.7,50,66550
20240116,14:11:24,0.7,100,66550
20240116,14:11:32,0.7,1600,66550
20240116,14:11:33,0.7,200,66550
20240116,14:11:34,0.7,50,66550
20240116,14:11:35,0.7,750,66550
20240116,14:11:36,0.7,200,66550
20240116,14:11:37,0.65,50,66550
20240116,14:11:39,0.65,50,66550
20240116,14:11:41,0.8,300,66550
20240116,14:11:42,0.7,100,66550
20240116,14:11:48,0.7,50,66550
20240116,14:11:50,0.7,50,66550
20240116,14:11:52,0.65,50,66550
20240116,14:11:53,0.65,50,66550
20240116,14:11:54,0.7,50,66550
20240116,14:11:55,0.65,50,66550
20240116,14:11:56,0.65,150,66550
20240116,14:11:57,0.65,50,66550
20240116,14:11:58,0.65,100,66550
20240116,14:11:59,0.65,50,66550
20240116,14:12:13,0.65,50,66550
20240116,14:12:14,0.65,50,66900
20240116,14:12:15,0.65,50,66900
20240116,14:12:16,0.65,700,66900
20240116,14:12:17,0.65,500,66900
20240116,14:12:18,0.65,150,66900
20240116,14:12:19,0.65,100,66900
20240116,14:12:20,0.65,100,66900
20240116,14:12:21,0.65,1650,66900
20240116,14:12:22,0.65,50,66900
20240116,14:12:23,0.65,50,66900
20240116,14:12:25,0.65,250,66900
20240116,14:12:25,0.65,100,66900
20240116,14:12:26,0.65,50,66900
20240116,14:12:28,0.65,50,66900
20240116,14:12:29,0.65,50,66900
20240116,14:12:30,0.65,100,66900
20240116,14:12:31,0.65,500,66900
20240116,14:12:32,0.65,2000,66900
20240116,14:12:34,0.65,50,66900
20240116,14:12:34,0.65,100,66900
20240116,14:12:35,0.65,150,66900
20240116,14:12:37,0.65,100,66900
20240116,14:12:38,0.65,750,66900
20240116,14:12:39,0.65,850,66900
20240116,14:12:40,0.65,50,66900
20240116,14:12:42,0.65,50,66900
20240116,14:12:43,0.75,750,66900
20240116,14:12:44,0.65,650,66900
20240116,14:12:45,0.65,50,66900
20240116,14:12:46,0.65,50,66900
20240116,14:12:47,0.65,100,66900
20240116,14:12:48,0.65,100,66900
20240116,14:12:49,0.65,50,66900
20240116,14:12:51,0.65,100,66900
20240116,14:12:51,0.65,50,66900
20240116,14:12:52,0.65,100,66900
20240116,14:12:54,0.65,50,66900
20240116,14:12:57,0.65,50,66900
20240116,14:12:59,0.65,50,66900
20240116,14:13:07,0.65,50,66900
20240116,14:13:09,0.65,250,66900
20240116,14:13:10,0.65,100,66900
20240116,14:13:11,0.65,50,66900
20240116,14:13:15,0.65,400,66900
20240116,14:13:15,0.65,100,66900
20240116,14:13:21,0.6,100,66900
20240116,14:13:22,0.6,50,66900
20240116,14:13:23,0.65,1500,66900
20240116,14:13:24,0.65,350,66900
20240116,14:13:26,0.65,100,66900
20240116,14:13:26,0.6,100,66900
20240116,14:13:27,0.6,50,66900
20240116,14:13:28,0.6,100,66900
20240116,14:13:29,0.6,150,66900
20240116,14:13:31,0.6,100,66900
20240116,14:13:33,0.6,50,66900
20240116,14:13:34,0.6,150,66900
20240116,14:13:35,0.6,50,66900
20240116,14:13:36,0.6,500,66900
20240116,14:13:37,0.6,200,66900
20240116,14:13:38,0.6,2900,66900
20240116,14:13:39,0.6,50,66900
20240116,14:13:40,0.6,50,66900
20240116,14:13:41,0.6,50,66900
20240116,14:13:42,0.6,50,66900
20240116,14:13:43,0.6,50,66900
20240116,14:13:44,0.6,2950,66900
20240116,14:13:46,0.6,150,66900
20240116,14:13:48,0.6,50,66900
20240116,14:13:49,0.6,50,66900
20240116,14:13:50,0.6,50,66900
20240116,14:13:52,0.65,150,66900
20240116,14:13:52,0.6,150,66900
20240116,14:13:53,0.6,150,66900
20240116,14:13:54,0.6,50,66900
20240116,14:13:55,0.6,50,66900
20240116,14:13:56,0.6,100,66900
20240116,14:13:57,0.6,50,66900
20240116,14:13:58,0.6,150,66900
20240116,14:13:59,0.6,50,66900
20240116,14:14:00,0.6,100,66900
20240116,14:14:01,0.6,50,66900
20240116,14:14:02,0.6,50,66900
20240116,14:14:03,0.6,150,66900
20240116,14:14:04,0.6,350,66900
20240116,14:14:05,0.6,100,66900
20240116,14:14:06,0.6,2050,66900
20240116,14:14:07,0.6,200,66900
20240116,14:14:09,0.6,150,66900
20240116,14:14:09,0.6,100,66900
20240116,14:14:10,0.6,50,66900
20240116,14:14:11,0.6,50,66900
20240116,14:14:12,0.6,150,66900
20240116,14:14:13,0.6,150,66900
20240116,14:14:14,0.6,100,66900
20240116,14:14:15,0.7,50,66900
20240116,14:14:16,0.6,200,66900
20240116,14:14:17,0.6,50,66900
20240116,14:14:18,0.6,450,66900
20240116,14:14:19,0.65,1650,66900
20240116,14:14:20,0.65,400,66900
20240116,14:14:21,0.65,50,66900
20240116,14:14:22,0.65,600,66900
20240116,14:14:23,0.65,250,66900
20240116,14:14:24,0.65,100,66900
20240116,14:14:25,0.65,350,66900
20240116,14:14:26,0.65,50,66900
20240116,14:14:27,0.65,100,66900
20240116,14:14:28,0.65,250,66900
20240116,14:14:29,0.65,150,66900
20240116,14:14:30,0.65,100,66900
20240116,14:14:31,0.65,1500,66900
20240116,14:14:32,0.65,150,66900
20240116,14:14:33,0.65,550,66900
20240116,14:14:34,0.65,200,66900
20240116,14:14:35,0.65,850,66900
20240116,14:14:36,0.65,900,66900
20240116,14:14:37,0.65,450,66900
20240116,14:14:38,0.65,1200,66900
20240116,14:14:39,0.65,2350,66900
20240116,14:14:40,0.65,700,66900
20240116,14:14:41,0.65,500,66900
20240116,14:14:42,0.65,200,66900
20240116,14:14:43,0.65,200,66900
20240116,14:14:44,0.65,350,66900
20240116,14:14:45,0.65,250,66900
20240116,14:14:46,0.65,50,66900
20240116,14:14:47,0.65,200,66900
20240116,14:14:48,0.65,200,66900
20240116,14:14:49,0.65,100,66900
20240116,14:14:50,0.65,100,66900
20240116,14:14:51,0.65,150,66900
20240116,14:14:52,0.65,50,66900
20240116,14:14:53,0.65,50,66900
20240116,14:14:54,0.65,1000,66900
20240116,14:14:55,0.65,50,66900
20240116,14:14:56,0.65,50,66900
20240116,14:14:57,0.65,100,66900
20240116,14:14:58,0.65,150,66900
20240116,14:15:00,0.65,50,66900
20240116,14:15:02,0.65,50,66900
20240116,14:15:22,0.65,50,66900
20240116,14:15:24,0.65,50,68200
20240116,14:15:27,0.65,50,68200
20240116,14:15:30,0.65,50,68200
20240116,14:15:31,0.65,50,68200
20240116,14:15:34,0.65,50,68200
20240116,14:15:35,0.65,250,68200
20240116,14:15:36,0.65,200,68200
20240116,14:15:37,0.65,350,68200
20240116,14:15:39,0.65,200,68200
20240116,14:15:40,0.65,350,68200
20240116,14:15:41,0.65,350,68200
20240116,14:15:42,0.65,550,68200
20240116,14:15:49,0.65,150,68200
20240116,14:15:49,0.65,250,68200
20240116,14:15:50,0.65,200,68200
20240116,14:15:51,0.65,250,68200
20240116,14:15:52,0.65,350,68200
20240116,14:15:53,0.65,200,68200
20240116,14:15:54,0.65,400,68200
20240116,14:15:55,0.65,300,68200
20240116,14:15:56,0.65,250,68200
20240116,14:15:57,0.65,300,68200
20240116,14:15:58,0.65,100,68200
20240116,14:16:00,0.65,150,68200
20240116,14:16:03,0.6,150,68200
20240116,14:16:03,0.6,100,68200
20240116,14:16:05,0.6,50,68200
20240116,14:16:06,0.6,50,68200
20240116,14:16:07,0.6,50,68200
20240116,14:16:08,0.6,150,68200
20240116,14:16:10,0.6,850,68200
20240116,14:16:10,0.6,150,68200
20240116,14:16:11,0.6,100,68200
20240116,14:16:13,0.6,100,68200
20240116,14:16:13,0.6,50,68200
20240116,14:16:14,0.6,150,68200
20240116,14:16:15,0.6,400,68200
20240116,14:16:16,0.6,150,68200
20240116,14:16:17,0.6,150,68200
20240116,14:16:18,0.6,250,68200
20240116,14:16:19,0.6,50,68200
20240116,14:16:20,0.6,100,68200
20240116,14:16:21,0.6,800,68200
20240116,14:16:22,0.6,500,68200
20240116,14:16:23,0.6,50,68200
20240116,14:16:24,0.6,100,68200
20240116,14:16:25,0.6,50,68200
20240116,14:16:26,0.6,850,68200
20240116,14:16:27,0.6,750,68200
20240116,14:16:28,0.6,100,68200
20240116,14:16:29,0.6,50,68200
20240116,14:16:30,0.6,200,68200
20240116,14:16:31,0.6,50,68200
20240116,14:16:33,0.6,550,68200
20240116,14:16:33,0.6,850,68200
20240116,14:16:34,0.6,150,68200
20240116,14:16:35,0.6,850,68200
20240116,14:16:39,0.6,100,68200
20240116,14:16:40,0.6,100,68200
20240116,14:16:40,0.6,50,68200
20240116,14:16:41,0.6,50,68200
20240116,14:16:46,0.6,50,68200
20240116,14:16:48,0.6,50,68200
20240116,14:16:49,0.6,100,68200
20240116,14:16:54,0.6,50,68200
20240116,14:16:55,0.6,650,68200
20240116,14:16:59,0.6,200,68200
20240116,14:16:59,0.6,50,68200
20240116,14:17:06,0.6,50,68200
20240116,14:17:11,0.6,50,68200
20240116,14:17:15,0.6,250,68200
20240116,14:17:16,0.6,200,68200
20240116,14:17:17,0.6,50,68200
20240116,14:17:17,0.6,100,68200
20240116,14:17:23,0.6,50,68200
20240116,14:17:24,0.6,300,68200
20240116,14:17:25,0.6,100,68200
20240116,14:17:26,0.6,100,68200
20240116,14:17:27,0.6,50,68200
20240116,14:17:28,0.6,100,68200
20240116,14:17:30,0.6,150,68200
20240116,14:17:31,0.6,50,68200
20240116,14:17:32,0.6,300,68200
20240116,14:17:33,0.6,150,68200
20240116,14:17:33,0.6,50,68200
20240116,14:17:35,0.6,50,68200
20240116,14:17:35,0.6,300,68200
20240116,14:17:36,0.6,50,68200
20240116,14:17:38,0.6,50,68200
20240116,14:17:39,0.6,100,68200
20240116,14:17:48,0.6,50,68200
20240116,14:17:54,0.6,50,68200
20240116,14:17:57,0.6,50,68200
20240116,14:18:02,0.6,900,68200
20240116,14:18:03,0.6,50,68200
20240116,14:18:03,0.6,300,68200
20240116,14:18:05,0.6,100,68200
20240116,14:18:06,0.6,50,68200
20240116,14:18:06,0.6,250,68200
20240116,14:18:07,0.6,450,68200
20240116,14:18:08,0.6,200,68200
20240116,14:18:10,0.6,300,76450
20240116,14:18:12,0.6,100,76450
20240116,14:18:14,0.6,50,76450
20240116,14:18:15,0.55,500,76450
20240116,14:18:18,0.55,300,76450
20240116,14:18:20,0.55,50,76450
20240116,14:18:21,0.55,50,76450
20240116,14:18:21,0.6,50,76450
20240116,14:18:22,0.55,300,76450
20240116,14:18:29,0.55,900,76450
20240116,14:18:30,0.55,50,76450
20240116,14:18:31,0.55,50,76450
20240116,14:18:33,0.55,50,76450
20240116,14:18:33,0.55,550,76450
20240116,14:18:35,0.55,200,76450
20240116,14:18:37,0.55,300,76450
20240116,14:18:40,0.55,100,76450
20240116,14:18:42,0.55,1250,76450
20240116,14:18:42,0.55,150,76450
20240116,14:18:43,0.55,300,76450
20240116,14:18:45,0.55,50,76450
20240116,14:18:46,0.55,1450,76450
20240116,14:18:46,0.55,50,76450
20240116,14:18:48,0.55,50,76450
20240116,14:18:49,0.55,100,76450
20240116,14:18:52,0.6,1050,76450
20240116,14:18:55,0.6,50,76450
20240116,14:18:56,0.6,100,76450
20240116,14:18:57,0.6,100,76450
20240116,14:18:58,0.6,350,76450
20240116,14:18:59,0.6,100,76450
20240116,14:19:02,0.6,50,76450
20240116,14:19:03,0.6,50,76450
20240116,14:19:04,0.55,50,76450
20240116,14:19:05,0.55,150,76450
20240116,14:19:06,0.55,50,76450
20240116,14:19:07,0.55,50,76450
20240116,14:19:08,0.55,300,76450
20240116,14:19:09,0.55,50,76450
20240116,14:19:10,0.55,50,76450
20240116,14:19:11,0.55,300,76450
20240116,14:19:12,0.55,100,76450
20240116,14:19:13,0.55,350,76450
20240116,14:19:15,0.55,200,76450
20240116,14:19:16,0.55,150,76450
20240116,14:19:17,0.55,150,76450
20240116,14:19:19,0.55,100,76450
20240116,14:19:20,0.55,50,76450
20240116,14:19:21,0.55,100,76450
20240116,14:19:23,0.55,50,76450
20240116,14:19:24,0.55,550,76450
20240116,14:19:26,0.55,50,76450
20240116,14:19:27,0.55,50,76450
20240116,14:19:28,0.55,100,76450
20240116,14:19:29,0.55,50,76450
20240116,14:19:30,0.55,100,76450
20240116,14:19:31,0.55,50,76450
20240116,14:19:32,0.55,50,76450
20240116,14:19:34,0.55,50,76450
20240116,14:19:36,0.55,1000,76450
20240116,14:19:37,0.55,100,76450
20240116,14:19:38,0.55,50,76450
20240116,14:19:42,0.55,50,76450
20240116,14:19:44,0.55,50,76450
20240116,14:19:45,0.55,50,76450
20240116,14:19:46,0.55,50,76450
20240116,14:19:47,0.55,50,76450
20240116,14:19:48,0.55,50,76450
20240116,14:19:49,0.55,450,76450
20240116,14:19:50,0.55,50,76450
20240116,14:19:51,0.55,250,76450
20240116,14:19:52,0.55,100,76450
20240116,14:19:53,0.55,50,76450
20240116,14:19:54,0.55,300,76450
20240116,14:19:57,0.55,50,76450
20240116,14:19:58,0.55,350,76450
20240116,14:19:59,0.55,100,76450
20240116,14:20:00,0.55,450,76450
20240116,14:20:01,0.55,600,76450
20240116,14:20:02,0.55,700,76450
20240116,14:20:03,0.55,50,76450
20240116,14:20:04,0.55,700,76450
20240116,14:20:05,0.55,300,76450
20240116,14:20:07,0.55,100,76450
20240116,14:20:08,0.55,300,76450
20240116,14:20:09,0.55,100,76450
20240116,14:20:16,0.55,250,76450
20240116,14:20:17,0.55,150,76450
20240116,14:20:19,0.55,50,76450
20240116,14:20:20,0.55,50,76450
20240116,14:20:23,0.55,50,76450
20240116,14:20:31,0.55,50,76450
20240116,14:20:32,0.55,50,76450
20240116,14:20:33,0.55,50,76450
20240116,14:20:34,0.55,50,76450
20240116,14:20:35,0.55,150,76450
20240116,14:20:36,0.55,50,76450
20240116,14:20:38,0.55,100,76450
20240116,14:20:40,0.55,100,76450
20240116,14:20:41,0.55,50,76450
20240116,14:20:42,0.55,200,76450
20240116,14:20:43,0.55,50,76450
20240116,14:20:44,0.55,50,76450
20240116,14:20:46,0.55,50,76450
20240116,14:20:47,0.55,50,76450
20240116,14:20:48,0.55,200,76450
20240116,14:20:49,0.55,50,76450
20240116,14:20:50,0.55,50,76450
20240116,14:20:51,0.55,150,76450
20240116,14:20:52,0.55,50,76450
20240116,14:20:53,0.55,50,76450
20240116,14:20:57,0.55,50,76450
20240116,14:20:58,0.55,100,76450
20240116,14:20:59,0.55,100,76450
20240116,14:21:00,0.55,50,76450
20240116,14:21:01,0.55,150,76450
20240116,14:21:02,0.55,50,76450
20240116,14:21:03,0.55,50,76450
20240116,14:21:06,0.55,50,76450
20240116,14:21:06,0.55,100,76450
20240116,14:21:08,0.55,50,76450
20240116,14:21:12,0.55,50,76450
20240116,14:21:15,0.55,100,80050
20240116,14:21:18,0.55,50,80050
20240116,14:21:18,0.55,100,80050
20240116,14:21:22,0.55,50,80050
20240116,14:21:24,0.55,50,80050
20240116,14:21:25,0.55,650,80050
20240116,14:21:28,0.55,50,80050
20240116,14:21:29,0.55,50,80050
20240116,14:21:31,0.55,50,80050
20240116,14:21:41,0.55,50,80050
20240116,14:21:42,0.55,50,80050
20240116,14:21:45,0.55,50,80050
20240116,14:21:47,0.55,50,80050
20240116,14:21:53,0.55,50,80050
20240116,14:21:54,0.55,50,80050
20240116,14:21:55,0.55,50,80050
20240116,14:21:58,0.55,50,80050
20240116,14:22:01,0.55,1850,80050
20240116,14:22:02,0.55,50,80050
20240116,14:22:03,0.55,1850,80050
20240116,14:22:04,0.55,1850,80050
20240116,14:22:05,0.55,1850,80050
20240116,14:22:06,0.6,100,80050
20240116,14:22:08,0.6,350,80050
20240116,14:22:09,0.6,50,80050
20240116,14:22:10,0.6,50,80050
20240116,14:22:12,0.55,14650,80050
20240116,14:22:13,0.55,250,80050
20240116,14:22:16,0.55,100,80050
20240116,14:22:17,0.55,50,80050
20240116,14:22:19,0.55,50,80050
20240116,14:22:20,0.55,50,80050
20240116,14:22:21,0.55,100,80050
20240116,14:22:22,0.55,150,80050
20240116,14:22:26,0.55,50,80050
20240116,14:22:31,0.55,700,80050
20240116,14:22:32,0.55,100,80050
20240116,14:22:34,0.55,50,80050
20240116,14:22:36,0.55,50,80050
20240116,14:22:37,0.55,100,80050
20240116,14:22:40,0.55,1850,80050
20240116,14:22:43,0.55,2000,80050
20240116,14:22:44,0.55,1850,80050
20240116,14:22:45,0.55,200,80050
20240116,14:22:46,0.55,50,80050
20240116,14:22:47,0.6,1050,80050
20240116,14:22:48,0.6,50,80050
20240116,14:22:49,0.6,100,80050
20240116,14:22:50,0.6,50,80050
20240116,14:22:51,0.6,100,80050
20240116,14:22:52,0.6,50,80050
20240116,14:22:53,0.6,100,80050
20240116,14:22:54,0.6,50,80050
20240116,14:22:55,0.6,100,80050
20240116,14:22:56,0.6,200,80050
20240116,14:22:57,0.6,50,80050
20240116,14:23:01,0.6,50,80050
20240116,14:23:02,0.6,50,80050
20240116,14:23:03,0.6,50,80050
20240116,14:23:09,0.6,100,80050
20240116,14:23:10,0.6,450,80050
20240116,14:23:11,0.6,50,80050
20240116,14:23:14,0.6,50,80050
20240116,14:23:17,0.6,100,80050
20240116,14:23:25,0.6,50,80050
20240116,14:23:28,0.6,50,80050
20240116,14:23:31,0.6,250,80050
20240116,14:23:32,0.6,200,80050
20240116,14:23:33,0.6,100,80050
20240116,14:23:37,0.6,50,80050
20240116,14:23:38,0.6,50,80050
20240116,14:23:42,0.6,100,80050
20240116,14:23:45,0.6,50,80050
20240116,14:23:56,0.6,50,80050
20240116,14:23:59,0.6,50,80050
20240116,14:24:02,0.6,50,80050
20240116,14:24:11,0.6,50,86200
20240116,14:24:12,0.6,150,86200
20240116,14:24:13,0.6,50,86200
20240116,14:24:14,0.6,50,86200
20240116,14:24:15,0.6,100,86200
20240116,14:24:16,0.6,50,86200
20240116,14:24:17,0.6,50,86200
20240116,14:24:18,0.6,150,86200
20240116,14:24:19,0.6,100,86200
20240116,14:24:20,0.6,50,86200
20240116,14:24:22,0.6,50,86200
20240116,14:24:23,0.6,100,86200
20240116,14:24:24,0.6,50,86200
20240116,14:24:30,0.6,100,86200
20240116,14:24:30,0.6,200,86200
20240116,14:24:31,0.6,50,86200
20240116,14:24:32,0.6,100,86200
20240116,14:24:33,0.6,150,86200
20240116,14:24:39,0.6,50,86200
20240116,14:24:40,0.6,50,86200
20240116,14:24:41,0.6,200,86200
20240116,14:24:53,0.6,100,86200
20240116,14:24:55,0.6,250,86200
20240116,14:24:56,0.6,50,86200
20240116,14:24:57,0.6,450,86200
20240116,14:24:58,0.6,50,86200
20240116,14:25:01,0.6,50,86200
20240116,14:25:02,0.6,150,86200
20240116,14:25:06,0.6,50,86200
20240116,14:25:07,0.6,50,86200
20240116,14:25:15,0.6,50,86200
20240116,14:25:23,0.6,100,86200
20240116,14:25:25,0.6,150,86200
20240116,14:25:26,0.6,100,86200
20240116,14:25:29,0.6,50,86200
20240116,14:25:30,0.6,50,86200
20240116,14:25:31,0.6,50,86200
20240116,14:25:32,0.6,50,86200
20240116,14:25:35,0.6,150,86200
20240116,14:25:36,0.6,50,86200
20240116,14:25:37,0.6,50,86200
20240116,14:25:39,0.6,150,86200
20240116,14:25:40,0.6,100,86200
20240116,14:25:43,0.6,50,86200
20240116,14:25:45,0.6,50,86200
20240116,14:26:09,0.6,50,86200
20240116,14:26:10,0.6,50,86200
20240116,14:26:11,0.6,50,86200
20240116,14:26:12,0.6,50,86200
20240116,14:26:13,0.6,50,86200
20240116,14:26:15,0.6,50,86200
20240116,14:26:16,0.6,100,86200
20240116,14:26:16,0.6,50,86200
20240116,14:26:17,0.6,50,86200
20240116,14:26:18,0.6,150,86200
20240116,14:26:20,0.6,50,86200
20240116,14:26:21,0.6,50,86200
20240116,14:26:29,0.6,100,86200
20240116,14:26:33,0.6,200,86200
20240116,14:26:34,0.6,50,86200
20240116,14:26:35,0.6,50,86200
20240116,14:26:36,0.6,50,86200
20240116,14:26:37,0.6,50,86200
20240116,14:26:38,0.6,50,86200
20240116,14:26:41,0.6,50,86200
20240116,14:27:00,0.6,100,86200
20240116,14:27:00,0.6,50,86200
20240116,14:27:01,0.6,100,86200
20240116,14:27:03,0.6,400,86200
20240116,14:27:03,0.6,300,86200
20240116,14:27:04,0.6,50,86200
20240116,14:27:05,0.6,50,86200
20240116,14:27:06,0.6,50,86200
20240116,14:27:07,0.6,50,86200
20240116,14:27:12,0.6,50,86200
20240116,14:27:13,0.6,50,92200
20240116,14:27:15,0.6,100,92200
20240116,14:27:17,0.6,50,92200
20240116,14:27:18,0.6,50,92200
20240116,14:27:23,0.6,50,92200
20240116,14:27:32,0.6,150,92200
20240116,14:27:32,0.6,50,92200
20240116,14:27:33,0.6,100,92200
20240116,14:27:35,0.6,50,92200
20240116,14:27:47,0.6,50,92200
20240116,14:27:48,0.6,50,92200
20240116,14:27:50,0.6,300,92200
20240116,14:27:50,0.6,50,92200
20240116,14:27:53,0.6,50,92200
20240116,14:27:55,0.6,50,92200
20240116,14:27:56,0.6,50,92200
20240116,14:27:58,0.6,50,92200
20240116,14:27:58,0.6,100,92200
20240116,14:28:00,0.6,50,92200
20240116,14:28:01,0.6,50,92200
20240116,14:28:03,0.6,50,92200
20240116,14:28:05,0.6,50,92200
20240116,14:28:06,0.6,50,92200
20240116,14:28:08,0.6,50,92200
20240116,14:28:08,0.6,100,92200
20240116,14:28:10,0.6,50,92200
20240116,14:28:11,0.6,50,92200
20240116,14:28:12,0.6,100,92200
20240116,14:28:13,0.6,100,92200
20240116,14:28:14,0.6,150,92200
20240116,14:28:16,0.6,50,92200
20240116,14:28:18,0.6,50,92200
20240116,14:28:20,0.6,50,92200
20240116,14:28:21,0.6,50,92200
20240116,14:28:23,0.6,50,92200
20240116,14:28:25,0.6,50,92200
20240116,14:28:26,0.6,50,92200
20240116,14:28:28,0.6,50,92200
20240116,14:28:30,0.6,50,92200
20240116,14:28:31,0.6,50,92200
20240116,14:28:31,0.6,100,92200
20240116,14:28:38,0.6,50,92200
20240116,14:28:43,0.6,50,92200
20240116,14:28:46,0.6,200,92200
20240116,14:28:46,0.6,300,92200
20240116,14:28:50,0.6,550,92200
20240116,14:28:50,0.6,250,92200
20240116,14:28:52,0.6,100,92200
20240116,14:29:01,0.6,50,92200
20240116,14:29:03,0.6,200,92200
20240116,14:29:03,0.6,50,92200
20240116,14:29:08,0.6,50,92200
20240116,14:29:10,0.6,50,92200
20240116,14:29:11,0.6,50,92200
20240116,14:29:13,0.6,50,92200
20240116,14:29:16,0.6,50,92200
20240116,14:29:16,0.6,350,92200
20240116,14:29:17,0.6,100,92200
20240116,14:29:18,0.6,100,92200
20240116,14:29:20,0.6,250,92200
20240116,14:29:29,0.6,100,92200
20240116,14:29:38,0.55,50,92200
20240116,14:30:30,0.6,1500,95250
20240116,14:30:34,0.6,300,95250
20240116,14:30:59,0.65,1100,95250
20240116,14:32:43,0.6,50,95250
20240116,14:33:49,0.6,50,92400
20240116,14:33:50,0.6,200,92400
20240116,14:33:51,0.6,100,92400
20240116,14:33:52,0.6,100,92400
20240116,14:33:55,0.6,50,92400
20240116,14:33:56,0.6,50,92400
20240116,14:33:57,0.6,50,92400
20240116,14:33:59,0.6,50,92400
20240116,14:34:00,0.6,50,92400
20240116,14:34:00,0.6,200,92400
20240116,14:34:01,0.6,50,92400
20240116,14:34:02,0.6,50,92400
20240116,14:34:20,0.6,100,92400
20240116,14:34:24,0.6,50,92400
20240116,14:34:29,0.6,50,92400
20240116,14:34:30,0.6,150,92400
20240116,14:34:32,0.6,50,92400
20240116,14:34:33,0.6,150,92400
20240116,14:34:34,0.6,50,92400
20240116,14:34:37,0.6,50,92400
20240116,14:34:38,0.6,150,92400
20240116,14:34:39,0.6,50,92400
20240116,14:34:42,0.6,50,92400
20240116,14:34:44,0.6,100,92400
20240116,14:34:45,0.6,50,92400
20240116,14:34:47,0.6,50,92400
20240116,14:34:48,0.6,50,92400
20240116,14:34:54,0.6,50,92400
20240116,14:35:03,0.6,150,92400
20240116,14:35:25,0.6,100,92400
20240116,14:35:28,0.6,50,92400
20240116,14:35:29,0.6,50,92400
20240116,14:35:32,0.6,50,92400
20240116,14:35:33,0.6,150,92400
20240116,14:35:34,0.6,50,92400
20240116,14:35:37,0.6,50,92400
20240116,14:35:40,0.6,50,92400
20240116,14:35:41,0.6,50,92400
20240116,14:35:47,0.6,50,92400
20240116,14:35:50,0.6,50,92400
20240116,14:35:52,0.6,50,92400
20240116,14:35:53,0.6,100,92400
20240116,14:35:54,0.6,50,92400
20240116,14:35:55,0.6,50,92400
20240116,14:35:56,0.6,600,92400
20240116,14:35:57,0.6,200,92400
20240116,14:35:59,0.6,50,92400
20240116,14:37:16,0.65,250,92400
20240116,14:38:17,0.6,50,95050
20240116,14:38:37,0.6,1150,95050
20240116,14:39:04,0.65,150,95050
20240116,14:39:12,0.65,50,95050
20240116,14:39:47,0.65,50,95450
20240116,14:40:16,0.6,450,95450
20240116,14:40:33,0.6,50,95450
20240116,14:41:01,0.65,350,95450
20240116,14:42:15,0.65,250,95450
20240116,14:42:16,0.6,100,95850
20240116,14:42:17,0.6,50,95850
20240116,14:42:18,0.6,50,95850
20240116,14:42:19,0.6,50,95850
20240116,14:42:20,0.6,50,95850
20240116,14:42:28,0.6,50,95850
20240116,14:42:32,0.6,100,95850
20240116,14:42:33,0.6,250,95850
20240116,14:42:35,0.6,300,95850
20240116,14:42:38,0.6,100,95850
20240116,14:42:39,0.6,50,95850
20240116,14:42:40,0.6,50,95850
20240116,14:42:41,0.6,50,95850
20240116,14:42:42,0.6,100,95850
20240116,14:42:43,0.6,50,95850
20240116,14:42:45,0.6,50,95850
20240116,14:42:46,0.6,50,95850
20240116,14:42:51,0.6,100,95850
20240116,14:42:53,0.6,1850,95850
20240116,14:42:58,0.6,50,95850
20240116,14:42:59,0.6,50,95850
20240116,14:43:00,0.6,50,95850
20240116,14:43:03,0.6,100,95850
20240116,14:43:05,0.6,50,95850
20240116,14:43:06,0.6,50,95850
20240116,14:43:07,0.6,100,95850
20240116,14:43:08,0.6,100,95850
20240116,14:43:09,0.6,350,95850
20240116,14:43:10,0.6,50,95850
20240116,14:43:11,0.6,50,95850
20240116,14:43:14,0.6,50,95850
20240116,14:43:15,0.6,100,95850
20240116,14:43:16,0.6,50,95850
20240116,14:43:20,0.6,50,95850
20240116,14:43:22,0.6,50,95850
20240116,14:43:23,0.6,50,95850
20240116,14:43:25,0.55,100,95850
20240116,14:45:44,0.6,50,95850
20240116,14:46:40,0.55,50,96100
20240116,14:46:43,0.55,50,96100
20240116,14:46:45,0.55,50,96100
20240116,14:46:47,0.55,100,96100
20240116,14:46:47,0.55,50,96100
20240116,14:46:48,0.55,100,96100
20240116,14:46:49,0.55,200,96100
20240116,14:46:53,0.55,100,96100
20240116,14:46:55,0.55,50,96100
20240116,14:46:56,0.55,50,96100
20240116,14:46:57,0.55,50,96100
20240116,14:46:58,0.55,50,96100
20240116,14:46:59,0.55,50,96100
20240116,14:47:00,0.55,50,96100
20240116,14:47:01,0.55,250,96100
20240116,14:47:05,0.55,50,96100
20240116,14:47:13,0.55,50,96100
20240116,14:47:15,0.55,50,96100
20240116,14:47:17,0.55,250,96100
20240116,14:47:17,0.55,100,96100
20240116,14:47:18,0.55,250,96100
20240116,14:47:24,0.55,50,96100
20240116,14:47:25,0.55,100,96100
20240116,14:47:39,0.55,50,96100
20240116,14:47:45,0.55,50,96100
20240116,14:47:46,0.55,50,96100
20240116,14:47:50,0.55,50,96100
20240116,14:47:54,0.55,50,96100
20240116,14:47:56,0.55,50,96100
20240116,14:47:57,0.55,100,96100
20240116,14:48:04,0.55,100,96100
20240116,14:48:04,0.55,50,96100
20240116,14:48:08,0.55,100,96100
20240116,14:48:10,0.55,50,96100
20240116,14:48:11,0.55,150,96100
20240116,14:49:44,0.55,650,99200
20240116,14:50:12,0.55,50,99200
20240116,14:50:13,0.55,50,99200
20240116,14:50:14,0.55,150,99200
20240116,14:50:15,0.55,100,99200
20240116,14:50:16,0.55,50,99200
20240116,14:50:18,0.55,100,99200
20240116,14:50:19,0.55,50,99200
20240116,14:50:21,0.55,100,99200
20240116,14:50:42,0.55,50,99200
20240116,14:50:42,0.55,250,99200
20240116,14:50:43,0.55,700,99200
20240116,14:52:32,0.5,200,99200
20240116,14:52:39,0.5,200,100350
20240116,14:52:47,0.5,200,100350
20240116,14:52:54,0.5,2000,100350
20240116,14:52:56,0.5,200,100350
20240116,14:52:57,0.5,1900,100350
20240116,14:52:58,0.5,200,100350
20240116,14:52:59,0.5,450,100350
20240116,14:53:01,0.5,200,100350
20240116,14:53:02,0.5,200,100350
20240116,14:53:03,0.5,250,100350
20240116,14:53:08,0.5,200,100350
20240116,14:53:09,0.5,450,100350
20240116,14:53:10,0.5,400,100350
20240116,14:53:11,0.5,200,100350
20240116,14:53:12,0.5,400,100350
20240116,14:53:13,0.5,1000,100350
20240116,14:53:14,0.5,400,100350
20240116,14:53:15,0.5,200,100350
20240116,14:53:16,0.5,200,100350
20240116,14:53:17,0.5,200,100350
20240116,14:53:21,0.5,400,100350
20240116,14:53:24,0.5,800,100350
20240116,14:53:28,0.5,500,100350
20240116,14:53:29,0.5,250,100350
20240116,14:53:31,0.55,250,100350
20240116,14:53:32,0.5,200,100350
20240116,14:53:33,0.5,2300,100350
20240116,14:53:34,0.5,1400,100350
20240116,14:53:35,0.5,1000,100350
20240116,14:53:36,0.5,650,100350
20240116,14:53:37,0.5,200,100350
20240116,14:53:39,0.5,200,100350
20240116,14:53:43,0.5,200,100350
20240116,14:53:44,0.5,2800,100350
20240116,14:53:45,0.5,200,100350
20240116,14:53:46,0.5,200,100350
20240116,14:53:48,0.5,200,100350
20240116,14:53:49,0.5,400,100350
20240116,14:53:50,0.5,600,100350
20240116,14:53:51,0.5,1400,100350
20240116,14:53:57,0.5,200,100350
20240116,14:53:58,0.5,1000,100350
20240116,14:53:59,0.5,200,100350
20240116,14:54:01,0.5,400,100350
20240116,14:54:02,0.5,200,100350
20240116,14:54:04,0.5,200,100350
20240116,14:54:05,0.5,200,100350
20240116,14:54:06,0.5,600,100350
20240116,14:54:07,0.5,200,100350
20240116,14:54:10,0.5,400,100350
20240116,14:54:10,0.5,2000,100350
20240116,14:54:11,0.5,200,100350
20240116,14:54:13,0.5,2000,100350
20240116,14:54:15,0.5,2000,100350
20240116,14:54:16,0.5,400,121200
20240116,14:54:17,0.5,200,121200
20240116,14:54:18,0.5,3600,121200
20240116,14:54:19,0.5,200,121200
20240116,14:54:20,0.5,2000,121200
20240116,14:54:22,0.5,2000,121200
20240116,14:54:24,0.5,400,121200
20240116,14:54:27,0.5,200,121200
20240116,14:54:28,0.5,1450,121200
20240116,14:54:29,0.5,250,121200
20240116,14:54:30,0.5,200,121200
20240116,14:54:36,0.5,200,121200
20240116,14:54:38,0.5,200,121200
20240116,14:54:39,0.5,200,121200
20240116,14:54:41,0.5,200,121200
20240116,14:54:43,0.5,200,121200
20240116,14:54:51,0.5,200,121200
20240116,14:54:56,0.5,200,121200
20240116,14:54:59,0.5,200,121200
20240116,14:55:00,0.5,200,121200
20240116,14:55:01,0.5,450,121200
20240116,14:55:03,0.5,1000,121200
20240116,14:55:04,0.5,6700,121200
20240116,14:55:05,0.5,8200,121200
20240116,14:55:06,0.45,7400,121200
20240116,14:55:07,0.45,200,121200
20240116,14:55:09,0.45,200,121200
20240116,14:55:10,0.45,200,121200
20240116,14:55:11,0.45,600,121200
20240116,14:55:13,0.45,200,121200
20240116,14:55:14,0.45,600,121200
20240116,14:55:15,0.45,2400,121200
20240116,14:55:16,0.45,2400,121200
20240116,14:55:17,0.45,600,121200
20240116,14:55:18,0.45,400,121200
20240116,14:55:19,0.45,200,121200
20240116,14:55:20,0.45,200,121200
20240116,14:55:21,0.45,400,121200
20240116,14:55:22,0.45,600,121200
20240116,14:55:23,0.45,200,121200
20240116,14:55:24,0.45,5300,121200
20240116,14:55:25,0.45,400,121200
20240116,14:55:26,0.45,200,121200
20240116,14:55:30,0.45,200,121200
20240116,14:55:41,0.45,800,121200
20240116,14:55:50,0.45,550,121200
20240116,14:55:52,0.45,400,121200
20240116,14:55:54,0.45,200,121200
20240116,14:55:55,0.45,400,121200
20240116,14:55:56,0.45,600,121200
20240116,14:55:57,0.45,200,121200
20240116,14:56:00,0.45,200,121200
20240116,14:56:01,0.45,400,121200
20240116,14:56:05,0.45,200,121200
20240116,14:56:05,0.45,800,121200
20240116,14:56:06,0.45,200,121200
20240116,14:56:08,0.45,400,121200
20240116,14:56:09,0.45,1200,121200
20240116,14:56:10,0.45,600,121200
20240116,14:56:11,0.45,600,121200
20240116,14:56:12,0.45,250,121200
20240116,14:56:14,0.45,200,121200
20240116,14:56:15,0.45,400,121200
20240116,14:56:20,0.45,200,121200
20240116,14:56:22,0.45,200,121200
20240116,14:56:24,0.45,700,121200
20240116,14:56:25,0.45,400,121200
20240116,14:56:26,0.45,800,121200
20240116,14:56:27,0.45,1000,121200
20240116,14:56:28,0.45,200,121200
20240116,14:56:29,0.45,200,121200
20240116,14:56:30,0.45,600,121200
20240116,14:56:31,0.45,200,121200
20240116,14:56:32,0.45,400,121200
20240116,14:56:33,0.45,200,121200
20240116,14:56:34,0.45,600,121200
20240116,14:56:35,0.45,1100,121200
20240116,14:56:36,0.45,200,121200
20240116,14:56:39,0.45,500,121200
20240116,14:56:40,0.45,200,121200
20240116,14:56:44,0.45,200,121200
20240116,14:56:44,0.45,1000,121200
20240116,14:56:46,0.45,200,121200
20240116,14:56:47,0.45,200,121200
20240116,14:56:48,0.45,200,121200
20240116,14:56:49,0.45,200,121200
20240116,14:56:51,0.45,200,121200
20240116,14:56:52,0.45,200,121200
20240116,14:56:54,0.45,200,121200
20240116,14:57:00,0.45,200,121200
20240116,14:57:03,0.45,250,121200
20240116,14:57:08,0.45,700,121200
20240116,14:57:09,0.45,600,121200
20240116,14:57:10,0.45,200,121200
20240116,14:57:11,0.45,1000,121200
20240116,14:57:12,0.45,400,121200
20240116,14:57:13,0.45,400,121200
20240116,14:57:14,0.45,200,121200
20240116,14:57:15,0.45,800,121200
20240116,14:57:16,0.45,1600,181300
20240116,14:57:17,0.45,1000,181300
20240116,14:57:18,0.45,200,181300
20240116,14:57:19,0.45,200,181300
20240116,14:57:20,0.45,600,181300
20240116,14:57:22,0.45,200,181300
20240116,14:57:23,0.45,600,181300
20240116,14:57:24,0.45,600,181300
20240116,14:57:25,0.45,800,181300
20240116,14:57:26,0.45,1000,181300
20240116,14:57:27,0.45,1000,181300
20240116,14:57:28,0.45,800,181300
20240116,14:57:29,0.45,200,181300
20240116,14:57:30,0.45,1400,181300
20240116,14:57:33,0.45,1050,181300
20240116,14:57:34,0.45,2800,181300
20240116,14:57:35,0.45,400,181300
20240116,14:57:36,0.45,200,181300
20240116,14:57:37,0.45,600,181300
20240116,14:57:40,0.45,400,181300
20240116,14:57:41,0.45,1400,181300
20240116,14:57:43,0.45,200,181300
20240116,14:57:44,0.45,800,181300
20240116,14:57:45,0.45,200,181300
20240116,14:57:46,0.45,200,181300
20240116,14:57:47,0.45,200,181300
20240116,14:57:48,0.45,200,181300
20240116,14:57:50,0.45,200,181300
20240116,14:57:52,0.45,200,181300
20240116,14:57:54,0.45,200,181300
20240116,14:57:55,0.45,200,181300
20240116,14:57:57,0.5,850,181300
20240116,14:57:58,0.45,1800,181300
20240116,14:57:59,0.45,400,181300
20240116,14:58:01,0.45,400,181300
20240116,14:58:03,0.45,600,181300
20240116,14:58:04,0.45,650,181300
20240116,14:58:05,0.45,400,181300
20240116,14:58:06,0.45,400,181300
20240116,14:58:07,0.45,600,181300
20240116,14:58:08,0.45,800,181300
20240116,14:58:09,0.45,400,181300
20240116,14:58:10,0.45,200,181300
20240116,14:58:11,0.45,6200,181300
20240116,14:58:12,0.45,9200,181300
20240116,14:58:13,0.45,4900,181300
20240116,14:58:14,0.45,350,181300
20240116,14:58:15,0.45,150,181300
20240116,14:58:16,0.45,50,181300
20240116,14:58:17,0.45,750,181300
20240116,14:58:18,0.45,20050,181300
20240116,14:58:23,0.45,1000,181300
20240116,14:58:25,0.45,750,181300
20240116,14:58:27,0.45,250,181300
20240116,14:58:33,0.45,1350,181300
20240116,14:58:34,0.45,100,181300
20240116,14:58:48,0.45,50,181300
20240116,14:58:56,0.45,1800,181300
20240116,14:58:57,0.4,1850,181300
20240116,14:58:59,0.45,1800,181300
20240116,14:59:00,0.45,1800,181300
20240116,14:59:01,0.45,1800,181300
20240116,14:59:02,0.45,1800,181300
20240116,14:59:03,0.45,1800,181300
20240116,14:59:07,0.45,1800,181300
20240116,14:59:30,0.45,500,181300
20240116,14:59:35,0.4,1100,181300
20240116,14:59:36,0.4,200,181300
20240116,14:59:41,0.45,750,181300
20240116,14:59:50,0.4,1600,181300
20240116,14:59:54,0.45,100,181300
20240116,15:00:14,0.45,200,181300
20240116,15:00:18,0.45,250,226300
20240116,15:00:19,0.4,50,226300
20240116,15:00:35,0.45,1000,226300
20240116,15:00:57,0.45,50,226300
20240116,15:00:58,0.45,50,226300
20240116,15:00:59,0.45,150,226300
20240116,15:01:00,0.45,200,226300
20240116,15:01:12,0.45,450,226300
20240116,15:01:12,0.45,250,226300
20240116,15:01:14,0.45,300,226300
20240116,15:01:14,0.4,500,226300
20240116,15:01:15,0.4,650,226300
20240116,15:01:17,0.4,200,226300
20240116,15:01:19,0.4,200,226300
20240116,15:01:20,0.4,650,226300
20240116,15:01:23,0.4,200,226300
20240116,15:01:31,0.4,200,226300
20240116,15:01:32,0.4,200,226300
20240116,15:01:35,0.4,200,226300
20240116,15:01:36,0.4,200,226300
20240116,15:01:38,0.45,700,226300
20240116,15:01:38,0.4,200,226300
20240116,15:01:43,0.4,200,226300
20240116,15:01:45,0.4,1750,226300
20240116,15:01:45,0.4,3700,226300
20240116,15:01:46,0.4,9800,226300
20240116,15:01:47,0.4,10200,226300
20240116,15:01:48,0.4,1400,226300
20240116,15:01:49,0.4,1000,226300
20240116,15:01:50,0.4,800,226300
20240116,15:01:51,0.4,600,226300
20240116,15:01:52,0.4,400,226300
20240116,15:01:54,0.4,200,226300
20240116,15:01:55,0.45,50,226300
20240116,15:01:56,0.4,200,226300
20240116,15:01:57,0.4,1450,226300
20240116,15:01:58,0.4,600,226300
20240116,15:02:04,0.45,350,226300
20240116,15:02:05,0.45,300,226300
20240116,15:02:05,0.45,600,226300
20240116,15:02:06,0.45,500,226300
20240116,15:02:11,0.45,250,226300
20240116,15:02:26,0.45,50,226300
20240116,15:02:27,0.45,100,226300
20240116,15:02:43,0.45,50,226300
20240116,15:02:47,0.45,250,226300
20240116,15:03:15,0.45,550,226300
20240116,15:03:39,0.45,200,264950
20240116,15:04:05,0.45,200,264950
20240116,15:04:08,0.45,200,264950
20240116,15:04:09,0.45,250,264950
20240116,15:05:20,0.45,1300,264950
20240116,15:05:25,0.4,100,264950
20240116,15:05:31,0.45,250,264950
20240116,15:06:07,0.4,50,264950
20240116,15:06:09,0.45,700,264950
20240116,15:06:30,0.45,1250,266250
20240116,15:06:56,0.45,1850,266250
20240116,15:07:00,0.45,500,266250
20240116,15:07:07,0.45,250,266250
20240116,15:07:16,0.45,400,266250
20240116,15:07:47,0.45,350,266250
20240116,15:08:00,0.45,250,266250
20240116,15:08:02,0.45,50,266250
20240116,15:08:08,0.45,50,266250
20240116,15:08:11,0.45,50,266250
20240116,15:08:17,0.45,50,266250
20240116,15:08:18,0.45,50,266250
20240116,15:08:22,0.45,500,266250
20240116,15:09:02,0.45,1250,266250
20240116,15:09:27,0.45,200,266250
20240116,15:10:04,0.45,750,266250
20240116,15:10:32,0.45,400,266250
20240116,15:10:51,0.4,50,266250
20240116,15:10:52,0.4,50,266250
20240116,15:11:02,0.45,650,266250
20240116,15:11:13,0.45,50,266250
20240116,15:11:30,0.45,1850,266250
20240116,15:11:30,0.45,18200,266250
20240116,15:11:33,0.45,50,266250
20240116,15:11:34,0.45,50,266250
20240116,15:11:35,0.45,50,266250
20240116,15:11:39,0.4,1300,266250
20240116,15:11:44,0.4,50,266250
20240116,15:11:51,0.45,200,266250
20240116,15:12:41,0.45,550,266250
20240116,15:13:07,0.45,10000,277000
20240116,15:13:08,0.45,10000,277000
20240116,15:13:12,0.45,50,277000
20240116,15:13:13,0.45,100,277000
20240116,15:13:14,0.45,50,277000
20240116,15:13:16,0.45,50,277000
20240116,15:13:18,0.45,50,277000
20240116,15:13:43,0.45,1800,277000
20240116,15:13:44,0.45,1800,277000
20240116,15:13:46,0.45,1850,277000
20240116,15:13:47,0.45,50,277000
20240116,15:13:48,0.45,1900,277000
20240116,15:13:49,0.45,1900,277000
20240116,15:13:50,0.45,7250,277000
20240116,15:13:54,0.45,500,277000
20240116,15:13:56,0.45,250,277000
20240116,15:14:25,0.45,250,277000
20240116,15:14:26,0.45,350,277000
20240116,15:14:27,0.45,250,277000
20240116,15:14:28,0.45,650,277000
20240116,15:14:30,0.45,400,277000
20240116,15:14:31,0.45,350,277000
20240116,15:14:36,0.45,350,277000
20240116,15:14:40,0.45,250,277000
20240116,15:15:01,0.45,150,277000
20240116,15:15:09,0.45,250,277000
20240116,15:15:32,0.45,1800,277000
20240116,15:15:33,0.45,1800,274800
20240116,15:15:34,0.45,1800,274800
20240116,15:15:41,0.5,1000,274800
20240116,15:16:12,0.45,400,274800
20240116,15:16:14,0.45,350,274800
20240116,15:16:17,0.45,300,274800
20240116,15:16:20,0.45,250,274800
20240116,15:16:22,0.4,7200,274800
20240116,15:16:23,0.4,12800,274800
20240116,15:16:24,0.4,550,274800
20240116,15:16:30,0.45,50,274800
20240116,15:17:02,0.4,1800,274800
20240116,15:17:10,0.45,1800,274800
20240116,15:17:13,0.45,1300,274800
20240116,15:17:14,0.45,50,274800
20240116,15:17:15,0.45,50,274800
20240116,15:17:16,0.45,50,274800
20240116,15:17:17,0.45,50,274800
20240116,15:17:19,0.45,50,274800
20240116,15:17:20,0.45,50,274800
20240116,15:17:21,0.45,50,274800
20240116,15:17:22,0.45,50,274800
20240116,15:17:23,0.45,50,274800
20240116,15:17:24,0.45,50,274800
20240116,15:17:25,0.45,50,274800
20240116,15:17:26,0.45,50,274800
20240116,15:17:28,0.45,50,274800
20240116,15:17:29,0.45,50,274800
20240116,15:17:30,0.45,50,274800
20240116,15:17:31,0.45,50,274800
20240116,15:17:33,0.45,50,274800
20240116,15:17:34,0.45,50,274800
20240116,15:17:35,0.45,50,274800
20240116,15:17:56,0.4,50,274800
20240116,15:18:03,0.45,10050,274800
20240116,15:18:09,0.45,50,274800
20240116,15:18:16,0.45,9000,274800
20240116,15:18:17,0.45,1800,274800
20240116,15:18:18,0.45,1800,266600
20240116,15:18:20,0.45,1800,266600
20240116,15:18:58,0.45,150,266600
20240116,15:19:00,0.4,200,266600
20240116,15:20:08,0.5,800,266600
20240116,15:20:35,0.5,50,266600
20240116,15:22:16,0.45,650,263750
20240116,15:22:24,0.45,350,263750
20240116,15:22:28,0.45,450,263750
20240116,15:23:01,0.45,300,263750
20240116,15:23:02,0.45,700,263750
20240116,15:23:43,0.45,300,263750
20240116,15:23:46,0.5,150,263750
20240116,15:24:03,0.45,300,263750
20240116,15:24:10,0.45,250,263750
20240116,15:24:32,0.5,100,263750
20240116,15:24:33,0.45,50,262400
20240116,15:24:37,0.5,100,262400
20240116,15:24:37,0.45,450,262400
20240116,15:24:41,0.45,200,262400
20240116,15:24:42,0.45,350,262400
20240116,15:24:43,0.5,1300,262400
20240116,15:24:58,0.45,450,262400
20240116,15:24:59,0.45,50,262400
20240116,15:25:00,0.45,50,262400
20240116,15:25:07,0.45,300,262400
20240116,15:25:48,0.45,50,262400
20240116,15:26:00,0.45,50,262400
20240116,15:26:06,0.5,700,262400
20240116,15:26:09,0.5,1000,262400
20240116,15:26:10,0.45,350,262400
20240116,15:26:17,0.5,1000,262400
20240116,15:26:20,0.5,1000,262400
20240116,15:26:21,0.5,1000,262400
20240116,15:26:23,0.5,1000,262400
20240116,15:26:25,0.5,100,262400
20240116,15:26:27,0.5,900,262400
20240116,15:26:29,0.45,250,262400
20240116,15:26:39,0.5,50,262400
20240116,15:26:40,0.5,250,262400
20240116,15:26:45,0.45,50,262400
20240116,15:27:08,0.45,1800,262400
20240116,15:27:09,0.45,1800,262400
20240116,15:27:10,0.45,1800,262400
20240116,15:27:11,0.45,1800,262400
20240116,15:27:12,0.45,1800,262400
20240116,15:27:14,0.45,1800,262400
20240116,15:27:17,0.45,1750,262400
20240116,15:27:56,0.5,1000,262400
20240116,15:27:57,0.45,1800,258200
20240116,15:27:58,0.45,1800,258200
20240116,15:28:03,0.45,1800,258200
20240116,15:28:05,0.5,1000,258200
20240116,15:28:08,0.5,1000,258200
20240116,15:28:09,0.5,1000,258200
20240116,15:28:12,0.45,1800,258200
20240116,15:28:20,0.45,1800,258200
20240116,15:28:25,0.5,2300,258200
20240116,15:28:30,0.45,1800,258200
20240116,15:28:32,0.5,800,258200
20240116,15:28:33,0.5,1000,258200
20240116,15:28:35,0.5,1000,258200
20240116,15:28:36,0.45,1800,258200
20240116,15:28:39,0.45,1800,258200
20240116,15:28:43,0.45,1800,258200
20240116,15:28:44,0.45,1550,258200
20240116,15:28:51,0.4,100,258200
20240116,15:28:55,0.45,800,258200
20240116,15:29:35,0.45,200,258200
20240116,15:29:40,0.4,500,258200
20240116,15:29:43,0.45,10100,258200
20240116,15:29:55,0.45,5400,258200
20240117,09:15:01,0.45,1,256900
20240117,09:15:01,0.45,200,256900
20240117,09:15:07,0.65,50,256900
20240117,09:15:08,0.65,1050,256900
20240117,09:15:09,0.5,500,256900
20240117,09:15:10,0.6,1200,256900
20240117,09:15:11,0.65,1050,256900
20240117,09:15:13,0.5,1350,256900
20240117,09:15:14,0.65,450,256900
20240117,09:15:17,0.65,100,256900
20240117,09:15:18,0.6,14650,256900
20240117,09:15:22,0.6,300,256900
20240117,09:15:24,0.6,1800,256900
20240117,09:15:24,0.6,1150,256900
20240117,09:15:26,0.6,450,256900
20240117,09:15:27,0.95,250,256900
20240117,09:15:28,0.95,1800,256900
20240117,09:15:33,1.15,200,256900
20240117,09:15:37,3.4,7800,256900
20240117,09:15:38,3.45,9900,256900
20240117,09:15:41,3.45,500,256900
20240117,09:15:45,0.75,5400,256900
20240117,09:15:46,0.75,4350,256900
20240117,09:15:49,0.8,9000,256900
20240117,09:15:53,0.8,400,256900
20240117,09:15:56,0.8,700,256900
20240117,09:15:57,0.8,1400,256900
20240117,09:15:59,0.8,1250,256900
20240117,09:16:00,0.8,50,256900
20240117,09:16:01,0.85,650,256900
20240117,09:16:02,0.85,100,256900
20240117,09:16:08,0.8,50,256900
20240117,09:16:09,0.8,150,256900
20240117,09:16:15,0.8,450,256900
20240117,09:16:16,0.8,350,256900
20240117,09:16:17,0.8,350,256900
20240117,09:16:17,0.8,50,256900
20240117,09:16:18,0.8,450,256900
20240117,09:16:19,0.75,650,256900
20240117,09:16:20,0.8,750,256900
20240117,09:16:21,0.75,550,256900
20240117,09:16:32,0.8,1050,256900
20240117,09:16:32,0.8,750,256900
20240117,09:16:34,0.8,1800,256900
20240117,09:16:36,0.8,1100,256900
20240117,09:16:37,0.75,1200,256900
20240117,09:16:38,0.8,200,256900
20240117,09:16:39,0.75,1550,256900
20240117,09:16:40,0.8,250,256900
20240117,09:16:42,0.8,1800,256900
20240117,09:16:43,0.8,50,256900
20240117,09:16:43,0.75,1500,256900
20240117,09:16:48,0.8,250,256900
20240117,09:16:50,0.75,250,256900
20240117,09:16:53,0.8,500,256900
20240117,09:16:55,0.8,100,256900
20240117,09:16:56,0.75,400,256900
20240117,09:16:58,0.75,300,256900
20240117,09:17:02,0.75,600,256900
20240117,09:17:03,0.8,800,256900
20240117,09:17:04,0.8,50,256900
20240117,09:17:08,0.75,450,256900
20240117,09:17:09,0.75,500,256900
20240117,09:17:09,0.75,50,256900
20240117,09:17:11,0.75,400,256900
20240117,09:17:13,0.75,650,256900
20240117,09:17:13,0.75,50,256900
20240117,09:17:19,0.65,100,256900
20240117,09:17:20,0.75,50,256900
20240117,09:17:22,0.7,200,256900
20240117,09:17:23,0.7,50,256900
20240117,09:17:25,0.65,250,256900
20240117,09:17:26,0.7,150,256900
20240117,09:17:27,0.7,50,256900
20240117,09:17:28,0.7,1000,256900
20240117,09:17:30,0.6,250,256900
20240117,09:17:44,0.7,50,256900
20240117,09:17:56,0.7,200,262450
20240117,09:18:00,0.7,50,262450
20240117,09:18:01,0.7,250,262450
20240117,09:18:03,0.7,650,262450
20240117,09:18:04,0.7,50,262450
20240117,09:18:06,0.7,50,262450
20240117,09:18:07,0.7,100,262450
20240117,09:18:09,0.7,1850,262450
20240117,09:18:10,0.7,50,262450
20240117,09:18:11,0.7,700,262450
20240117,09:18:17,0.7,50,262450
20240117,09:18:24,0.7,300,262450
20240117,09:18:26,0.7,1800,262450
20240117,09:18:28,0.7,5400,262450
20240117,09:18:29,0.7,12950,262450
20240117,09:18:30,0.75,250,262450
20240117,09:18:37,0.75,1000,262450
20240117,09:18:47,0.75,100,262450
20240117,09:18:49,0.75,50,262450
20240117,09:18:50,0.75,450,262450
20240117,09:18:53,0.75,150,262450
20240117,09:18:54,0.75,100,262450
20240117,09:18:55,0.75,100,262450
20240117,09:18:56,0.7,50,262450
20240117,09:18:57,0.7,200,262450
20240117,09:18:59,0.75,50,262450
20240117,09:19:00,0.75,100,262450
20240117,09:19:01,0.75,100,262450
20240117,09:19:03,0.75,50,262450
20240117,09:19:05,0.75,650,262450
20240117,09:19:08,0.75,150,262450
20240117,09:19:14,0.75,1600,262450
20240117,09:19:18,0.7,250,262450
20240117,09:19:19,0.75,100,262450
20240117,09:19:21,0.7,150,262450
20240117,09:19:34,0.75,250,262450
20240117,09:19:35,0.75,150,262450
20240117,09:19:37,0.75,50,262450
20240117,09:19:43,0.75,50,262450
20240117,09:19:44,0.75,500,262450
20240117,09:19:45,0.75,50,262450
20240117,09:19:52,0.75,50,262450
20240117,09:19:53,0.75,50,262450
20240117,09:19:54,0.75,100,262450
20240117,09:19:58,0.75,750,262450
20240117,09:19:59,0.75,50,262450
20240117,09:20:00,0.75,500,262450
20240117,09:20:02,0.75,1050,262450
20240117,09:20:04,0.75,2600,262450
20240117,09:20:09,0.75,50,262450
20240117,09:20:10,0.75,100,262450
20240117,09:20:11,0.75,1000,262450
20240117,09:20:12,0.75,50,262450
20240117,09:20:14,0.75,600,262450
20240117,09:20:20,0.75,50,262450
20240117,09:20:23,0.7,300,262450
20240117,09:20:25,0.75,950,262450
20240117,09:20:26,0.7,50,262450
20240117,09:20:29,0.75,50,262450
20240117,09:20:33,0.75,50,266750
20240117,09:20:41,0.75,200,266750
20240117,09:20:43,0.7,700,266750
20240117,09:20:44,0.7,800,266750
20240117,09:20:48,0.75,50,266750
20240117,09:20:49,0.75,50,266750
20240117,09:20:52,0.7,250,266750
20240117,09:20:54,0.75,750,266750
20240117,09:21:10,0.75,50,266750
20240117,09:21:11,0.75,50,266750
20240117,09:21:13,0.7,450,266750
20240117,09:21:21,0.75,50,266750
20240117,09:21:22,0.7,50,266750
20240117,09:21:26,0.75,500,266750
20240117,09:21:38,0.75,300,266750
20240117,09:21:40,0.75,3850,266750
20240117,09:21:42,0.75,1000,266750
20240117,09:21:43,0.75,250,266750
20240117,09:21:47,0.75,8000,266750
20240117,09:21:49,0.75,250,266750
20240117,09:21:50,0.75,1850,266750
20240117,09:22:03,0.75,400,266750
20240117,09:22:04,0.7,200,266750
20240117,09:22:12,0.75,50,266750
20240117,09:22:13,0.75,50,266750
20240117,09:22:17,0.8,12600,266750
20240117,09:22:18,0.8,3600,266750
20240117,09:22:31,0.75,50,266750
20240117,09:22:32,0.8,50,266750
20240117,09:22:35,0.75,200,266750
20240117,09:22:45,0.7,300,266750
20240117,09:22:46,0.8,2150,266750
20240117,09:22:48,0.8,150,266750
20240117,09:22:51,0.8,400,266750
20240117,09:22:54,0.8,300,266750
20240117,09:22:55,0.8,9000,266750
20240117,09:22:57,0.75,50,266750
20240117,09:22:59,0.8,1400,266750
20240117,09:23:00,0.75,1700,266750
20240117,09:23:01,0.8,50,266750
20240117,09:23:02,0.8,10600,266750
20240117,09:23:06,0.85,800,266750
20240117,09:23:08,0.85,300,266750
20240117,09:23:11,0.8,500,266750
20240117,09:23:20,0.85,50,266750
20240117,09:23:23,0.8,200,266750
20240117,09:23:30,0.85,50,266750
20240117,09:23:32,0.8,700,278600
20240117,09:23:36,0.85,1050,278600
20240117,09:23:38,0.8,100,278600
20240117,09:23:49,0.85,250,278600
20240117,09:23:51,0.8,50,278600
20240117,09:23:52,0.85,1000,278600
20240117,09:23:56,0.85,100,278600
20240117,09:23:59,0.85,500,278600
20240117,09:24:08,0.85,1200,278600
20240117,09:24:13,0.85,100,278600
20240117,09:24:18,0.8,800,278600
20240117,09:24:20,0.85,50,278600
20240117,09:24:22,0.85,50,278600
20240117,09:24:26,0.85,50,278600
20240117,09:24:27,0.8,650,278600
20240117,09:24:27,0.8,1800,278600
20240117,09:24:29,0.8,700,278600
20240117,09:24:30,0.8,9300,278600
20240117,09:24:31,0.8,2250,278600
20240117,09:24:34,0.85,50,278600
20240117,09:24:37,0.85,450,278600
20240117,09:24:39,0.8,1250,278600
20240117,09:24:42,0.8,350,278600
20240117,09:24:42,0.8,700,278600
20240117,09:24:44,0.85,500,278600
20240117,09:24:46,0.85,100,278600
20240117,09:24:47,0.85,50,278600
20240117,09:24:48,0.85,150,278600
20240117,09:24:51,0.85,50,278600
20240117,09:24:55,0.85,50,278600
20240117,09:24:56,0.85,500,278600
20240117,09:24:58,0.8,250,278600
20240117,09:24:59,0.8,250,278600
20240117,09:25:00,0.8,250,278600
20240117,09:25:01,0.85,50,278600
20240117,09:25:03,0.85,100,278600
20240117,09:25:15,0.8,50,278600
20240117,09:25:18,0.8,50,278600
20240117,09:25:19,0.85,1500,278600
20240117,09:25:19,0.85,50,278600
20240117,09:25:25,0.8,50,278600
20240117,09:25:26,0.85,250,278600
20240117,09:25:27,0.85,150,278600
20240117,09:25:30,0.85,100,278600
20240117,09:25:49,0.85,50,278600
20240117,09:25:52,0.85,300,278600
20240117,09:25:53,0.8,50,278600
20240117,09:26:02,0.85,500,278600
20240117,09:26:06,0.85,50,278600
20240117,09:26:07,0.85,100,278600
20240117,09:26:10,0.8,50,278600
20240117,09:26:11,0.85,350,278600
20240117,09:26:14,0.85,50,278600
20240117,09:26:16,0.8,1000,278600
20240117,09:26:24,0.85,550,278600
20240117,09:26:27,0.85,50,278600
20240117,09:26:32,0.85,700,278600
20240117,09:26:34,0.85,19800,279800
20240117,09:26:34,0.85,850,279800
20240117,09:26:36,0.9,200,279800
20240117,09:26:41,0.85,50,279800
20240117,09:26:42,0.9,250,279800
20240117,09:26:46,0.9,50,279800
20240117,09:26:48,0.9,50,279800
20240117,09:26:49,0.9,150,279800
20240117,09:26:50,0.9,50,279800
20240117,09:26:59,0.9,150,279800
20240117,09:27:00,0.9,400,279800
20240117,09:27:02,0.9,750,279800
20240117,09:27:07,0.9,350,279800
20240117,09:27:11,0.85,100,279800
20240117,09:27:13,0.9,50,279800
20240117,09:27:20,0.9,50,279800
20240117,09:27:22,0.85,50,279800
20240117,09:27:23,0.85,1000,279800
20240117,09:27:26,0.9,50,279800
20240117,09:27:28,0.9,50,279800
20240117,09:27:30,0.9,550,279800
20240117,09:27:34,0.9,50,279800
20240117,09:27:41,0.9,50,279800
20240117,09:27:43,0.85,350,279800
20240117,09:27:48,0.9,1000,279800
20240117,09:27:48,0.85,400,279800
20240117,09:28:06,0.9,200,279800
20240117,09:28:10,0.85,50,279800
20240117,09:28:16,0.9,100,279800
20240117,09:28:17,0.9,50,279800
20240117,09:28:20,0.9,100,279800
20240117,09:28:21,0.9,1850,279800
20240117,09:28:23,0.9,1850,279800
20240117,09:28:24,0.9,50,279800
20240117,09:28:25,0.9,1800,279800
20240117,09:28:26,0.9,1800,279800
20240117,09:28:26,0.9,50,279800
20240117,09:28:27,0.9,1800,279800
20240117,09:28:29,0.9,1800,279800
20240117,09:28:29,0.9,3700,279800
20240117,09:28:35,0.9,50,279800
20240117,09:28:36,0.95,50,279800
20240117,09:28:37,0.9,1950,279800
20240117,09:28:39,0.9,400,279800
20240117,09:28:40,0.95,50,279800
20240117,09:28:43,0.95,50,279800
20240117,09:28:46,0.95,1800,279800
20240117,09:28:47,0.95,2100,279800
20240117,09:28:48,0.95,1800,279800
20240117,09:28:50,0.95,150,279800
20240117,09:28:51,1.0,1100,279800
20240117,09:28:52,0.95,50,279800
20240117,09:28:55,0.95,100,279800
20240117,09:28:56,0.95,50,279800
20240117,09:28:57,0.95,50,279800
20240117,09:28:58,1.0,50,279800
20240117,09:29:02,0.95,5050,279800
20240117,09:29:03,0.95,50,279800
20240117,09:29:04,0.9,450,279800
20240117,09:29:05,0.95,50,279800
20240117,09:29:07,0.95,2050,279800
20240117,09:29:08,0.95,1800,279800
20240117,09:29:09,0.9,5300,279800
20240117,09:29:13,0.9,50,279800
20240117,09:29:14,0.95,950,279800
20240117,09:29:24,0.95,100,279800
20240117,09:29:30,0.9,50,279800
20240117,09:29:31,0.95,16150,279800
20240117,09:29:34,0.95,50,283300
20240117,09:29:35,0.85,150,283300
20240117,09:29:36,0.9,3900,283300
20240117,09:29:41,0.85,50,283300
20240117,09:29:42,0.9,1300,283300
20240117,09:29:52,0.9,50,283300
20240117,09:29:53,0.85,50,283300
20240117,09:29:54,0.9,50,283300
20240117,09:29:57,0.85,50,283300
20240117,09:29:59,0.9,3000,283300
20240117,09:30:03,0.9,200,283300
20240117,09:30:10,0.9,100,283300
20240117,09:30:18,0.9,150,283300
20240117,09:30:19,0.9,250,283300
20240117,09:30:22,0.9,50,283300
20240117,09:30:30,0.9,50,283300
20240117,09:30:35,0.9,50,283300
20240117,09:30:41,0.9,100,283300
20240117,09:31:00,0.9,350,283300
20240117,09:31:14,0.9,50,283300
20240117,09:31:15,0.9,100,283300
20240117,09:31:20,0.9,100,283300
20240117,09:31:22,0.9,50,283300
20240117,09:31:36,0.9,50,283300
20240117,09:31:40,0.9,500,283300
20240117,09:31:41,0.9,350,283300
20240117,09:31:42,0.9,1500,283300
20240117,09:31:44,0.9,650,283300
20240117,09:31:48,0.85,50,283300
20240117,09:31:50,0.9,50,283300
20240117,09:31:51,0.9,1050,283300
20240117,09:31:57,0.9,2550,283300
20240117,09:31:59,0.85,400,283300
20240117,09:32:02,0.9,50,283300
20240117,09:32:03,0.9,50,283300
20240117,09:32:10,0.85,1000,283300
20240117,09:32:15,0.9,250,283300
20240117,09:32:17,0.9,600,283300
20240117,09:32:19,0.8,16500,283300
20240117,09:32:20,0.9,1000,283300
20240117,09:32:22,0.9,50,283300
20240117,09:32:28,0.9,300,283300
20240117,09:32:35,0.9,450,277250
20240117,09:32:36,0.85,1250,277250
20240117,09:32:42,0.85,50,277250
20240117,09:32:45,0.85,600,277250
20240117,09:32:58,0.9,350,277250
20240117,09:33:01,0.9,1000,277250
20240117,09:33:10,0.85,100,277250
20240117,09:33:11,0.85,50,277250
20240117,09:33:12,0.9,200,277250
20240117,09:33:20,0.9,1050,277250
20240117,09:33:28,0.8,3000,277250
20240117,09:33:29,0.9,300,277250
20240117,09:33:30,0.9,100,277250
20240117,09:33:31,0.8,50,277250
20240117,09:33:32,0.8,150,277250
20240117,09:33:35,0.9,200,277250
20240117,09:33:42,0.85,50,277250
20240117,09:33:45,0.9,100,277250
20240117,09:33:45,0.85,500,277250
20240117,09:33:53,0.9,50,277250
20240117,09:34:04,0.85,50,277250
20240117,09:34:05,0.85,50,277250
20240117,09:34:06,0.85,50,277250
20240117,09:34:10,0.85,50,277250
20240117,09:34:11,0.85,50,277250
20240117,09:34:17,0.85,100,277250
20240117,09:34:18,0.85,100,277250
20240117,09:34:22,0.85,50,277250
20240117,09:34:23,0.85,50,277250
20240117,09:34:24,0.85,250,277250
20240117,09:34:27,0.85,50,277250
20240117,09:34:30,0.85,300,277250
20240117,09:34:37,0.85,50,277250
20240117,09:34:51,0.8,50,277250
20240117,09:35:07,0.8,150,277250
20240117,09:35:09,0.85,200,277250
20240117,09:35:13,0.8,950,277250
20240117,09:35:20,0.8,100,277250
20240117,09:35:21,0.8,300,277250
20240117,09:35:23,0.85,50,277250
20240117,09:35:25,0.85,500,277250
20240117,09:35:28,0.85,250,277250
20240117,09:35:31,0.85,200,277250
20240117,09:35:35,0.85,1800,277250
20240117,09:35:36,0.85,1800,276450
20240117,09:35:39,0.85,50,276450
20240117,09:35:43,0.85,50,276450
20240117,09:35:45,0.85,50,276450
20240117,09:35:51,0.85,50,276450
20240117,09:35:54,0.85,100,276450
20240117,09:35:57,0.85,250,276450
20240117,09:36:00,0.8,50,276450
20240117,09:36:03,0.85,1700,276450
20240117,09:36:04,0.85,200,276450
20240117,09:36:06,0.85,450,276450
20240117,09:36:13,0.8,50,276450
20240117,09:36:19,0.85,50,276450
20240117,09:36:21,0.8,50,276450
20240117,09:36:27,0.8,1500,276450
20240117,09:36:30,0.85,50,276450
20240117,09:36:32,0.8,250,276450
20240117,09:36:34,0.8,1600,276450
20240117,09:36:37,0.8,400,276450
20240117,09:36:38,0.85,50,276450
20240117,09:36:40,0.85,50,276450
20240117,09:36:41,0.8,50,276450
20240117,09:36:42,0.8,150,276450
20240117,09:36:44,0.85,250,276450
20240117,09:36:46,0.85,100,276450
20240117,09:36:51,0.8,50,276450
20240117,09:36:54,0.85,250,276450
20240117,09:37:06,0.85,50,276450
20240117,09:37:09,0.85,550,276450
20240117,09:37:13,0.8,300,276450
20240117,09:37:14,0.85,50,276450
20240117,09:37:21,0.8,1550,276450
20240117,09:37:23,0.85,1850,276450
20240117,09:37:31,0.85,650,276450
20240117,09:37:32,0.85,50,276450
20240117,09:37:35,0.85,50,276450
20240117,09:37:39,0.85,6900,276450
20240117,09:37:40,0.9,50,276450
20240117,09:37:44,0.8,200,276450
20240117,09:37:46,0.9,550,276450
20240117,09:37:56,0.9,50,276450
20240117,09:37:58,0.9,550,276450
20240117,09:38:03,0.85,250,276450
20240117,09:38:04,0.85,2250,276450
20240117,09:38:09,0.8,550,276450
20240117,09:38:13,0.85,50,276450
20240117,09:38:16,0.85,1550,276450
20240117,09:38:19,0.85,50,276450
20240117,09:38:24,0.8,50,276450
20240117,09:38:28,0.85,550,276450
20240117,09:38:32,0.85,100,276450
20240117,09:38:36,0.85,150,283100
20240117,09:38:39,0.85,550,283100
20240117,09:38:46,0.85,50,283100
20240117,09:38:48,0.8,450,283100
20240117,09:38:55,0.85,50,283100
20240117,09:38:56,0.85,550,283100
20240117,09:39:02,0.85,50,283100
20240117,09:39:04,0.85,1000,283100
20240117,09:39:09,0.85,550,283100
20240117,09:39:09,0.85,750,283100
20240117,09:39:12,0.85,1500,283100
20240117,09:39:13,0.85,100,283100
20240117,09:39:13,0.85,50,283100
20240117,09:39:14,0.85,200,283100
20240117,09:39:18,0.9,300,283100
20240117,09:39:21,0.9,550,283100
20240117,09:39:21,0.85,350,283100
20240117,09:39:22,0.85,50,283100
20240117,09:39:44,0.9,50,283100
20240117,09:39:46,0.85,50,283100
20240117,09:39:53,0.85,50,283100
20240117,09:39:54,0.85,500,283100
20240117,09:39:56,0.85,50,283100
20240117,09:40:00,0.85,50,283100
20240117,09:40:01,0.9,50,283100
20240117,09:40:04,0.85,1400,283100
20240117,09:40:05,0.9,150,283100
20240117,09:40:09,0.9,400,283100
20240117,09:40:10,0.85,50,283100
20240117,09:40:15,0.85,50,283100
20240117,09:40:16,0.9,50,283100
20240117,09:40:20,0.8,550,283100
20240117,09:40:21,0.8,50,283100
20240117,09:40:27,0.85,1050,283100
20240117,09:40:28,0.9,600,283100
20240117,09:40:30,0.85,700,283100
20240117,09:40:31,0.85,200,283100
20240117,09:40:40,0.9,50,283100
20240117,09:40:41,0.9,50,283100
20240117,09:40:45,0.9,50,283100
20240117,09:40:47,0.9,1800,283100
20240117,09:40:50,0.85,50,283100
20240117,09:40:53,0.85,500,283100
20240117,09:41:08,0.9,100,283100
20240117,09:41:11,0.85,50,283100
20240117,09:41:27,0.85,50,283100
20240117,09:41:32,0.85,50,283100
20240117,09:41:33,0.8,50,283100
20240117,09:41:46,0.85,500,283100
20240117,09:41:59,0.8,100,281400
20240117,09:42:00,0.85,500,281400
20240117,09:42:04,0.8,50,281400
20240117,09:42:06,0.85,100,281400
20240117,09:42:07,0.8,1800,281400
20240117,09:42:08,0.8,1800,281400
20240117,09:42:09,0.8,1800,281400
20240117,09:42:10,0.8,1800,281400
20240117,09:42:11,0.85,1800,281400
20240117,09:42:12,0.8,1800,281400
20240117,09:42:14,0.8,150,281400
20240117,09:42:17,0.8,100,281400
20240117,09:42:20,0.85,50,281400
20240117,09:42:26,0.85,5400,281400
20240117,09:42:33,0.85,50,281400
20240117,09:42:37,0.85,200,281400
20240117,09:42:38,0.85,300,281400
20240117,09:42:40,0.85,550,281400
20240117,09:42:41,0.85,1650,281400
20240117,09:42:42,0.85,1000,281400
20240117,09:42:43,0.85,250,281400
20240117,09:42:44,0.85,1000,281400
20240117,09:42:45,0.85,1000,281400
20240117,09:42:46,0.85,1000,281400
20240117,09:42:50,0.85,50,281400
20240117,09:43:01,0.85,250,281400
20240117,09:43:06,0.85,1600,281400
20240117,09:43:07,0.9,50,281400
20240117,09:43:10,0.9,1800,281400
20240117,09:43:12,0.8,100,281400
20240117,09:43:13,0.9,100,281400
20240117,09:43:14,0.9,100,281400
20240117,09:43:15,0.9,50,281400
20240117,09:43:20,0.8,1800,281400
20240117,09:43:22,0.8,1800,281400
20240117,09:43:24,0.8,1800,281400
20240117,09:43:24,0.9,1500,281400
20240117,09:43:25,0.8,300,281400
20240117,09:43:28,0.9,600,281400
20240117,09:43:30,0.8,50,281400
20240117,09:43:31,0.8,50,281400
20240117,09:43:33,0.8,50,281400
20240117,09:43:43,0.9,150,281400
20240117,09:43:45,0.8,600,281400
20240117,09:44:13,0.9,50,281400
20240117,09:44:19,0.9,550,281400
20240117,09:44:20,0.9,50,281400
20240117,09:44:21,0.9,1800,281400
20240117,09:44:25,0.8,1800,281400
20240117,09:44:26,0.7,33900,281400
20240117,09:44:27,0.7,1800,281400
20240117,09:44:32,0.85,550,281400
20240117,09:44:34,0.85,300,281400
20240117,09:44:37,0.85,250,281400
20240117,09:44:41,0.85,150,274450
20240117,09:44:44,0.75,150,274450
20240117,09:44:45,0.8,550,274450
20240117,09:44:46,0.8,50,274450
20240117,09:44:52,0.8,1800,274450
20240117,09:44:57,0.8,550,274450
20240117,09:45:07,0.8,250,274450
20240117,09:45:11,0.75,7000,274450
20240117,09:45:11,0.8,1800,274450
20240117,09:45:17,0.75,50,274450
20240117,09:45:23,0.75,50,274450
20240117,09:45:26,0.8,1250,274450
20240117,09:45:29,0.75,150,274450
20240117,09:45:30,0.75,50,274450
20240117,09:45:32,0.8,100,274450
20240117,09:45:33,0.8,500,274450
20240117,09:45:36,0.8,100,274450
20240117,09:45:43,0.8,350,274450
20240117,09:45:49,0.8,1850,274450
20240117,09:45:58,0.75,500,274450
20240117,09:45:59,0.8,650,274450
20240117,09:46:05,0.75,50,274450
20240117,09:46:07,0.8,50,274450
20240117,09:46:14,0.8,100,274450
20240117,09:46:19,0.8,50,274450
20240117,09:46:23,0.8,500,274450
20240117,09:46:27,0.8,150,274450
20240117,09:46:30,0.8,150,274450
20240117,09:46:33,0.75,250,274450
20240117,09:46:33,0.8,1800,274450
20240117,09:46:38,0.8,50,274450
20240117,09:46:38,0.75,100,274450
20240117,09:46:52,0.8,150,274450
20240117,09:46:57,0.8,250,274450
20240117,09:46:59,0.8,200,274450
20240117,09:47:01,0.75,50,274450
20240117,09:47:03,0.8,2500,274450
20240117,09:47:08,0.8,650,274450
20240117,09:47:09,0.85,50,274450
20240117,09:47:10,0.85,50,274450
20240117,09:47:13,0.85,50,274450
20240117,09:47:14,0.85,1750,274450
20240117,09:47:15,0.8,1700,274450
20240117,09:47:17,0.8,550,274450
20240117,09:47:18,0.85,100,274450
20240117,09:47:22,0.85,250,274450
20240117,09:47:22,0.85,100,274450
20240117,09:47:55,0.85,150,275750
20240117,09:47:56,0.8,50,275750
20240117,09:47:57,0.85,950,275750
20240117,09:48:15,0.85,500,275750
20240117,09:48:28,0.85,200,275750
20240117,09:48:41,0.85,50,275750
20240117,09:48:41,0.85,1750,275750
20240117,09:48:50,0.8,50,275750
20240117,09:48:51,0.8,500,275750
20240117,09:48:53,0.85,500,275750
20240117,09:49:00,0.85,150,275750
20240117,09:49:05,0.85,50,275750
20240117,09:49:06,0.85,50,275750
20240117,09:49:12,0.85,1800,275750
20240117,09:49:13,0.85,9250,275750
20240117,09:49:15,0.85,50,275750
20240117,09:49:18,0.9,100,275750
20240117,09:49:20,0.9,1000,275750
20240117,09:49:25,0.85,50,275750
20240117,09:49:26,0.8,50,275750
20240117,09:49:27,0.85,50,275750
20240117,09:49:28,0.9,1450,275750
20240117,09:49:31,0.85,50,275750
20240117,09:49:32,0.9,100,275750
20240117,09:49:33,0.85,50,275750
20240117,09:49:38,0.85,2100,275750
20240117,09:49:42,0.85,50,275750
20240117,09:49:47,0.85,50,275750
20240117,09:49:52,0.85,1800,275750
20240117,09:49:59,0.85,1800,275750
20240117,09:50:08,0.85,1000,275750
20240117,09:50:26,0.8,2050,275750
20240117,09:50:31,0.85,500,275750
20240117,09:50:44,0.85,100,281200
20240117,09:50:45,0.85,50,281200
20240117,09:50:54,0.85,100,281200
20240117,09:50:55,0.8,50,281200
20240117,09:50:56,0.85,100,281200
20240117,09:50:57,0.85,100,281200
20240117,09:51:00,0.8,50,281200
20240117,09:51:02,0.85,100,281200
20240117,09:51:05,0.85,500,281200
20240117,09:51:12,0.8,50,281200
20240117,09:51:18,0.8,50,281200
20240117,09:51:24,0.85,50,281200
20240117,09:51:26,0.85,50,281200
20240117,09:51:27,0.85,50,281200
20240117,09:51:30,0.8,1250,281200
20240117,09:51:45,0.85,100,281200
20240117,09:51:57,0.85,100,281200
20240117,09:52:10,0.85,50,281200
20240117,09:52:13,0.85,50,281200
20240117,09:52:14,0.8,2500,281200
20240117,09:52:23,0.85,50,281200
20240117,09:52:38,0.85,900,281200
20240117,09:52:53,0.85,250,281200
20240117,09:52:56,0.85,50,281200
20240117,09:53:03,0.85,50,281200
20240117,09:53:04,0.85,150,281200
20240117,09:53:06,0.8,50,281200
20240117,09:53:07,0.85,100,281200
20240117,09:53:11,0.85,50,281200
20240117,09:53:21,0.85,1750,281200
20240117,09:53:35,0.85,50,281200
20240117,09:53:36,0.85,100,281200
20240117,09:53:38,0.8,1750,283350
20240117,09:53:40,0.85,50,283350
20240117,09:53:52,0.85,150,283350
20240117,09:53:53,0.85,550,283350
20240117,09:53:54,0.85,50,283350
20240117,09:53:59,0.85,1450,283350
20240117,09:54:01,0.8,50,283350
20240117,09:54:02,0.8,150,283350
20240117,09:54:12,0.85,300,283350
20240117,09:54:15,0.8,250,283350
20240117,09:54:16,0.85,1800,283350
20240117,09:54:17,0.85,700,283350
20240117,09:54:18,0.8,500,283350
20240117,09:54:19,0.8,1000,283350
20240117,09:54:23,0.85,400,283350
20240117,09:54:24,0.8,1000,283350
20240117,09:54:25,0.8,250,283350
20240117,09:54:26,0.8,1600,283350
20240117,09:54:29,0.8,1850,283350
20240117,09:54:30,0.8,1300,283350
20240117,09:54:31,0.8,1800,283350
20240117,09:54:34,0.8,50,283350
20240117,09:55:01,0.75,850,283350
20240117,09:55:03,0.75,350,283350
20240117,09:55:07,0.8,50,283350
20240117,09:55:15,0.75,50,283350
20240117,09:55:18,0.8,200,283350
20240117,09:55:18,0.8,50,283350
20240117,09:55:34,0.75,200,283350
20240117,09:55:35,0.8,50,283350
20240117,09:55:41,0.8,50,283350
20240117,09:55:50,0.75,550,283350
20240117,09:55:53,0.8,50,283350
20240117,09:55:56,0.8,50,283350
20240117,09:56:00,0.8,200,283350
20240117,09:56:08,0.75,50,283350
20240117,09:56:20,0.8,1800,283350
20240117,09:56:23,0.8,100,283350
20240117,09:56:30,0.8,50,283350
20240117,09:56:33,0.8,1200,283350
20240117,09:56:38,0.8,550,283350
20240117,09:56:38,0.8,50,286000
20240117,09:56:40,0.75,50,286000
20240117,09:56:42,0.8,50,286000
20240117,09:56:47,0.75,50,286000
20240117,09:56:52,0.75,500,286000
20240117,09:56:53,0.8,550,286000
20240117,09:56:54,0.8,500,286000
20240117,09:56:57,0.8,50,286000
20240117,09:57:00,0.8,50,286000
20240117,09:57:21,0.75,750,286000
20240117,09:57:29,0.8,50,286000
20240117,09:57:32,0.8,1500,286000
20240117,09:57:37,0.8,200,286000
20240117,09:57:49,0.75,500,286000
20240117,09:57:53,0.8,50,286000
20240117,09:57:57,0.75,100,286000
20240117,09:57:58,0.8,50,286000
20240117,09:58:00,0.75,850,286000
20240117,09:58:05,0.8,50,286000
20240117,09:58:13,0.8,50,286000
20240117,09:58:14,0.8,1000,286000
20240117,09:58:15,0.75,50,286000
20240117,09:58:16,0.8,250,286000
20240117,09:58:17,0.8,100,286000
20240117,09:58:21,0.75,50,286000
20240117,09:58:25,0.8,750,286000
20240117,09:58:39,0.75,100,286000
20240117,09:58:40,0.8,50,286000
20240117,09:58:43,0.75,1000,286000
20240117,09:58:44,0.8,1000,286000
20240117,09:58:50,0.8,50,286000
20240117,09:58:51,0.75,50,286000
20240117,09:59:04,0.75,50,286000
20240117,09:59:06,0.8,50,286000
20240117,09:59:21,0.75,300,286000
20240117,09:59:22,0.8,50,286000
20240117,09:59:26,0.75,1000,286000
20240117,09:59:38,0.8,500,286000
20240117,09:59:38,0.8,100,283800
20240117,09:59:50,0.8,300,283800
20240117,10:00:14,0.8,50,283800
20240117,10:00:22,0.8,50,283800
20240117,10:00:23,0.75,500,283800
20240117,10:00:29,0.8,100,283800
20240117,10:00:30,0.8,50,283800
20240117,10:00:32,0.75,50,283800
20240117,10:00:38,0.8,250,283800
20240117,10:00:39,0.75,350,283800
20240117,10:00:50,0.8,50,283800
20240117,10:01:08,0.75,1200,283800
20240117,10:01:09,0.8,50,283800
20240117,10:01:10,0.8,500,283800
20240117,10:01:13,0.8,50,283800
20240117,10:01:22,0.8,1800,283800
20240117,10:01:32,0.75,50,283800
20240117,10:01:36,0.8,1950,283800
20240117,10:01:42,0.8,100,283800
20240117,10:01:45,0.8,50,283800
20240117,10:02:01,0.8,4100,283800
20240117,10:02:21,0.75,450,283800
20240117,10:02:27,0.8,50,283800
20240117,10:02:43,0.75,150,286400
20240117,10:02:48,0.8,50,286400
20240117,10:03:01,0.75,200,286400
20240117,10:03:04,0.8,50,286400
20240117,10:03:18,0.8,50,286400
20240117,10:03:21,0.75,1000,286400
20240117,10:03:22,0.8,250,286400
20240117,10:03:24,0.75,1000,286400
20240117,10:03:26,0.75,1000,286400
20240117,10:03:27,0.75,1000,286400
20240117,10:03:29,0.75,1000,286400
20240117,10:03:31,0.75,1000,286400
20240117,10:03:34,0.75,1000,286400
20240117,10:03:35,0.8,1350,286400
20240117,10:03:36,0.75,1000,286400
20240117,10:03:37,0.75,50,286400
20240117,10:03:38,0.75,1000,286400
20240117,10:03:39,0.75,1050,286400
20240117,10:03:41,0.8,1300,286400
20240117,10:03:42,0.8,50,286400
20240117,10:03:43,0.75,1000,286400
20240117,10:03:44,0.75,50,286400
20240117,10:03:45,0.8,100,286400
20240117,10:03:50,0.8,550,286400
20240117,10:03:52,0.85,100,286400
20240117,10:03:53,0.85,50,286400
20240117,10:03:58,0.75,1000,286400
20240117,10:04:00,0.75,50,286400
20240117,10:04:01,0.85,200,286400
20240117,10:04:04,0.8,500,286400
20240117,10:04:05,0.8,50,286400
20240117,10:04:06,0.8,700,286400
20240117,10:04:07,0.8,100,286400
20240117,10:04:12,0.8,50,286400
20240117,10:04:14,0.8,50,286400
20240117,10:04:15,0.85,250,286400
20240117,10:04:16,0.8,50,286400
20240117,10:04:17,0.8,500,286400
20240117,10:04:31,0.75,50,286400
20240117,10:04:34,0.8,50,286400
20240117,10:04:56,0.8,50,286400
20240117,10:04:59,0.75,300,286400
20240117,10:05:02,0.75,50,286400
20240117,10:05:09,0.8,50,286400
20240117,10:05:10,0.75,150,286400
20240117,10:05:12,0.8,400,286400
20240117,10:05:16,0.75,50,286400
20240117,10:05:17,0.8,50,286400
20240117,10:05:18,0.75,50,286400
20240117,10:05:20,0.75,50,286400
20240117,10:05:22,0.8,150,286400
20240117,10:05:23,0.8,50,286400
20240117,10:05:35,0.8,50,286400
20240117,10:05:54,0.8,50,281300
20240117,10:06:12,0.8,150,281300
20240117,10:06:15,0.8,150,281300
20240117,10:06:20,0.8,50,281300
20240117,10:06:22,0.8,50,281300
20240117,10:06:25,0.8,50,281300
20240117,10:06:31,0.8,100,281300
20240117,10:06:36,0.8,950,281300
20240117,10:07:05,0.75,50,281300
20240117,10:07:12,0.8,1800,281300
20240117,10:07:13,0.8,1800,281300
20240117,10:07:14,0.8,1900,281300
20240117,10:07:16,0.75,100,281300
20240117,10:07:17,0.85,50,281300
20240117,10:07:19,0.75,400,281300
20240117,10:07:21,0.75,250,281300
20240117,10:07:23,0.85,50,281300
20240117,10:07:27,0.75,400,281300
20240117,10:07:35,0.85,50,281300
20240117,10:07:45,0.75,1700,281300
20240117,10:07:48,0.75,50,281300
20240117,10:07:51,0.85,200,281300
20240117,10:07:53,0.75,50,281300
20240117,10:07:56,0.85,50,281300
20240117,10:08:01,0.75,50,281300
20240117,10:08:10,0.85,900,281300
20240117,10:08:14,0.75,100,281300
20240117,10:08:20,0.85,50,281300
20240117,10:08:20,0.85,100,281300
20240117,10:08:23,0.75,200,281300
20240117,10:08:25,0.75,150,281300
20240117,10:08:26,0.85,100,281300
20240117,10:08:28,0.75,50,281300
20240117,10:08:38,0.85,200,285300
20240117,10:08:43,0.75,900,285300
20240117,10:09:01,0.75,50,285300
20240117,10:09:06,0.75,100,285300
20240117,10:09:07,0.85,1800,285300
20240117,10:09:08,0.85,5400,285300
20240117,10:09:14,0.75,100,285300
20240117,10:09:23,0.75,50,285300
20240117,10:09:26,0.85,50,285300
20240117,10:09:43,0.8,50,285300
20240117,10:09:44,0.8,50,285300
20240117,10:09:46,0.85,150,285300
20240117,10:09:51,0.8,50,285300
20240117,10:10:18,0.85,50,285300
20240117,10:10:22,0.8,50,285300
20240117,10:10:25,0.85,50,285300
20240117,10:10:32,0.8,1550,285300
20240117,10:10:34,0.85,1000,285300
20240117,10:10:35,0.75,50,285300
20240117,10:10:43,0.85,2000,285300
20240117,10:10:45,0.85,300,285300
20240117,10:10:49,0.85,50,285300
20240117,10:10:56,0.85,50,285300
20240117,10:11:03,0.85,50,285300
20240117,10:11:04,0.8,1000,285300
20240117,10:11:22,0.8,250,285300
20240117,10:11:33,0.9,400,285300
20240117,10:11:36,0.8,2000,285300
20240117,10:11:43,0.9,3000,286550
20240117,10:11:52,0.9,50,286550
20240117,10:11:55,0.9,50,286550
20240117,10:12:18,0.8,1300,286550
20240117,10:12:19,0.85,200,286550
20240117,10:12:41,0.8,100,286550
20240117,10:12:44,0.85,400,286550
20240117,10:13:00,0.85,1800,286550
20240117,10:13:14,0.85,50,286550
20240117,10:13:22,0.8,200,286550
20240117,10:13:36,0.85,350,286550
20240117,10:14:21,0.85,500,286550
20240117,10:14:28,0.8,50,286550
20240117,10:14:29,0.85,50,286550
20240117,10:14:41,0.85,250,286550
20240117,10:14:52,0.85,1150,285250
20240117,10:14:53,0.85,50,285250
20240117,10:14:55,0.85,50,285250
20240117,10:14:56,0.85,50,285250
20240117,10:14:57,0.9,50,285250
20240117,10:14:59,0.85,50,285250
20240117,10:15:02,0.85,50,285250
20240117,10:15:14,0.85,50,285250
20240117,10:15:20,0.85,50,285250
20240117,10:15:27,0.85,50,285250
20240117,10:15:30,0.9,50,285250
20240117,10:15:32,0.85,50,285250
20240117,10:15:46,0.85,50,285250
20240117,10:15:50,0.9,50,285250
20240117,10:15:52,0.8,400,285250
20240117,10:16:11,0.9,50,285250
20240117,10:16:12,0.9,50,285250
20240117,10:16:13,0.85,1000,285250
20240117,10:16:21,0.85,100,285250
20240117,10:16:30,0.85,100,285250
20240117,10:16:34,0.85,250,285250
20240117,10:16:40,0.9,400,285250
20240117,10:16:45,0.85,150,285250
20240117,10:16:47,0.9,50,285250
20240117,10:16:48,0.8,1000,285250
20240117,10:16:49,0.8,1450,285250
20240117,10:17:04,0.9,50,285250
20240117,10:17:06,0.8,50,285250
20240117,10:17:15,0.9,1800,285250
20240117,10:17:16,0.8,3250,285250
20240117,10:17:19,0.8,50,285250
20240117,10:17:24,0.85,100,285250
20240117,10:17:32,0.8,50,285250
20240117,10:17:37,0.85,400,285250
20240117,10:17:55,0.85,250,287200
20240117,10:17:58,0.85,50,287200
20240117,10:18:04,0.8,50,287200
20240117,10:18:05,0.85,50,287200
20240117,10:18:18,0.85,150,287200
20240117,10:18:52,0.8,50,287200
20240117,10:19:02,0.85,400,287200
20240117,10:19:14,0.85,50,287200
20240117,10:19:30,0.8,400,287200
20240117,10:19:34,0.85,50,287200
20240117,10:19:35,0.85,750,287200
20240117,10:19:45,0.8,50,287200
20240117,10:19:46,0.8,50,287200
20240117,10:20:26,0.85,600,287200
20240117,10:20:26,0.85,50,287200
20240117,10:20:37,0.8,50,287200
20240117,10:20:41,0.85,100,289600
20240117,10:21:10,0.85,50,289600
20240117,10:21:12,0.85,500,289600
20240117,10:21:15,0.85,1000,289600
20240117,10:21:19,0.8,300,289600
20240117,10:21:28,0.85,50,289600
20240117,10:21:44,0.8,50,289600
20240117,10:22:30,0.8,50,289600
20240117,10:22:45,0.85,50,289600
20240117,10:22:49,0.85,250,289600
