date,time,tick_price,volume,open_interest
20240115,15:00:19,16.9,200,200
20240115,15:01:42,16.15,1650,200
20240115,15:02:27,16.1,200,200
20240116,11:25:38,18.0,1,1850
20240116,11:25:38,18.0,50,1850
20240116,12:27:09,17.95,200,1850
20240116,13:02:18,17.95,50,1850
20240116,13:30:02,18.9,50,1900
20240116,14:01:11,16.9,100,1950
20240116,14:06:38,20.0,50,2050
20240116,15:15:27,16.0,50,2000
20240116,15:29:20,15.3,50,2050
20240117,09:27:51,17.15,1,2050
20240117,09:27:51,17.15,50,2050
20240117,09:37:59,18.05,50,2050
20240117,10:16:54,18.05,150,2050
20240117,10:17:46,14.25,150,2050
20240117,10:21:53,12.8,200,2050
20240117,11:33:51,11.95,50,2050
20240117,12:20:24,11.95,250,2000
20240117,12:26:09,18.8,50,2250
20240117,13:01:38,12.6,150,2300
20240117,14:24:50,13.5,50,2150
20240117,15:29:52,14.5,50,2150
20240118,10:23:36,14.3,1,2200
20240118,10:23:36,14.3,200,2200
20240118,10:26:12,12.3,400,2200
20240123,10:44:53,4.65,50,2200
20240123,10:45:02,6.0,50,2200
20240123,10:48:52,6.45,200,2200
20240123,10:58:18,6.05,200,2400
20240201,12:02:35,3.05,1,2200
20240201,12:02:35,3.05,1500,2200
20240201,12:02:42,2.55,6150,2200
20240201,12:02:51,2.55,2250,2200
20240201,12:03:09,2.85,50,10350
20240201,12:05:00,2.7,100,10350
20240201,12:05:19,2.7,600,10350
20240201,12:05:28,2.6,1000,10350
20240201,12:05:37,2.55,900,10350
20240201,12:05:56,2.6,200,10350
20240201,12:06:05,2.55,400,9750
20240201,12:06:14,2.55,50,9750
20240201,12:07:01,2.6,750,9750
20240201,12:10:30,2.85,400,8150
20240201,12:10:48,2.8,300,8150
20240201,12:11:26,2.85,200,8150
20240201,12:12:22,2.85,100,8150
20240201,12:13:09,2.9,50,8150
20240201,12:13:39,2.6,300,8150
20240201,12:14:56,2.5,200,8200
20240201,12:15:05,2.5,400,8200
20240201,12:15:14,2.45,300,8200
20240201,12:15:31,2.35,200,8200
20240201,12:17:13,2.35,50,8200
20240201,12:20:12,2.05,500,8750
20240201,12:20:21,2.05,100,8750
20240201,12:22:16,2.05,50,9250
20240201,12:23:54,1.95,300,9250
20240201,12:24:11,1.95,300,9550
20240201,12:24:37,1.95,50,9550
20240201,12:27:40,1.95,400,9750
20240201,12:29:31,1.9,300,9750
20240201,12:30:22,1.9,300,10050
20240201,12:30:30,1.9,300,10050
20240201,12:32:28,2.15,50,10050
20240201,12:36:07,2.0,1000,10400
20240201,12:36:59,1.75,300,10400
20240201,12:37:57,1.75,100,10400
20240201,12:38:23,1.9,250,10400
20240201,12:38:49,1.85,100,10400
20240201,12:40:46,1.75,200,11700
20240201,12:41:21,1.75,300,11700
20240201,12:41:30,1.75,200,11700
20240201,12:42:11,1.75,100,12350
20240201,12:42:52,1.75,100,12350
20240201,12:43:46,1.9,100,12350
20240201,12:44:10,1.7,100,12350
20240201,12:44:25,1.7,500,12350
20240201,12:44:56,1.75,200,13000
20240201,12:47:59,1.8,1900,13000
20240201,12:48:29,1.8,50,14350
20240201,12:49:05,1.75,100,14350
20240201,12:49:16,1.75,100,14350
20240201,12:49:25,1.75,450,14350
20240201,12:50:17,1.7,50,14350
20240201,12:50:36,1.8,350,14350
20240201,12:51:33,1.7,400,15000
20240201,12:53:02,1.75,250,15000
20240201,12:53:21,1.7,1000,15000
20240201,12:57:54,1.7,50,15550
20240201,12:58:05,1.7,50,15550
20240201,12:58:14,1.75,150,15550
20240201,12:59:16,1.65,100,15550
20240201,13:00:24,1.65,50,15700
20240201,13:00:41,1.75,250,15700
20240201,13:01:00,1.7,50,15700
20240201,13:01:51,1.75,1350,15700
20240201,13:01:59,1.75,50,15700
20240201,13:02:45,1.75,50,15700
20240201,13:03:02,1.7,50,15700
20240201,13:03:26,1.7,50,15750
20240201,13:03:43,1.65,50,15750
20240201,13:05:14,1.7,50,15750
20240201,13:05:39,1.75,300,15750
20240201,13:06:44,1.75,250,16000
20240201,13:07:15,1.75,50,16000
20240201,13:07:45,1.7,50,16000
20240201,13:07:53,1.7,250,16000
20240201,13:08:18,1.7,150,16000
20240201,13:09:42,1.7,50,16000
20240201,13:11:03,1.7,100,16000
20240201,13:11:21,1.7,50,16000
20240201,13:11:29,1.7,150,16000
20240201,13:11:46,1.65,550,16000
20240201,13:12:11,1.65,1550,16500
20240201,13:14:57,1.75,450,16500
20240201,13:16:04,1.65,300,18200
20240201,13:18:15,1.65,50,18200
20240201,13:20:13,1.7,550,18200
20240201,13:22:11,1.7,100,18150
20240201,13:22:58,1.65,3600,18150
20240201,13:23:12,1.65,1150,18150
20240201,13:23:20,1.65,650,18150
20240201,13:23:28,1.65,900,18150
20240201,13:23:43,1.7,150,18150
20240201,13:24:10,1.65,550,21850
20240201,13:26:09,1.65,100,21850
20240201,13:29:18,1.6,250,21550
20240201,13:29:25,1.6,850,21550
20240201,13:29:46,1.6,300,21550
20240201,13:29:53,1.6,50,21550
20240201,13:30:01,1.6,50,21550
20240201,13:30:14,1.55,150,20600
20240201,13:32:13,1.55,150,20600
20240201,13:32:21,1.5,2950,20600
20240201,13:34:43,1.5,300,20800
20240201,13:35:53,1.5,100,20800
20240201,13:36:15,1.5,300,21100
20240201,13:36:59,1.45,100,21100
20240201,13:37:53,1.45,50,21100
20240201,13:42:21,1.45,150,21550
20240201,13:44:07,1.4,250,21550
20240201,13:44:35,1.15,250,21550
20240201,13:44:42,1.15,450,21550
20240201,13:47:59,1.25,200,21150
20240201,13:49:14,1.2,450,21200
20240201,13:52:20,1.2,550,21200
20240201,13:53:52,1.15,350,21200
20240201,13:54:58,1.25,100,21550
20240201,14:04:23,1.1,50,21650
20240201,14:12:11,1.1,1000,21700
20240201,14:12:25,1.15,600,21700
20240201,14:12:33,1.05,750,21700
20240201,14:13:54,1.05,50,21700
20240201,14:14:32,1.1,50,21700
20240201,14:16:12,1.05,100,23000
20240201,14:20:58,1.0,50,23100
20240201,14:21:24,1.0,150,23150
20240201,14:23:04,1.1,5400,23150
20240201,14:23:51,1.05,50,23150
20240201,14:25:18,1.05,50,28200
20240201,14:25:43,1.05,50,28200
20240201,14:26:36,1.05,900,28200
20240201,14:26:53,1.1,50,28200
20240201,14:28:13,1.0,1800,29200
20240201,14:28:54,0.95,3600,29200
20240201,14:32:23,0.95,50,28100
20240201,14:35:57,1.05,50,28150
20240201,14:38:59,1.1,500,28200
20240201,14:40:37,1.05,300,28250
20240201,14:45:17,1.1,400,28000
20240201,14:45:59,1.15,50,28000
20240201,14:46:18,1.1,950,28000
20240201,14:47:40,1.1,1800,28000
20240201,14:51:03,1.0,100,29950
20240201,14:51:28,1.15,100,29900
20240201,14:53:23,1.15,50,29900
20240201,14:56:18,1.0,50,30000
20240201,14:56:28,1.0,50,30000
20240201,14:57:32,1.15,50,30000
20240201,14:58:53,1.1,850,30000
20240201,14:58:59,1.1,100,30000
20240201,14:59:11,1.1,100,30000
20240201,14:59:36,1.1,250,30000
20240201,15:00:34,1.0,500,30150
20240201,15:00:42,1.0,50,30150
20240201,15:01:32,1.25,350,30150
20240201,15:01:50,1.1,900,30150
20240201,15:02:11,1.1,1150,30150
20240201,15:06:50,1.2,50,31700
20240201,15:09:17,1.25,350,31750
20240201,15:10:34,1.15,300,31750
20240201,15:10:41,1.1,100,31750
20240201,15:11:03,1.2,400,31750
20240201,15:11:10,1.15,1350,31750
20240201,15:18:45,1.1,100,33400
20240201,15:19:07,1.05,200,33400
20240201,15:19:52,1.05,50,33400
20240201,15:19:58,1.05,200,33400
20240201,15:22:30,1.05,50,33450
20240201,15:22:39,1.0,500,33450
20240201,15:23:10,1.0,1050,33450
20240201,15:24:19,1.0,50,33450
20240201,15:24:36,0.95,150,33800
20240201,15:25:55,0.9,1450,33800
20240201,15:26:52,0.9,100,33800
20240201,15:27:10,0.95,1200,33800
20240201,15:27:32,1.0,50,32400
20240201,15:28:58,0.95,500,32400
20240201,15:29:21,1.0,1800,32400
20240201,15:29:35,0.9,200,32400
20240201,15:29:50,1.05,50,32400
20240201,15:29:58,1.15,50,32400
20240202,09:15:00,1.05,1,33700
20240202,09:15:00,1.15,200,33700
20240202,09:15:01,1.05,400,33700
20240202,09:15:02,1.15,600,33700
20240202,09:15:03,8.45,9300,33700
20240202,09:15:04,1.15,2300,33700
20240202,09:15:05,1.05,15800,33700
20240202,09:15:06,1.05,1000,33700
20240202,09:15:07,1.05,1300,33700
20240202,09:15:09,1.05,1650,33700
20240202,09:15:10,1.05,100,33700
20240202,09:15:11,1.05,400,33700
20240202,09:15:13,1.05,250,33700
20240202,09:15:14,1.05,7450,33700
20240202,09:15:16,1.0,2450,33700
20240202,09:15:22,1.0,50,33700
20240202,09:15:23,0.95,350,33700
20240202,09:15:24,1.0,1800,33700
20240202,09:15:30,1.0,1250,33700
20240202,09:15:38,1.0,50,33700
20240202,09:15:40,1.0,1000,33700
20240202,09:15:43,1.0,400,33700
20240202,09:15:44,1.0,300,33700
20240202,09:15:47,1.0,150,33700
20240202,09:15:50,1.0,50,33700
20240202,09:15:55,1.0,700,33700
20240202,09:16:10,1.05,50,33700
20240202,09:16:12,1.05,200,33700
20240202,09:16:14,1.0,200,33700
20240202,09:16:16,1.05,750,33700
20240202,09:16:17,1.05,150,33700
20240202,09:16:19,1.05,200,33700
20240202,09:16:20,1.0,800,33700
20240202,09:16:21,1.05,150,33700
20240202,09:16:22,1.05,100,33700
20240202,09:16:23,1.05,150,33700
20240202,09:16:24,1.05,50,33700
20240202,09:16:25,1.05,150,33700
20240202,09:16:28,1.05,150,33700
20240202,09:16:31,1.05,50,33700
20240202,09:16:38,1.05,50,33700
20240202,09:16:58,1.05,150,33700
20240202,09:17:01,1.0,2350,33700
20240202,09:17:10,1.05,50,33700
20240202,09:17:11,1.0,1250,33700
20240202,09:17:15,1.0,150,82300
20240202,09:17:24,1.0,1800,82300
20240202,09:17:26,0.95,450,82300
20240202,09:17:28,1.0,100,82300
20240202,09:17:31,1.0,100,82300
20240202,09:17:37,1.0,500,82300
20240202,09:17:40,1.0,50,82300
20240202,09:17:47,1.05,900,82300
20240202,09:17:48,1.05,50,82300
20240202,09:17:52,1.0,350,82300
20240202,09:17:56,1.05,100,82300
20240202,09:17:57,1.05,200,82300
20240202,09:17:59,1.05,150,82300
20240202,09:18:03,1.0,250,82300
20240202,09:18:06,1.05,1800,82300
20240202,09:18:27,1.05,50,82300
20240202,09:19:01,1.05,200,82300
20240202,09:19:04,1.05,100,82300
20240202,09:19:06,1.0,300,82300
20240202,09:19:11,1.05,150,82300
20240202,09:19:14,1.05,1000,82300
20240202,09:19:17,1.0,200,82300
20240202,09:19:18,1.05,600,82300
20240202,09:19:19,1.05,50,82300
20240202,09:19:20,1.05,150,82300
20240202,09:19:25,1.05,1000,82300
20240202,09:19:31,1.0,50,82300
20240202,09:19:33,1.05,150,82300
20240202,09:19:34,1.05,1000,82300
20240202,09:19:37,1.05,150,82300
20240202,09:19:38,1.0,850,82300
20240202,09:19:39,1.05,150,82300
20240202,09:19:41,1.05,1500,82300
20240202,09:19:43,1.05,50,82300
20240202,09:19:46,1.05,200,82300
20240202,09:19:47,1.05,50,82300
20240202,09:19:51,1.0,50,82300
20240202,09:19:56,1.0,200,82300
20240202,09:19:56,1.0,400,82300
20240202,09:19:57,1.0,1400,82300
20240202,09:20:00,1.05,50,82300
20240202,09:20:01,1.05,150,82300
20240202,09:20:02,1.05,150,82300
20240202,09:20:22,1.05,50,93900
20240202,09:20:26,1.05,50,93900
20240202,09:20:27,1.0,100,93900
20240202,09:20:28,1.05,150,93900
20240202,09:20:31,1.05,4600,93900
20240202,09:20:41,1.05,900,93900
20240202,09:20:41,1.0,850,93900
20240202,09:20:44,1.0,100,93900
20240202,09:20:49,1.05,150,93900
20240202,09:20:54,1.05,50,93900
20240202,09:21:00,1.05,150,93900
20240202,09:21:03,1.05,150,93900
20240202,09:21:05,1.05,100,93900
20240202,09:21:06,1.0,150,93900
20240202,09:21:12,1.05,150,93900
20240202,09:21:13,1.05,150,93900
20240202,09:21:14,1.05,300,93900
20240202,09:21:15,1.05,150,93900
20240202,09:21:16,1.1,50,93900
20240202,09:21:17,1.1,150,93900
20240202,09:21:18,1.1,200,93900
20240202,09:21:19,1.1,250,93900
20240202,09:21:20,1.1,200,93900
20240202,09:21:21,1.1,200,93900
20240202,09:21:22,1.05,300,93900
20240202,09:21:23,1.1,200,93900
20240202,09:21:24,1.1,200,93900
20240202,09:21:25,1.1,200,93900
20240202,09:21:26,1.1,200,93900
20240202,09:21:27,1.1,200,93900
20240202,09:21:31,1.1,100,93900
20240202,09:21:32,1.1,750,93900
20240202,09:21:40,1.1,200,93900
20240202,09:21:41,1.1,100,93900
20240202,09:21:45,1.1,300,93900
20240202,09:21:46,1.1,50,93900
20240202,09:21:49,1.05,1800,93900
20240202,09:21:50,1.1,750,93900
20240202,09:21:52,1.05,200,93900
20240202,09:21:56,1.1,200,93900
20240202,09:21:58,1.05,1450,93900
20240202,09:21:59,1.0,1400,93900
20240202,09:22:01,1.05,100,93900
20240202,09:22:05,1.0,50,93900
20240202,09:22:06,1.0,50,93900
20240202,09:22:07,1.0,50,93900
20240202,09:22:11,1.0,50,93900
20240202,09:22:13,1.0,50,93900
20240202,09:22:15,1.05,350,93900
20240202,09:22:16,1.05,50,93900
20240202,09:22:19,1.05,650,93900
20240202,09:22:20,1.05,1900,93900
20240202,09:22:22,1.1,50,93900
20240202,09:22:28,1.0,50,93900
20240202,09:22:29,1.0,50,93900
20240202,09:22:30,1.0,50,93900
20240202,09:22:31,1.0,200,93900
20240202,09:22:32,1.0,200,93900
20240202,09:22:33,1.0,200,93900
20240202,09:22:35,1.0,50,93900
20240202,09:22:36,1.0,50,93900
20240202,09:22:37,1.0,50,93900
20240202,09:22:38,1.0,200,93900
20240202,09:22:39,1.0,200,93900
20240202,09:22:40,1.0,200,93900
20240202,09:22:41,1.0,50,93900
20240202,09:22:42,1.0,50,93900
20240202,09:22:43,1.0,50,93900
20240202,09:22:44,1.0,50,93900
20240202,09:22:45,1.0,50,93900
20240202,09:22:46,1.0,50,93900
20240202,09:22:47,1.0,800,93900
20240202,09:22:48,1.0,50,93900
20240202,09:22:49,1.0,50,93900
20240202,09:22:50,1.0,50,93900
20240202,09:22:51,1.0,200,93900
20240202,09:22:52,1.0,250,93900
20240202,09:22:53,1.05,150,93900
20240202,09:22:55,1.05,50,93900
20240202,09:22:56,1.05,500,93900
20240202,09:22:57,1.05,50,93900
20240202,09:23:08,1.05,50,93900
20240202,09:23:28,1.0,1300,99750
20240202,09:23:31,1.05,50,99750
20240202,09:23:50,1.05,50,99750
20240202,09:24:09,1.05,250,99750
20240202,09:24:12,1.05,50,99750
20240202,09:24:20,1.05,50,99750
20240202,09:24:22,1.0,200,99750
20240202,09:24:25,1.05,500,99750
20240202,09:24:48,1.05,200,99750
20240202,09:24:56,1.05,100,99750
20240202,09:25:00,1.05,150,99750
20240202,09:25:07,1.05,50,99750
20240202,09:25:10,1.05,50,99750
20240202,09:25:38,1.05,50,99750
20240202,09:26:05,1.0,250,99750
20240202,09:26:12,1.0,100,99750
20240202,09:26:23,1.0,1800,101200
20240202,09:26:26,1.05,150,101200
20240202,09:26:29,1.05,150,101200
20240202,09:26:31,1.05,150,101200
20240202,09:26:39,1.05,100,101200
20240202,09:26:40,1.05,200,101200
20240202,09:26:42,1.05,50,101200
20240202,09:26:46,1.05,150,101200
20240202,09:26:58,1.0,50,101200
20240202,09:26:59,1.0,50,101200
20240202,09:27:04,1.05,50,101200
20240202,09:27:05,1.05,150,101200
20240202,09:27:09,1.05,50,101200
20240202,09:27:11,1.05,50,101200
20240202,09:27:15,1.0,50,101200
20240202,09:28:08,1.05,150,101200
20240202,09:28:13,1.0,50,101200
20240202,09:28:30,1.05,500,101200
20240202,09:28:48,1.05,50,101200
20240202,09:28:54,1.0,50,101200
20240202,09:29:00,1.05,400,101200
20240202,09:29:08,1.05,200,101200
20240202,09:29:18,1.05,100,101200
20240202,09:29:37,1.05,1800,104150
20240202,09:29:57,1.0,500,104150
20240202,09:30:08,1.0,450,104150
20240202,09:30:20,1.05,50,104150
20240202,09:30:27,1.0,50,104150
20240202,09:30:33,1.05,50,104150
20240202,09:30:39,1.0,500,104150
20240202,09:30:45,1.0,500,104150
20240202,09:30:51,1.05,350,104150
20240202,09:30:54,1.05,350,104150
20240202,09:30:59,1.0,50,104150
20240202,09:31:00,1.05,50,104150
20240202,09:31:09,1.0,500,104150
20240202,09:31:28,1.05,150,104150
20240202,09:32:13,1.05,200,104150
20240202,09:32:15,1.05,950,104900
20240202,09:32:20,1.0,50,104900
20240202,09:32:34,1.05,50,104900
20240202,09:32:39,1.0,50,104900
20240202,09:32:49,1.05,100,104900
20240202,09:32:56,1.0,200,104900
20240202,09:32:57,1.05,50,104900
20240202,09:33:02,1.0,50,104900
20240202,09:33:37,1.0,50,104900
20240202,09:34:59,1.0,50,104900
20240202,09:35:01,1.0,50,104900
20240202,09:35:04,1.0,50,104900
20240202,09:35:07,1.0,50,104900
20240202,09:35:54,1.0,850,104900
20240202,09:35:57,1.0,200,105500
20240202,09:36:05,1.05,500,105500
20240202,09:36:17,1.0,950,105500
20240202,09:36:31,1.0,50,105500
20240202,09:36:53,1.05,250,105500
20240202,09:36:55,1.0,150,105500
20240202,09:37:01,1.0,50,105500
20240202,09:37:04,1.0,700,105500
20240202,09:37:26,1.05,100,105500
20240202,09:37:32,1.05,150,105500
20240202,09:37:49,1.0,50,105500
20240202,09:37:54,1.0,50,105500
20240202,09:38:16,1.0,650,107600
20240202,09:38:21,1.0,200,107600
20240202,09:38:22,1.0,1800,107600
20240202,09:38:41,1.0,1800,107600
20240202,09:38:56,1.0,50,107600
20240202,09:38:57,1.0,1800,107600
20240202,09:38:58,1.0,1750,107600
20240202,09:38:59,0.95,1250,107600
20240202,09:39:06,0.95,50,107600
20240202,09:39:11,1.0,250,107600
20240202,09:39:38,0.95,50,107600
20240202,09:39:47,1.0,50,107600
20240202,09:39:54,0.95,50,107600
20240202,09:39:58,0.95,100,107600
20240202,09:40:05,0.95,1500,107600
20240202,09:40:22,1.0,500,107600
20240202,09:40:32,0.95,1800,107600
20240202,09:40:37,1.0,50,107600
20240202,09:40:45,0.95,50,107600
20240202,09:40:49,0.95,1800,107600
20240202,09:40:52,0.95,50,107600
20240202,09:40:53,1.0,200,107600
20240202,09:41:07,0.95,50,107600
20240202,09:41:46,0.95,50,108200
20240202,09:41:47,0.95,50,108200
20240202,09:41:53,0.95,1800,108200
20240202,09:41:57,0.95,200,108200
20240202,09:42:09,0.95,250,108200
20240202,09:42:10,0.95,150,108200
20240202,09:43:04,0.95,50,108200
20240202,09:43:35,0.95,50,108200
20240202,09:43:36,0.9,50,108200
20240202,09:43:38,0.9,50,108200
20240202,09:43:57,0.9,1000,108200
20240202,09:44:32,0.9,450,108500
20240202,09:44:39,0.9,400,108500
20240202,09:44:42,0.9,1250,108500
20240202,09:46:27,0.85,4650,108500
20240202,09:48:12,0.85,250,108500
20240202,09:48:21,0.85,50,106350
20240202,09:49:00,0.9,2100,106350
20240202,09:49:56,0.9,1800,106350
20240202,09:49:59,0.9,100,106350
20240202,09:54:32,0.85,50,105350
20240202,09:54:46,0.85,450,105350
20240202,09:54:52,0.85,50,105350
20240202,09:57:27,0.85,50,105350
20240202,09:58:04,0.85,200,104800
20240202,09:58:12,0.85,150,104800
20240202,09:58:20,0.85,50,104800
20240202,09:58:54,0.85,100,104800
20240202,09:58:56,0.9,50,104800
20240202,09:59:16,0.9,100,104800
20240202,09:59:34,0.9,1000,104400
20240202,10:02:02,0.85,200,104400
20240202,10:03:01,0.85,50,105200
20240202,10:03:28,0.85,50,105200
20240202,10:03:39,0.9,50,105200
20240202,10:03:44,0.9,1000,105200
20240202,10:06:10,0.9,50,105000
20240202,10:06:17,0.9,100,105000
20240202,10:06:21,0.9,100,105000
20240202,10:06:56,0.85,9450,105000
20240202,10:06:57,0.85,400,105000
20240202,10:07:49,0.85,3300,105000
20240202,10:08:22,0.8,600,110350
20240202,10:08:24,0.8,1500,110350
20240202,10:09:42,0.8,50,110350
20240202,10:09:56,0.8,50,110350
20240202,10:10:09,0.85,50,110350
20240202,10:10:50,0.8,50,110350
20240202,10:12:23,0.8,50,109700
20240202,10:12:56,0.8,750,109700
20240202,10:13:07,0.8,250,109700
20240202,10:13:34,0.8,50,109700
20240202,10:14:39,0.85,1250,109700
20240202,10:15:51,0.85,300,109350
20240202,10:16:48,0.8,50,109350
20240202,10:16:58,0.8,50,109350
20240202,10:18:07,0.85,50,109350
20240202,10:22:24,0.85,150,110850
20240202,10:22:54,0.85,2000,110850
20240202,10:24:49,0.85,900,110100
20240202,10:24:58,0.8,350,110100
20240202,10:25:31,0.85,50,110100
20240202,10:26:28,0.8,50,108850
20240202,10:26:47,0.8,500,108850
20240202,10:28:02,0.85,50,108850
20240202,10:29:53,0.8,50,108300
20240202,10:30:08,0.8,300,108300
20240202,10:30:18,0.85,100,108300
20240202,10:30:43,0.8,600,108300
20240202,10:31:01,0.8,50,108300
20240202,10:32:08,0.85,100,108300
20240202,10:35:36,0.8,50,108300
20240202,10:37:09,0.85,100,107300
20240202,10:39:00,0.85,50,107300
20240202,10:39:59,0.85,50,107250
20240202,10:40:56,0.85,100,107250
20240202,10:41:00,0.8,50,107250
20240202,10:43:10,0.8,50,107100
20240202,10:44:13,0.85,200,107100
20240202,10:45:21,0.85,50,107100
20240202,10:45:28,0.8,100,107050
20240202,10:46:08,0.85,50,107050
20240202,10:46:24,0.8,1700,107050
20240202,10:46:59,0.85,50,107050
20240202,10:47:17,0.85,100,107050
20240202,10:47:40,0.8,250,105250
20240202,10:49:46,0.8,300,105250
20240202,10:51:50,0.8,500,104700
20240202,10:52:22,0.85,250,104700
20240202,10:53:40,0.8,350,104200
20240202,10:55:40,0.8,50,104200
20240202,10:58:04,0.8,100,104100
20240202,11:00:05,0.8,250,104100
20240202,11:01:07,0.85,50,104100
20240202,11:01:33,0.85,450,104100
20240202,11:01:58,0.85,1150,104100
20240202,11:02:58,0.8,250,104100
20240202,11:04:10,0.8,250,104100
20240202,11:05:05,0.85,50,104100
20240202,11:05:07,0.85,50,104100
20240202,11:06:14,0.85,50,104100
20240202,11:06:16,0.85,150,103750
20240202,11:06:24,0.85,100,103750
20240202,11:06:51,0.8,50,103750
20240202,11:08:03,0.85,100,103750
20240202,11:09:33,0.8,50,103750
20240202,11:10:07,0.8,100,103750
20240202,11:10:14,0.85,50,103750
20240202,11:11:44,0.8,50,103650
20240202,11:13:45,0.8,50,103650
20240202,11:14:12,0.8,250,103650
20240202,11:14:15,0.8,1800,103650
20240202,11:14:51,0.8,50,102250
20240202,11:15:04,0.8,50,102250
20240202,11:15:17,0.8,100,102250
20240202,11:15:57,0.8,50,102250
20240202,11:15:58,0.8,50,102250
20240202,11:16:00,0.8,100,102250
20240202,11:16:02,0.8,50,102250
20240202,11:16:04,0.8,100,102250
20240202,11:16:06,0.8,50,102250
20240202,11:16:08,0.8,50,102250
20240202,11:16:10,0.85,150,102250
20240202,11:16:11,0.85,50,102250
20240202,11:16:12,0.85,100,102250
20240202,11:16:13,0.85,50,102250
20240202,11:16:14,0.85,100,102250
20240202,11:16:15,0.85,100,102250
20240202,11:16:17,0.85,100,102250
20240202,11:16:18,0.85,100,102250
20240202,11:16:19,0.85,150,102250
20240202,11:16:20,0.85,150,102250
20240202,11:16:21,0.85,150,102250
20240202,11:16:22,0.85,150,102250
20240202,11:16:23,0.85,150,102250
20240202,11:16:24,0.85,150,102250
20240202,11:16:26,0.85,300,102250
20240202,11:16:27,0.85,200,102250
20240202,11:16:28,0.85,150,102250
20240202,11:16:29,0.85,150,102250
20240202,11:16:30,0.85,150,102250
20240202,11:16:32,0.85,300,102250
20240202,11:16:33,0.85,6000,102250
20240202,11:16:34,0.85,200,102250
20240202,11:16:35,0.85,150,102250
20240202,11:16:36,0.85,150,102250
20240202,11:16:40,0.85,50,102250
20240202,11:16:42,0.85,100,102250
20240202,11:16:43,0.85,50,102250
20240202,11:16:44,0.85,50,102250
20240202,11:16:45,0.85,150,102250
20240202,11:16:46,0.85,200,102250
20240202,11:16:54,0.85,50,102250
20240202,11:16:55,0.85,50,102250
20240202,11:16:56,0.85,50,102250
20240202,11:16:57,0.85,50,102250
20240202,11:16:58,0.85,50,102250
20240202,11:16:59,0.85,50,102250
20240202,11:17:01,0.85,100,102250
20240202,11:17:02,0.85,50,102250
20240202,11:17:03,0.85,50,102250
20240202,11:17:04,0.85,50,102250
20240202,11:17:05,0.85,50,102250
20240202,11:17:06,0.85,50,102250
20240202,11:17:07,0.85,50,102250
20240202,11:17:08,0.85,50,102250
20240202,11:17:09,0.85,200,102250
20240202,11:17:11,0.85,5100,102250
20240202,11:18:07,0.85,50,104500
20240202,11:18:08,0.85,50,104500
20240202,11:18:09,0.85,200,104500
20240202,11:18:10,0.85,200,104500
20240202,11:18:11,0.85,200,104500
20240202,11:18:12,0.85,200,104500
20240202,11:18:13,0.85,200,104500
20240202,11:18:14,0.85,200,104500
20240202,11:18:15,0.85,50,104500
20240202,11:18:16,0.85,50,104500
20240202,11:18:17,0.85,50,104500
20240202,11:18:18,0.85,200,104500
20240202,11:18:19,0.85,200,104500
20240202,11:18:20,0.85,200,104500
20240202,11:18:21,0.85,200,104500
20240202,11:18:22,0.85,500,104500
20240202,11:18:23,0.9,500,104500
20240202,11:18:24,0.9,200,104500
20240202,11:18:25,0.9,200,104500
20240202,11:18:26,0.9,50,104500
20240202,11:18:27,0.9,50,104500
20240202,11:18:28,0.9,50,104500
20240202,11:18:29,0.9,50,104500
20240202,11:18:30,0.9,50,104500
20240202,11:18:31,0.9,50,104500
20240202,11:18:32,0.9,50,104500
20240202,11:18:33,0.9,50,104500
20240202,11:18:34,0.9,50,104500
20240202,11:18:35,0.9,200,104500
20240202,11:18:36,0.9,200,104500
20240202,11:18:37,0.9,50,104500
20240202,11:18:38,0.9,50,104500
20240202,11:18:39,0.9,50,104500
20240202,11:18:40,0.9,50,104500
20240202,11:18:41,0.9,50,104500
20240202,11:18:42,0.9,50,104500
20240202,11:18:43,0.9,50,104500
20240202,11:18:44,0.9,50,104500
20240202,11:18:45,0.9,50,104500
20240202,11:18:46,0.9,50,104500
20240202,11:18:47,0.9,200,104500
20240202,11:18:48,0.9,200,104500
20240202,11:18:49,0.9,200,104500
20240202,11:18:50,0.9,50,104500
20240202,11:18:51,0.9,50,104500
20240202,11:18:52,0.9,50,104500
20240202,11:18:53,0.9,200,104500
20240202,11:18:54,0.9,200,104500
20240202,11:19:18,0.85,700,104500
20240202,11:19:31,0.85,50,104500
20240202,11:19:36,0.85,200,104500
20240202,11:19:39,0.85,50,104500
20240202,11:19:42,0.85,50,104500
20240202,11:19:43,0.85,50,104500
20240202,11:19:44,0.85,50,104500
20240202,11:19:45,0.85,200,104500
20240202,11:19:46,0.85,200,104500
20240202,11:19:47,0.85,200,104500
20240202,11:19:48,0.85,1800,104500
20240202,11:19:49,0.85,200,104500
20240202,11:19:50,0.85,500,104500
20240202,11:19:51,0.85,200,104500
20240202,11:19:52,0.85,200,104500
20240202,11:19:53,0.85,200,104500
20240202,11:19:54,0.85,50,104500
20240202,11:19:55,0.85,50,104500
20240202,11:19:56,0.85,50,104500
20240202,11:19:57,0.85,50,104500
20240202,11:19:58,0.85,50,104500
20240202,11:19:59,0.85,50,104500
20240202,11:20:00,0.85,800,104500
20240202,11:20:01,0.85,200,104500
20240202,11:20:02,0.85,200,104500
20240202,11:20:03,0.85,800,104500
20240202,11:20:04,0.8,50,104500
20240202,11:20:05,0.8,50,104500
20240202,11:20:06,0.8,50,104500
20240202,11:20:07,0.8,50,104500
20240202,11:20:08,0.8,50,104500
20240202,11:20:09,0.8,100,104500
20240202,11:20:10,0.8,50,104500
20240202,11:20:11,0.8,50,104500
20240202,11:20:12,0.8,50,104500
20240202,11:20:13,0.8,200,104500
20240202,11:20:14,0.8,200,104500
20240202,11:20:16,0.8,50,104500
20240202,11:20:17,0.8,50,104500
20240202,11:20:18,0.8,50,104500
20240202,11:20:19,0.8,50,104500
20240202,11:20:20,0.8,1100,104500
20240202,11:20:21,0.8,50,104500
20240202,11:20:22,0.8,50,104500
20240202,11:20:23,0.8,50,104500
20240202,11:20:24,0.8,50,104500
20240202,11:23:09,0.8,300,105450
20240202,11:25:07,0.8,50,105450
20240202,11:25:08,0.8,50,105200
20240202,11:25:09,0.8,50,105200
20240202,11:25:10,0.8,50,105200
20240202,11:25:11,0.8,50,105200
20240202,11:25:12,0.8,200,105200
20240202,11:25:13,0.8,200,105200
20240202,11:25:14,0.8,200,105200
20240202,11:25:17,0.8,50,105200
20240202,11:25:18,0.8,50,105200
20240202,11:25:19,0.8,50,105200
20240202,11:25:20,0.8,50,105200
20240202,11:25:21,0.8,50,105200
20240202,11:25:22,0.8,50,105200
20240202,11:25:23,0.8,50,105200
20240202,11:26:13,0.8,50,105200
20240202,11:26:14,0.8,50,105200
20240202,11:26:15,0.8,50,105200
20240202,11:26:16,0.8,50,105200
20240202,11:26:17,0.8,50,105200
20240202,11:26:18,0.8,50,105200
20240202,11:26:19,0.8,50,105200
20240202,11:26:20,0.8,50,105200
20240202,11:26:21,0.8,50,105200
20240202,11:26:22,0.8,3350,105200
20240202,11:26:23,0.8,200,105200
20240202,11:26:25,0.8,200,105200
20240202,11:26:26,0.8,50,105200
20240202,11:26:27,0.8,50,105200
20240202,11:26:28,0.8,50,105200
20240202,11:26:29,0.8,50,105200
20240202,11:26:29,0.8,500,102350
20240202,11:26:30,0.8,200,102350
20240202,11:26:31,0.8,200,102350
20240202,11:26:32,0.8,200,102350
20240202,11:26:34,0.8,400,102350
20240202,11:26:36,0.8,50,102350
20240202,11:26:37,0.8,50,102350
20240202,11:26:38,0.8,50,102350
20240202,11:26:39,0.8,50,102350
20240202,11:26:40,0.8,50,102350
20240202,11:26:41,0.8,50,102350
20240202,11:26:42,0.8,200,102350
20240202,11:26:43,0.8,200,102350
20240202,11:26:45,0.8,200,102350
20240202,11:26:46,0.8,50,102350
20240202,11:26:48,0.8,50,102350
20240202,11:26:49,0.8,50,102350
20240202,11:26:50,0.8,50,102350
20240202,11:26:51,0.8,50,102350
20240202,11:26:52,0.8,50,102350
20240202,11:26:53,0.8,50,102350
20240202,11:26:54,0.8,50,102350
20240202,11:26:55,0.8,50,102350
20240202,11:26:57,0.8,250,102350
20240202,11:26:58,0.8,5200,102350
20240202,11:26:59,0.8,50,102350
20240202,11:27:00,0.8,50,102350
20240202,11:27:01,0.8,50,102350
20240202,11:27:02,0.8,50,102350
20240202,11:27:03,0.8,50,102350
20240202,11:27:04,0.8,50,102350
20240202,11:27:05,0.8,50,102350
20240202,11:27:06,0.8,200,102350
20240202,11:27:07,0.8,200,102350
20240202,11:27:08,0.8,200,102350
20240202,11:27:11,0.8,50,102350
20240202,11:27:12,0.8,50,102350
20240202,11:27:13,0.8,50,102350
20240202,11:27:14,0.8,50,102350
20240202,11:27:15,0.8,50,102350
20240202,11:28:14,0.85,4150,102350
20240202,11:28:18,0.85,800,102350
20240202,11:28:21,0.85,250,102350
20240202,11:28:23,0.85,50,102350
20240202,11:28:25,0.9,50,102350
20240202,11:28:39,0.9,1800,102350
20240202,11:28:50,0.85,500,102350
20240202,11:29:36,0.9,500,98800
20240202,11:29:48,0.85,500,98800
20240202,11:30:18,0.85,50,98800
20240202,11:30:45,0.85,2400,98800
20240202,11:32:03,0.85,150,98800
20240202,11:32:04,0.85,150,98800
20240202,11:32:05,0.85,150,98800
20240202,11:32:06,0.85,150,98800
20240202,11:32:07,0.85,150,98800
20240202,11:32:15,0.85,50,98800
20240202,11:32:18,0.85,50,98800
20240202,11:32:19,0.85,50,98800
20240202,11:32:20,0.85,50,98800
20240202,11:32:21,0.85,50,98800
20240202,11:32:22,0.85,50,98800
20240202,11:32:23,0.85,50,98800
20240202,11:32:24,0.85,50,98800
20240202,11:32:25,0.85,50,98800
20240202,11:32:26,0.85,50,98800
20240202,11:32:27,0.85,50,98800
20240202,11:33:05,0.8,50,98800
20240202,11:33:06,0.85,50,101100
20240202,11:33:07,0.85,50,101100
20240202,11:33:08,0.85,50,101100
20240202,11:33:09,0.85,50,101100
20240202,11:33:10,0.85,50,101100
20240202,11:33:11,0.85,50,101100
20240202,11:33:12,0.85,50,101100
20240202,11:33:13,0.85,50,101100
20240202,11:33:14,0.85,50,101100
20240202,11:33:15,0.85,50,101100
20240202,11:33:16,0.85,50,101100
20240202,11:33:17,0.85,50,101100
20240202,11:33:18,0.85,50,101100
20240202,11:33:19,0.85,50,101100
20240202,11:33:20,0.85,50,101100
20240202,11:33:21,0.85,50,101100
20240202,11:33:22,0.85,50,101100
20240202,11:33:23,0.85,50,101100
20240202,11:33:24,0.85,50,101100
20240202,11:33:25,0.85,50,101100
20240202,11:33:26,0.85,50,101100
20240202,11:33:27,0.85,50,101100
20240202,11:33:28,0.85,2500,101100
20240202,11:33:29,0.9,550,101100
20240202,11:33:30,0.9,50,101100
20240202,11:33:31,0.9,50,101100
20240202,11:33:32,0.9,50,101100
20240202,11:33:33,0.9,50,101100
20240202,11:33:34,0.9,50,101100
20240202,11:33:35,0.9,50,101100
20240202,11:33:36,0.9,50,101100
20240202,11:33:37,0.9,50,101100
20240202,11:33:38,0.9,50,101100
20240202,11:33:39,0.85,150,101100
20240202,11:33:40,0.9,50,101100
20240202,11:33:41,0.9,50,101100
20240202,11:33:42,0.9,50,101100
20240202,11:33:43,0.9,50,101100
20240202,11:33:44,0.9,50,101100
20240202,11:33:45,0.9,50,101100
20240202,11:33:46,0.9,50,101100
20240202,11:33:47,0.9,50,101100
20240202,11:33:48,0.9,550,101100
20240202,11:33:49,0.9,50,101100
20240202,11:33:50,0.9,50,101100
20240202,11:33:51,0.9,50,101100
20240202,11:33:52,0.9,400,101100
20240202,11:33:53,0.9,3150,101100
20240202,11:33:54,0.9,50,101100
20240202,11:33:55,0.9,50,101100
20240202,11:33:56,0.9,200,101100
20240202,11:33:57,0.9,200,101100
20240202,11:33:58,0.9,50,101100
20240202,11:33:59,0.9,50,101100
20240202,11:34:00,0.9,50,101100
20240202,11:34:01,0.9,50,101100
20240202,11:34:02,0.9,50,101100
20240202,11:34:03,0.9,50,101100
20240202,11:34:04,0.9,50,101100
20240202,11:34:05,0.9,50,101100
20240202,11:34:06,0.9,50,101100
20240202,11:34:07,0.9,50,101100
20240202,11:34:08,0.9,50,101100
20240202,11:34:09,0.9,50,101100
20240202,11:34:10,0.9,50,101100
20240202,11:34:11,0.9,50,101100
20240202,11:34:12,0.9,50,101100
20240202,11:34:13,0.9,50,101100
20240202,11:34:14,0.9,50,101100
20240202,11:34:15,0.9,50,101100
20240202,11:34:16,0.9,200,101100
20240202,11:34:17,0.9,200,101100
20240202,11:34:18,0.9,200,101100
20240202,11:34:20,0.9,50,101100
20240202,11:34:21,0.9,50,101100
20240202,11:34:22,0.9,50,101100
20240202,11:34:23,0.9,50,101100
20240202,11:34:24,0.9,50,101100
20240202,11:34:25,0.9,50,101100
20240202,11:34:26,0.9,50,101100
20240202,11:34:27,0.9,50,101100
20240202,11:34:28,0.9,50,101100
20240202,11:34:29,0.9,50,101100
20240202,11:34:30,0.9,50,101100
20240202,11:34:31,0.9,50,101100
20240202,11:34:32,0.9,50,101100
20240202,11:34:33,0.9,50,101100
20240202,11:34:34,0.9,50,101100
20240202,11:34:35,0.9,50,101100
20240202,11:34:36,0.9,50,101100
20240202,11:34:37,0.9,50,101100
20240202,11:34:38,0.9,50,101100
20240202,11:34:39,0.9,50,101100
20240202,11:34:40,0.9,50,101100
20240202,11:34:41,0.9,2900,101100
20240202,11:34:42,0.9,50,101100
20240202,11:34:43,0.9,50,101100
20240202,11:34:44,0.9,50,101100
20240202,11:34:45,0.9,50,101100
20240202,11:34:46,0.9,50,101100
20240202,11:34:47,0.9,50,101100
20240202,11:34:48,0.9,50,101100
20240202,11:34:49,0.9,50,101100
20240202,11:34:50,0.9,50,101100
20240202,11:34:51,0.9,50,101100
20240202,11:34:52,0.9,50,101100
20240202,11:34:53,0.9,50,101100
20240202,11:35:09,0.85,50,101100
20240202,11:36:53,0.9,50,106100
20240202,11:37:48,0.9,50,106100
20240202,11:37:52,0.9,250,106100
20240202,11:37:59,0.85,50,106100
20240202,11:38:14,0.9,250,106100
20240202,11:38:15,0.9,50,106100
20240202,11:38:17,0.9,50,106100
20240202,11:38:18,0.9,50,106100
20240202,11:38:19,0.9,50,106100
20240202,11:38:20,0.9,50,106100
20240202,11:38:21,0.9,50,106100
20240202,11:38:22,0.9,50,106100
20240202,11:38:23,0.9,50,106100
20240202,11:38:24,0.9,50,106100
20240202,11:38:26,0.9,350,106100
20240202,11:38:27,0.9,200,106100
20240202,11:38:28,0.9,200,106100
20240202,11:38:29,0.9,3400,106100
20240202,11:38:43,0.9,50,108050
20240202,11:38:44,0.9,50,108050
20240202,11:38:45,0.9,50,108050
20240202,11:38:46,0.9,50,108050
20240202,11:38:47,0.9,50,108050
20240202,11:38:48,0.9,50,108050
20240202,11:38:49,0.9,50,108050
20240202,11:38:52,0.9,400,108050
20240202,11:38:54,0.9,50,108050
20240202,11:38:55,0.9,250,108050
20240202,11:39:19,0.9,50,108050
20240202,11:39:20,0.9,50,108050
20240202,11:39:21,0.9,50,108050
20240202,11:39:22,0.95,3150,108050
20240202,11:39:23,0.95,200,108050
20240202,11:39:24,0.95,200,108050
20240202,11:40:19,0.95,300,108050
20240202,11:40:28,0.95,50,108050
20240202,11:40:31,0.95,50,108050
20240202,11:40:38,0.95,50,108050
20240202,11:40:52,0.95,50,108050
20240202,11:40:53,0.95,1150,108050
20240202,11:41:00,1.0,500,108050
20240202,11:41:03,1.0,50,108050
20240202,11:41:04,1.0,50,108050
20240202,11:41:05,1.0,50,108050
20240202,11:41:06,1.0,50,108050
20240202,11:41:07,1.0,50,108050
20240202,11:41:08,1.0,50,108050
20240202,11:41:09,1.0,50,108050
20240202,11:41:10,1.0,50,108050
20240202,11:41:18,0.95,4500,108050
20240202,11:41:46,0.9,600,109000
20240202,11:42:07,0.95,50,109000
20240202,11:42:11,0.95,50,109000
20240202,11:42:15,0.95,50,109000
20240202,11:42:18,0.95,50,109000
20240202,11:43:02,0.95,50,109000
20240202,11:43:04,0.95,50,109000
20240202,11:43:07,0.95,150,109000
20240202,11:43:08,0.95,50,109000
20240202,11:43:11,0.95,50,109000
20240202,11:43:14,0.95,50,109000
20240202,11:43:16,0.9,50,109000
20240202,11:43:17,0.95,50,109000
20240202,11:43:18,0.9,3900,109000
20240202,11:43:19,0.85,50,109000
20240202,11:43:20,0.85,50,109000
20240202,11:43:21,0.85,200,109000
20240202,11:43:22,0.85,200,109000
20240202,11:43:23,0.85,200,109000
20240202,11:43:24,0.85,200,109000
20240202,11:43:25,0.85,200,109000
20240202,11:43:26,0.85,200,109000
20240202,11:43:27,0.9,250,109000
20240202,11:43:28,0.85,250,109000
20240202,11:43:29,0.85,250,109000
20240202,11:43:30,0.9,250,109000
20240202,11:43:31,0.85,200,109000
20240202,11:43:32,0.85,550,109000
20240202,11:43:33,0.85,500,109000
20240202,11:43:34,0.85,250,109000
20240202,11:43:35,0.85,450,109000
20240202,11:43:36,0.8,250,109000
20240202,11:43:37,0.8,200,109000
20240202,11:43:38,0.85,550,109000
20240202,11:43:39,0.85,2950,109000
20240202,11:43:40,0.85,200,109000
20240202,11:43:41,0.85,200,109000
20240202,11:43:42,0.85,250,109000
20240202,11:43:43,0.85,150,109000
20240202,11:43:45,0.9,50,109000
20240202,11:43:49,0.85,150,109000
20240202,11:43:49,0.9,50,109000
20240202,11:43:50,0.85,150,109000
20240202,11:43:51,0.85,150,109000
20240202,11:43:52,0.9,200,109000
20240202,11:43:53,0.85,150,109000
20240202,11:43:54,0.85,150,109000
20240202,11:43:55,0.9,200,109000
20240202,11:43:56,0.85,300,109000
20240202,11:43:57,0.85,150,109000
20240202,11:43:58,0.85,200,109000
20240202,11:43:59,0.85,150,109000
20240202,11:44:00,0.85,350,109000
20240202,11:44:01,0.85,1750,109000
20240202,11:44:02,0.85,150,109000
20240202,11:44:03,0.85,150,109000
20240202,11:44:04,0.9,200,109000
20240202,11:44:05,0.85,150,109000
20240202,11:44:07,0.9,50,109000
20240202,11:44:10,0.9,50,109000
20240202,11:44:12,0.9,50,109000
20240202,11:44:21,0.85,50,109000
20240202,11:44:23,0.85,50,109000
20240202,11:44:26,0.85,50,109000
20240202,11:44:28,0.85,50,109000
20240202,11:44:31,0.85,50,109000
20240202,11:44:36,0.85,50,102850
20240202,11:44:38,0.85,50,102850
20240202,11:44:41,0.85,50,102850
20240202,11:44:44,0.85,50,102850
20240202,11:44:47,0.85,50,102850
20240202,11:45:02,0.85,50,102850
20240202,11:45:05,0.85,50,102850
20240202,11:45:08,0.85,50,102850
20240202,11:45:10,0.85,50,102850
20240202,11:45:13,0.85,50,102850
20240202,11:45:15,0.85,50,102850
20240202,11:45:16,0.9,150,102850
20240202,11:45:18,0.85,50,102850
20240202,11:45:21,0.85,50,102850
20240202,11:45:24,0.85,50,102850
20240202,11:45:26,0.85,50,102850
20240202,11:45:29,0.85,50,102850
20240202,11:45:32,0.85,50,102850
20240202,11:45:34,0.85,3200,102850
20240202,11:45:40,0.9,100,102850
20240202,11:45:42,0.85,50,102850
20240202,11:45:46,0.9,50,102850
20240202,11:45:47,0.9,50,102850
20240202,11:45:50,0.9,50,102850
20240202,11:45:52,0.9,50,102850
20240202,11:45:54,0.9,50,102850
20240202,11:45:57,0.9,50,102850
20240202,11:46:00,0.9,100,102850
20240202,11:46:03,0.9,50,102850
20240202,11:46:05,0.85,150,102850
20240202,11:46:06,0.9,200,102850
20240202,11:46:07,0.85,150,102850
20240202,11:46:08,0.85,150,102850
20240202,11:46:09,0.85,150,102850
20240202,11:46:10,0.85,150,102850
20240202,11:46:11,0.85,200,102850
20240202,11:46:12,0.85,150,102850
20240202,11:46:13,0.85,150,102850
20240202,11:46:14,0.9,200,102850
20240202,11:46:15,0.85,150,102850
20240202,11:46:16,0.85,150,102850
20240202,11:46:17,0.85,150,102850
20240202,11:46:18,0.9,50,102850
20240202,11:46:23,0.9,50,102850
20240202,11:46:25,0.85,150,102850
20240202,11:46:26,0.9,200,102850
20240202,11:46:27,0.9,200,102850
20240202,11:46:28,0.85,150,102850
20240202,11:46:29,0.85,150,102850
20240202,11:46:30,0.9,50,102850
20240202,11:46:33,0.9,50,102850
20240202,11:46:36,0.9,50,102850
20240202,11:46:39,0.85,200,102850
20240202,11:46:41,0.9,50,102850
20240202,11:46:44,0.9,50,102850
20240202,11:46:47,0.9,50,102850
20240202,11:46:50,0.9,50,102850
20240202,11:46:53,0.9,50,102850
20240202,11:46:57,0.9,50,102850
20240202,11:47:00,0.9,50,102850
20240202,11:47:03,0.9,50,102850
20240202,11:47:07,0.9,50,102850
20240202,11:47:12,0.85,50,102850
20240202,11:47:15,0.85,50,102850
20240202,11:47:18,0.85,50,102850
20240202,11:47:21,0.85,50,102850
20240202,11:47:25,0.85,50,102850
20240202,11:47:27,0.85,50,102850
20240202,11:47:31,0.85,50,102850
20240202,11:47:34,0.85,50,102850
20240202,11:47:37,0.85,50,100350
20240202,11:47:40,0.85,50,100350
20240202,11:47:43,0.85,50,100350
20240202,11:47:48,0.85,300,100350
20240202,11:47:50,0.85,50,100350
20240202,11:47:53,0.85,50,100350
20240202,11:47:56,0.9,900,100350
20240202,11:47:56,0.85,50,100350
20240202,11:47:59,0.85,50,100350
20240202,11:48:05,0.85,550,100350
20240202,11:48:07,0.9,50,100350
20240202,11:48:08,0.85,50,100350
20240202,11:48:11,0.85,50,100350
20240202,11:48:14,0.85,50,100350
20240202,11:48:18,0.85,50,100350
20240202,11:48:21,0.85,50,100350
20240202,11:48:24,0.85,50,100350
20240202,11:48:27,0.85,50,100350
20240202,11:48:37,0.85,50,100350
20240202,11:48:40,0.9,800,100350
20240202,11:48:43,0.9,2350,100350
20240202,11:48:45,0.95,50,100350
20240202,11:48:48,0.95,50,100350
20240202,11:48:50,0.95,50,100350
20240202,11:48:54,0.9,50,100350
20240202,11:48:55,0.95,50,100350
20240202,11:49:00,0.95,50,100350
20240202,11:49:05,0.95,50,100350
20240202,11:49:06,0.9,3950,100350
20240202,11:49:08,0.9,150,100350
20240202,11:49:13,0.9,50,100350
20240202,11:49:15,0.85,100,100350
20240202,11:49:16,0.9,50,100350
20240202,11:49:17,0.9,50,100350
20240202,11:49:21,0.9,50,100350
20240202,11:49:24,0.9,50,100350
20240202,11:49:26,0.9,50,100350
20240202,11:49:29,0.9,50,100350
20240202,11:49:32,0.9,50,100350
20240202,11:49:35,0.9,50,100350
20240202,11:49:39,0.9,50,100350
20240202,11:49:41,0.9,50,100350
20240202,11:49:45,0.9,50,100350
20240202,11:49:49,0.9,50,100350
20240202,11:49:52,0.9,50,100350
20240202,11:49:54,0.9,50,100350
20240202,11:49:58,0.9,50,100350
20240202,11:50:01,0.9,50,100350
20240202,11:50:03,0.9,50,100350
20240202,11:50:09,0.85,50,100350
20240202,11:50:13,0.85,50,100350
20240202,11:50:15,0.85,50,100350
20240202,11:50:18,0.85,50,100350
20240202,11:50:21,0.85,50,100350
20240202,11:50:24,0.85,50,100350
20240202,11:50:27,0.85,50,100350
20240202,11:50:31,0.85,50,100350
20240202,11:50:34,0.85,50,100350
20240202,11:50:37,0.85,50,100850
20240202,11:50:39,0.85,50,100850
20240202,11:50:42,0.85,50,100850
20240202,11:50:43,0.85,50,100850
20240202,11:50:46,0.85,50,100850
20240202,11:50:50,0.85,50,100850
20240202,11:50:55,0.85,50,100850
20240202,11:51:00,0.85,50,100850
20240202,11:51:05,0.85,50,100850
20240202,11:51:08,0.85,50,100850
20240202,11:51:13,0.85,50,100850
20240202,11:51:16,0.85,50,100850
20240202,11:51:19,0.85,50,100850
20240202,11:51:21,0.85,50,100850
20240202,11:51:24,0.85,50,100850
20240202,11:51:25,0.85,50,100850
20240202,11:51:27,0.85,50,100850
20240202,11:51:30,0.85,50,100850
20240202,11:51:37,0.9,50,100850
20240202,11:51:40,0.9,50,100850
20240202,11:51:45,0.9,50,100850
20240202,11:51:48,0.9,50,100850
20240202,11:51:52,0.9,50,100850
20240202,11:51:57,0.9,50,100850
20240202,11:52:00,0.9,50,100850
20240202,11:52:05,0.9,50,100850
20240202,11:52:07,0.9,50,100850
20240202,11:52:11,0.9,50,100850
20240202,11:52:12,0.9,500,100850
20240202,11:52:15,0.9,50,100850
20240202,11:52:18,0.9,50,100850
20240202,11:52:20,0.9,50,100850
20240202,11:52:24,0.9,50,100850
20240202,11:52:29,0.9,50,100850
20240202,11:52:32,0.9,50,100850
20240202,11:52:36,0.9,50,100850
20240202,11:52:40,0.9,50,100850
20240202,11:52:43,0.9,50,100850
20240202,11:52:45,0.9,50,100850
20240202,11:52:47,0.9,50,100850
20240202,11:52:52,0.9,50,100850
20240202,11:52:55,0.9,50,100850
20240202,11:52:57,0.9,50,100850
20240202,11:53:00,0.9,50,100850
20240202,11:53:08,0.85,50,100850
20240202,11:53:11,0.85,50,100850
20240202,11:53:14,0.85,50,100850
20240202,11:53:24,0.85,50,100850
20240202,11:53:26,0.85,50,100850
20240202,11:53:31,0.85,50,100850
20240202,11:53:35,0.85,50,101000
20240202,11:53:37,0.85,50,101000
20240202,11:53:38,0.9,50,101000
20240202,11:53:40,0.85,50,101000
20240202,11:53:43,0.85,50,101000
20240202,11:53:45,0.85,50,101000
20240202,11:53:46,0.85,50,101000
20240202,11:53:48,0.85,50,101000
20240202,11:53:52,0.85,50,101000
20240202,11:53:54,0.85,50,101000
20240202,11:53:57,0.85,50,101000
20240202,11:54:00,0.85,50,101000
20240202,11:54:05,0.85,50,101000
20240202,11:54:08,0.85,50,101000
20240202,11:54:09,0.85,50,101000
20240202,11:54:12,0.85,50,101000
20240202,11:54:15,0.85,50,101000
20240202,11:54:18,0.85,50,101000
20240202,11:54:21,0.85,50,101000
20240202,11:54:24,0.85,50,101000
20240202,11:54:27,0.85,50,101000
20240202,11:54:33,0.9,50,101000
20240202,11:54:39,0.9,50,101000
20240202,11:54:40,0.9,50,101000
20240202,11:54:43,0.9,50,101000
20240202,11:54:46,0.9,50,101000
20240202,11:54:52,0.9,50,101000
20240202,11:54:55,0.9,50,101000
20240202,11:54:59,0.9,50,101000
20240202,11:55:00,0.85,1200,101000
20240202,11:55:03,0.9,50,101000
20240202,11:55:05,0.85,6550,101000
20240202,11:55:09,0.85,100,101000
20240202,11:55:10,0.85,50,101000
20240202,11:55:14,0.85,50,101000
20240202,11:55:17,0.85,50,101000
20240202,11:55:19,0.85,50,101000
20240202,11:55:23,0.85,50,101000
20240202,11:55:26,0.8,50,101000
20240202,11:55:26,0.85,50,101000
20240202,11:55:29,0.85,50,101000
20240202,11:55:32,0.85,50,101000
20240202,11:55:35,0.85,50,101000
20240202,11:55:37,0.85,50,101000
20240202,11:55:39,0.85,2550,101000
20240202,11:55:40,0.9,50,101000
20240202,11:55:42,0.9,50,101000
20240202,11:55:43,0.85,1400,101000
20240202,11:55:45,0.9,50,101000
20240202,11:55:47,0.9,50,101000
20240202,11:55:50,0.9,50,101000
20240202,11:55:56,0.85,50,101000
20240202,11:55:59,0.85,50,101000
20240202,11:56:02,0.85,50,101000
20240202,11:56:05,0.85,50,101000
20240202,11:56:08,0.85,50,101000
20240202,11:56:11,0.85,50,101000
20240202,11:56:13,0.85,50,101000
20240202,11:56:16,0.85,50,101000
20240202,11:56:19,0.85,50,101000
20240202,11:56:21,0.85,50,101000
20240202,11:56:24,0.85,50,101000
20240202,11:56:27,0.85,50,101000
20240202,11:56:30,0.85,50,101000
20240202,11:56:33,0.85,50,101000
20240202,11:56:35,0.85,50,102950
20240202,11:56:38,0.85,50,102950
20240202,11:56:40,0.85,50,102950
20240202,11:56:43,0.85,50,102950
20240202,11:56:45,0.85,50,102950
20240202,11:56:46,0.85,100,102950
20240202,11:56:49,0.85,50,102950
20240202,11:56:51,0.85,50,102950
20240202,11:56:56,0.85,50,102950
20240202,11:56:58,0.85,50,102950
20240202,11:57:03,0.85,50,102950
20240202,11:57:06,0.85,50,102950
20240202,11:57:11,0.9,50,102950
20240202,11:57:14,0.9,50,102950
20240202,11:57:17,0.9,50,102950
20240202,11:57:19,0.9,50,102950
20240202,11:57:21,0.9,50,102950
20240202,11:57:25,0.9,50,102950
20240202,11:57:27,0.9,50,102950
20240202,11:57:30,0.9,50,102950
20240202,11:57:34,0.9,50,102950
20240202,11:57:37,0.9,50,102950
20240202,11:57:43,0.9,50,102950
20240202,11:57:45,0.9,50,102950
20240202,11:57:54,0.9,50,102950
20240202,11:57:56,0.9,50,102950
20240202,11:58:03,0.9,50,102950
20240202,11:58:10,0.9,50,102950
20240202,11:58:13,0.9,50,102950
20240202,11:58:15,0.9,50,102950
20240202,11:58:19,0.9,50,102950
20240202,11:58:22,0.9,50,102950
20240202,11:58:25,0.9,50,102950
20240202,11:58:28,0.9,50,102950
20240202,11:58:30,0.9,50,102950
20240202,11:58:33,0.9,50,102950
20240202,11:58:36,0.9,50,102950
20240202,11:58:43,0.85,50,102950
20240202,11:58:48,0.85,50,102950
20240202,11:58:50,0.85,50,102950
20240202,11:58:53,0.85,50,102950
20240202,11:58:56,0.85,50,102950
20240202,11:59:02,0.85,50,102950
20240202,11:59:05,0.85,50,102950
20240202,11:59:07,0.85,50,102950
20240202,11:59:10,0.85,50,102950
20240202,11:59:12,0.85,50,102950
20240202,11:59:17,0.85,50,102950
20240202,11:59:20,0.85,50,102950
20240202,11:59:23,0.85,50,102950
20240202,11:59:26,0.85,50,102950
20240202,11:59:31,0.85,50,102950
20240202,11:59:39,0.85,50,103100
20240202,11:59:42,0.85,50,103100
20240202,11:59:46,0.85,50,103100
20240202,11:59:49,0.85,50,103100
20240202,11:59:52,0.85,50,103100
20240202,11:59:57,0.85,50,103100
20240202,11:59:59,0.85,50,103100
20240202,12:00:03,0.85,50,103100
20240202,12:00:06,0.85,50,103100
20240202,12:00:08,0.85,50,103100
20240202,12:00:15,0.9,50,103100
20240202,12:00:18,0.9,50,103100
20240202,12:00:21,0.9,50,103100
20240202,12:00:25,0.9,50,103100
20240202,12:00:28,0.9,50,103100
20240202,12:00:31,0.9,50,103100
20240202,12:00:35,0.9,50,103100
20240202,12:00:40,0.9,50,103100
20240202,12:00:40,0.9,250,103100
20240202,12:00:43,0.9,50,103100
20240202,12:00:45,0.9,50,103100
20240202,12:00:48,0.9,50,103100
20240202,12:00:50,0.9,50,103100
20240202,12:00:54,0.9,50,103100
20240202,12:00:56,0.9,50,103100
20240202,12:00:59,0.9,50,103100
20240202,12:01:02,0.9,50,103100
20240202,12:01:05,0.9,50,103100
20240202,12:01:07,0.9,50,103100
20240202,12:01:10,0.9,50,103100
20240202,12:01:13,0.9,50,103100
20240202,12:01:15,0.9,50,103100
20240202,12:01:17,0.9,50,103100
20240202,12:01:20,0.9,50,103100
20240202,12:01:23,0.9,50,103100
20240202,12:01:25,0.9,50,103100
20240202,12:01:31,0.85,50,103100
20240202,12:01:33,0.85,50,103100
20240202,12:01:37,0.85,50,103100
20240202,12:01:39,0.85,50,103100
20240202,12:01:42,0.85,50,103100
20240202,12:01:47,0.85,50,103100
20240202,12:01:49,0.85,50,103100
20240202,12:01:52,0.85,50,103100
20240202,12:01:55,0.85,50,103100
20240202,12:01:58,0.85,50,103100
20240202,12:02:01,0.85,50,103100
20240202,12:02:02,0.85,50,103100
20240202,12:02:06,0.85,50,103100
20240202,12:02:10,0.85,50,103100
20240202,12:02:12,0.85,50,103100
20240202,12:02:15,0.85,50,103100
20240202,12:02:18,0.85,50,103100
20240202,12:02:20,0.85,50,103100
20240202,12:02:22,0.85,50,103100
20240202,12:02:25,0.85,50,103100
20240202,12:02:28,0.85,50,103100
20240202,12:02:31,0.85,50,103100
20240202,12:02:34,0.85,50,103100
20240202,12:02:36,0.85,50,102650
20240202,12:02:40,0.85,50,102650
20240202,12:02:41,0.85,50,102650
20240202,12:02:47,0.9,50,102650
20240202,12:02:49,0.9,50,102650
20240202,12:02:52,0.9,50,102650
20240202,12:02:54,0.9,50,102650
20240202,12:02:57,0.9,50,102650
20240202,12:02:59,0.9,50,102650
20240202,12:03:02,0.9,50,102650
20240202,12:03:04,0.9,50,102650
20240202,12:03:07,0.9,50,102650
20240202,12:03:10,0.9,50,102650
20240202,12:03:13,0.9,50,102650
20240202,12:03:15,0.9,50,102650
20240202,12:03:18,0.9,50,102650
20240202,12:03:22,0.9,50,102650
20240202,12:03:25,0.9,50,102650
20240202,12:03:28,0.9,50,102650
20240202,12:03:32,0.9,50,102650
20240202,12:03:34,0.9,50,102650
20240202,12:03:38,0.9,50,102650
20240202,12:03:40,0.9,50,102650
20240202,12:03:44,0.9,50,102650
20240202,12:03:47,0.9,50,102650
20240202,12:03:51,0.9,50,102650
20240202,12:03:56,0.9,50,102650
20240202,12:03:59,0.9,50,102650
20240202,12:04:08,0.85,50,102650
20240202,12:04:11,0.85,50,102650
20240202,12:04:15,0.85,50,102650
20240202,12:04:18,0.85,50,102650
20240202,12:04:20,0.9,250,102650
20240202,12:04:21,0.85,50,102650
20240202,12:04:24,0.85,50,102650
20240202,12:04:26,0.85,50,102650
20240202,12:04:31,0.85,50,102650
20240202,12:04:34,0.85,50,102650
20240202,12:04:36,0.85,50,102650
20240202,12:04:42,0.85,50,102650
20240202,12:04:44,0.85,50,102650
20240202,12:04:47,0.85,50,102650
20240202,12:04:49,0.85,50,102650
20240202,12:04:52,0.85,50,102650
20240202,12:04:55,0.85,50,102650
20240202,12:04:57,0.85,50,102650
20240202,12:04:59,0.9,50,102650
20240202,12:05:00,0.85,50,102650
20240202,12:05:04,0.85,50,102650
20240202,12:05:07,0.85,50,102650
20240202,12:05:09,0.85,50,102650
20240202,12:05:14,0.85,50,102650
20240202,12:05:16,0.85,50,102650
20240202,12:05:20,0.85,50,102650
20240202,12:05:23,0.85,50,102650
20240202,12:06:20,0.9,50,103300
20240202,12:08:04,0.9,50,103300
20240202,12:08:39,0.9,50,103300
20240202,12:08:42,0.9,50,103300
20240202,12:08:45,0.9,50,103300
20240202,12:08:48,0.9,50,103300
20240202,12:08:50,0.9,50,103300
20240202,12:08:53,0.9,50,103300
20240202,12:08:58,0.9,50,103300
20240202,12:09:00,0.9,50,103300
20240202,12:09:04,0.9,50,103300
20240202,12:09:07,0.9,50,103300
20240202,12:09:11,0.9,50,103300
20240202,12:09:13,0.9,50,103300
20240202,12:09:20,0.9,50,103300
20240202,12:09:22,0.9,100,103300
20240202,12:09:27,0.9,50,103300
20240202,12:09:30,0.9,50,103300
20240202,12:09:33,0.9,50,103300
20240202,12:09:36,0.9,50,103300
20240202,12:09:38,0.9,50,103300
20240202,12:09:41,0.9,50,103300
20240202,12:09:43,0.9,50,103300
20240202,12:09:46,0.9,50,103300
20240202,12:09:48,0.9,50,103300
20240202,12:09:51,0.9,50,103300
20240202,12:09:55,0.85,50,103300
20240202,12:09:59,0.85,50,103300
20240202,12:10:01,0.85,50,103300
20240202,12:10:04,0.85,50,103300
20240202,12:10:06,0.85,50,103300
20240202,12:10:09,0.85,50,103300
20240202,12:10:11,0.85,50,103300
20240202,12:10:14,0.85,50,103300
20240202,12:10:17,0.85,50,103300
20240202,12:10:20,0.85,50,103300
20240202,12:10:25,0.85,50,103300
20240202,12:10:25,0.9,50,103300
20240202,12:10:28,0.85,50,103300
20240202,12:10:30,0.85,50,103300
20240202,12:10:33,0.85,50,103300
20240202,12:10:36,0.85,50,103300
20240202,12:10:39,0.85,50,103300
20240202,12:10:43,0.85,50,103300
20240202,12:10:46,0.85,50,103300
20240202,12:10:49,0.85,50,103300
20240202,12:10:51,0.85,50,103300
20240202,12:10:54,0.85,50,103300
20240202,12:10:57,0.85,50,103300
20240202,12:11:01,0.85,50,103300
20240202,12:11:03,0.85,50,103300
20240202,12:11:06,0.85,50,103300
20240202,12:11:12,0.9,50,103300
20240202,12:11:15,0.9,50,103300
20240202,12:11:30,0.9,50,103300
20240202,12:11:33,0.9,50,103300
20240202,12:11:35,0.9,50,103300
20240202,12:11:39,0.9,50,103150
20240202,12:11:42,0.9,50,103150
20240202,12:11:43,0.9,50,103150
20240202,12:11:44,0.85,100,103150
20240202,12:11:47,0.9,50,103150
20240202,12:11:50,0.9,50,103150
20240202,12:11:54,0.9,50,103150
20240202,12:12:20,0.85,50,103150
20240202,12:13:36,0.9,50,103150
20240202,12:13:39,0.9,50,103150
20240202,12:13:43,0.9,50,103150
20240202,12:13:47,0.9,50,103150
20240202,12:13:50,0.9,50,103150
20240202,12:13:54,0.9,50,103150
20240202,12:13:59,0.9,50,103150
20240202,12:14:01,0.9,50,103150
20240202,12:14:04,0.9,50,103150
20240202,12:14:06,0.9,50,103150
20240202,12:14:12,0.9,50,103150
20240202,12:14:15,0.9,50,103150
20240202,12:14:17,0.9,50,103150
20240202,12:14:20,0.9,50,103150
20240202,12:14:23,0.9,50,103150
20240202,12:14:29,0.85,50,103150
20240202,12:14:31,0.85,50,103150
20240202,12:14:34,0.85,50,103150
20240202,12:14:40,0.85,50,103150
20240202,12:14:46,0.85,400,103450
20240202,12:15:03,0.85,50,103450
20240202,12:15:42,0.9,100,103450
20240202,12:16:01,0.85,50,103450
20240202,12:16:04,0.85,50,103450
20240202,12:16:07,0.85,50,103450
20240202,12:16:10,0.85,50,103450
20240202,12:16:12,0.85,50,103450
20240202,12:16:17,0.85,50,103450
20240202,12:16:19,0.85,50,103450
20240202,12:16:22,0.85,50,103450
20240202,12:16:28,0.85,50,103450
20240202,12:16:33,0.85,50,103450
20240202,12:16:35,0.85,50,103450
20240202,12:16:37,0.85,50,103450
20240202,12:16:40,0.85,50,103450
20240202,12:16:43,0.85,50,103450
20240202,12:16:46,0.85,50,103450
20240202,12:16:49,0.85,50,103450
20240202,12:16:55,0.85,50,103450
20240202,12:16:59,0.85,50,103450
20240202,12:17:01,0.85,50,103450
20240202,12:17:04,0.85,50,103450
20240202,12:17:07,0.85,50,103450
20240202,12:17:10,0.85,300,103450
20240202,12:17:16,0.9,50,103450
20240202,12:17:19,0.9,50,103450
20240202,12:17:21,0.9,50,103450
20240202,12:17:26,0.9,50,103450
20240202,12:17:28,0.9,50,103450
20240202,12:17:31,0.9,50,103450
20240202,12:17:47,0.9,50,103350
20240202,12:17:50,0.9,50,103350
20240202,12:17:53,0.9,50,103350
20240202,12:17:57,0.9,50,103350
20240202,12:17:59,0.9,50,103350
20240202,12:18:00,0.95,7150,103350
20240202,12:18:03,0.95,50,103350
20240202,12:18:08,0.95,50,103350
20240202,12:18:11,0.95,50,103350
20240202,12:18:15,0.95,50,103350
20240202,12:18:17,0.95,50,103350
20240202,12:18:22,0.95,50,103350
20240202,12:18:24,0.95,50,103350
20240202,12:18:25,0.95,50,103350
20240202,12:18:27,0.95,50,103350
20240202,12:18:29,0.95,50,103350
20240202,12:18:32,0.95,50,103350
20240202,12:18:35,0.95,50,103350
20240202,12:18:39,0.95,50,103350
20240202,12:18:41,0.95,50,103350
20240202,12:18:42,0.95,50,103350
20240202,12:18:46,0.9,50,103350
20240202,12:18:47,0.9,50,103350
20240202,12:18:50,0.9,150,103350
20240202,12:18:55,0.9,50,103350
20240202,12:18:58,0.9,50,103350
20240202,12:19:06,0.9,50,103350
20240202,12:19:08,0.95,100,103350
20240202,12:19:09,0.9,50,103350
20240202,12:19:19,0.9,50,103350
20240202,12:19:21,0.9,50,103350
20240202,12:19:27,0.9,50,103350
20240202,12:19:30,0.9,50,103350
20240202,12:19:31,0.95,50,103350
20240202,12:19:33,0.9,50,103350
20240202,12:19:35,0.9,50,103350
20240202,12:19:38,0.9,50,103350
20240202,12:19:41,0.9,50,103350
20240202,12:19:43,0.9,50,103350
20240202,12:19:46,0.9,50,103350
20240202,12:19:48,0.9,50,103350
20240202,12:19:51,0.9,50,103350
20240202,12:19:54,0.9,50,103350
20240202,12:19:57,0.9,50,103350
20240202,12:20:03,0.9,50,103350
20240202,12:20:04,0.95,1800,103350
20240202,12:20:06,0.9,50,103350
20240202,12:20:47,0.9,900,103350
20240202,12:20:55,0.9,50,107500
20240202,12:20:57,0.9,50,107500
20240202,12:21:04,0.95,50,107500
20240202,12:21:06,0.95,50,107500
20240202,12:21:09,0.95,50,107500
20240202,12:21:12,0.95,50,107500
20240202,12:21:29,0.95,50,107500
20240202,12:21:32,0.95,50,107500
20240202,12:21:34,0.95,50,107500
20240202,12:21:38,0.95,50,107500
20240202,12:21:39,0.95,50,107500
20240202,12:21:40,0.95,50,107500
20240202,12:21:42,0.95,50,107500
20240202,12:21:46,0.95,50,107500
20240202,12:21:47,0.95,50,107500
20240202,12:21:50,0.95,50,107500
20240202,12:21:53,0.95,50,107500
20240202,12:21:56,0.95,50,107500
20240202,12:22:00,0.95,50,107500
20240202,12:22:02,0.95,50,107500
20240202,12:22:05,0.95,50,107500
20240202,12:22:08,0.95,50,107500
20240202,12:22:09,0.95,50,107500
20240202,12:22:12,0.95,50,107500
20240202,12:22:16,0.95,50,107500
20240202,12:22:19,0.95,50,107500
20240202,12:22:22,0.95,50,107500
20240202,12:22:25,0.95,50,107500
20240202,12:22:30,0.9,50,107500
20240202,12:22:32,0.9,50,107500
20240202,12:22:36,0.9,50,107500
20240202,12:22:39,0.9,50,107500
20240202,12:22:41,0.9,50,107500
20240202,12:22:44,0.9,50,107500
20240202,12:22:47,0.9,50,107500
20240202,12:22:52,0.9,50,107500
20240202,12:22:54,0.9,50,107500
20240202,12:22:56,0.9,50,107500
20240202,12:23:01,0.9,50,107500
20240202,12:23:05,0.9,50,107500
20240202,12:23:07,0.9,50,107500
20240202,12:23:09,0.9,50,107500
20240202,12:23:12,0.9,50,107500
20240202,12:23:14,0.9,50,107500
20240202,12:23:16,0.9,50,107500
20240202,12:23:18,0.95,50,107500
20240202,12:23:19,0.9,50,107500
20240202,12:23:22,0.9,50,107500
20240202,12:23:25,0.9,50,107500
20240202,12:23:25,0.95,50,107500
20240202,12:23:28,0.9,50,107500
20240202,12:23:33,0.9,50,107500
20240202,12:23:37,0.9,1850,107950
20240202,12:23:38,0.95,750,107950
20240202,12:23:41,0.95,1950,107950
20240202,12:23:43,0.95,450,107950
20240202,12:23:45,0.9,50,107950
20240202,12:23:50,0.95,50,107950
20240202,12:23:52,0.95,200,107950
20240202,12:23:53,0.95,50,107950
20240202,12:23:54,0.95,50,107950
20240202,12:23:56,0.95,50,107950
20240202,12:23:58,0.95,50,107950
20240202,12:24:02,0.95,50,107950
20240202,12:24:05,0.95,50,107950
20240202,12:24:08,0.95,50,107950
20240202,12:24:10,0.95,50,107950
20240202,12:24:13,0.95,50,107950
20240202,12:24:16,0.95,50,107950
20240202,12:24:17,0.95,50,107950
20240202,12:24:19,0.95,50,107950
20240202,12:24:22,0.95,50,107950
20240202,12:24:24,0.95,50,107950
20240202,12:24:26,0.95,50,107950
20240202,12:24:29,0.95,50,107950
20240202,12:24:32,1.0,1450,107950
20240202,12:24:37,1.0,50,107950
20240202,12:24:39,1.0,50,107950
20240202,12:24:45,1.0,50,107950
20240202,12:24:48,1.0,50,107950
20240202,12:24:53,1.0,50,107950
20240202,12:24:55,1.0,50,107950
20240202,12:24:58,1.0,50,107950
20240202,12:25:00,1.0,50,107950
20240202,12:25:04,1.0,50,107950
20240202,12:25:07,1.0,50,107950
20240202,12:25:11,0.95,50,107950
20240202,12:25:13,0.95,50,107950
20240202,12:25:16,0.95,50,107950
20240202,12:25:19,0.95,50,107950
20240202,12:25:21,0.95,50,107950
20240202,12:25:24,0.95,50,107950
20240202,12:25:27,0.95,50,107950
20240202,12:25:30,0.95,50,107950
20240202,12:25:31,0.95,50,107950
20240202,12:25:33,0.95,200,107950
20240202,12:25:34,0.95,50,107950
20240202,12:25:39,0.95,50,107950
20240202,12:25:41,0.95,50,107950
20240202,12:25:44,0.95,50,107950
20240202,12:25:47,0.95,50,107950
20240202,12:25:56,0.95,50,107950
20240202,12:25:59,0.95,50,107950
20240202,12:26:01,0.95,50,107950
20240202,12:26:04,0.95,50,107950
20240202,12:26:10,0.95,50,107950
20240202,12:26:13,0.95,50,107950
20240202,12:26:15,0.95,500,107950
20240202,12:26:16,0.95,50,107950
20240202,12:26:19,0.95,50,107950
20240202,12:26:23,0.95,50,107950
20240202,12:26:25,0.95,50,107950
20240202,12:26:27,0.95,500,107950
20240202,12:26:28,0.95,50,107950
20240202,12:26:32,0.95,50,107950
20240202,12:26:39,0.95,500,110900
20240202,12:26:43,1.0,50,110900
20240202,12:26:46,1.0,100,110900
20240202,12:26:48,0.95,50,110900
20240202,12:26:50,0.95,50,110900
20240202,12:26:51,0.95,550,110900
20240202,12:26:53,1.0,50,110900
20240202,12:26:56,1.0,50,110900
20240202,12:26:58,1.0,50,110900
20240202,12:27:01,1.0,50,110900
20240202,12:27:04,1.0,150,110900
20240202,12:27:07,1.0,50,110900
20240202,12:27:08,0.95,100,110900
20240202,12:27:09,0.95,500,110900
20240202,12:27:10,1.0,50,110900
20240202,12:27:13,1.0,50,110900
20240202,12:27:19,0.95,50,110900
20240202,12:27:20,0.95,50,110900
20240202,12:27:23,0.95,50,110900
20240202,12:27:36,0.95,100,110900
20240202,12:27:38,1.0,50,110900
20240202,12:27:45,0.95,50,110900
20240202,12:27:59,1.0,50,110900
20240202,12:28:02,1.0,50,110900
20240202,12:28:05,1.0,50,110900
20240202,12:28:07,0.95,50,110900
20240202,12:28:07,1.0,50,110900
20240202,12:28:09,1.0,50,110900
20240202,12:28:10,0.95,50,110900
20240202,12:28:12,1.0,50,110900
20240202,12:28:14,1.0,50,110900
20240202,12:28:15,0.95,50,110900
20240202,12:28:17,1.0,50,110900
20240202,12:28:19,1.0,50,110900
20240202,12:28:20,0.95,50,110900
20240202,12:28:22,0.95,100,110900
20240202,12:28:22,1.0,50,110900
20240202,12:28:25,1.0,50,110900
20240202,12:28:27,1.0,100,110900
20240202,12:28:29,0.95,50,110900
20240202,12:28:30,1.0,50,110900
20240202,12:28:31,0.95,100,110900
20240202,12:28:33,1.0,50,110900
20240202,12:28:36,0.95,50,110900
20240202,12:28:37,0.95,50,110900
20240202,12:28:38,0.95,50,110900
20240202,12:28:39,0.95,50,110900
20240202,12:28:41,0.95,150,110900
20240202,12:28:43,0.95,50,110900
20240202,12:28:44,0.95,50,110900
20240202,12:28:46,0.95,100,110900
20240202,12:28:47,0.95,100,110900
20240202,12:28:48,0.95,50,110900
20240202,12:28:49,0.95,50,110900
20240202,12:28:50,0.95,50,110900
20240202,12:28:51,0.95,50,110900
20240202,12:28:52,0.95,100,110900
20240202,12:28:53,0.95,50,110900
20240202,12:28:54,0.95,50,110900
20240202,12:28:57,0.95,50,110900
20240202,12:29:00,0.95,50,110900
20240202,12:29:01,0.95,50,110900
20240202,12:29:04,0.95,50,110900
20240202,12:29:07,1.0,1800,110900
20240202,12:29:08,1.0,100,110900
20240202,12:29:11,0.95,150,110900
20240202,12:29:13,0.95,50,110900
20240202,12:29:14,0.95,50,110900
20240202,12:29:15,0.95,50,110900
20240202,12:29:17,0.95,100,110900
20240202,12:29:17,0.95,50,110900
20240202,12:29:18,0.95,50,110900
20240202,12:29:19,0.95,50,110900
20240202,12:29:20,0.95,100,110900
20240202,12:29:22,0.95,50,110900
20240202,12:29:25,0.95,150,110900
20240202,12:29:27,0.95,100,110900
20240202,12:29:28,0.95,50,110900
20240202,12:29:30,0.95,200,110900
20240202,12:29:32,0.95,50,110900
20240202,12:29:35,0.95,50,110900
20240202,12:29:37,0.95,50,110900
20240202,12:29:40,0.95,50,111750
20240202,12:29:42,0.95,50,111750
20240202,12:29:45,1.0,50,111750
20240202,12:29:46,0.95,50,111750
20240202,12:29:49,0.95,50,111750
20240202,12:29:55,1.0,50,111750
20240202,12:30:00,1.0,50,111750
20240202,12:30:09,1.0,1850,111750
20240202,12:30:11,1.0,50,111750
20240202,12:30:14,1.0,50,111750
20240202,12:30:21,1.0,50,111750
20240202,12:30:35,1.0,50,111750
20240202,12:30:39,1.0,50,111750
20240202,12:30:43,1.0,50,111750
20240202,12:30:46,1.0,50,111750
20240202,12:30:48,0.95,100,111750
20240202,12:30:49,0.95,600,111750
20240202,12:30:52,1.0,50,111750
20240202,12:30:55,1.0,150,111750
20240202,12:30:56,1.0,6450,111750
20240202,12:30:57,1.05,50,111750
20240202,12:30:59,1.05,50,111750
20240202,12:31:01,1.0,250,111750
20240202,12:31:02,1.05,50,111750
20240202,12:31:04,1.0,250,111750
20240202,12:31:11,1.0,500,111750
20240202,12:31:14,1.05,50,111750
20240202,12:31:18,1.0,8200,111750
20240202,12:31:19,1.0,50,111750
20240202,12:31:22,1.0,50,111750
20240202,12:31:23,1.0,50,111750
20240202,12:31:25,1.0,50,111750
20240202,12:31:28,1.0,100,111750
20240202,12:31:31,1.0,50,111750
20240202,12:31:32,1.0,50,111750
20240202,12:31:34,1.0,550,111750
20240202,12:31:35,1.0,1250,111750
20240202,12:31:40,1.0,50,111750
20240202,12:31:41,1.0,100,111750
20240202,12:31:44,1.0,50,111750
20240202,12:31:52,0.95,50,111750
20240202,12:31:55,0.95,50,111750
20240202,12:31:59,0.95,50,111750
20240202,12:32:01,0.95,500,111750
20240202,12:32:02,0.95,50,111750
20240202,12:32:04,0.95,50,111750
20240202,12:32:07,0.95,50,111750
20240202,12:32:11,0.95,50,111750
20240202,12:32:13,0.95,300,111750
20240202,12:32:15,0.95,500,111750
20240202,12:32:18,0.95,50,111750
20240202,12:32:22,0.95,50,111750
20240202,12:32:27,0.95,50,111750
20240202,12:32:28,0.95,500,111750
20240202,12:32:30,0.95,50,111750
20240202,12:32:33,0.95,50,111750
20240202,12:32:40,1.0,50,111750
20240202,12:32:41,1.0,50,114550
20240202,12:32:42,1.0,50,114550
20240202,12:32:42,0.95,50,114550
20240202,12:32:43,1.0,50,114550
20240202,12:32:45,1.0,600,114550
20240202,12:32:46,1.0,50,114550
20240202,12:32:47,1.0,50,114550
20240202,12:32:51,0.95,50,114550
20240202,12:32:52,1.0,50,114550
20240202,12:32:54,0.95,50,114550
20240202,12:32:58,1.0,100,114550
20240202,12:33:00,0.95,50,114550
20240202,12:33:04,0.95,50,114550
20240202,12:33:07,0.95,50,114550
20240202,12:33:09,1.0,1850,114550
20240202,12:33:13,0.95,50,114550
20240202,12:33:18,0.95,50,114550
20240202,12:33:28,0.95,50,114550
20240202,12:33:32,0.95,50,114550
20240202,12:33:34,1.0,50,114550
20240202,12:33:35,1.0,50,114550
20240202,12:33:38,1.0,50,114550
20240202,12:33:40,1.0,50,114550
20240202,12:33:41,1.0,50,114550
20240202,12:33:43,1.0,150,114550
20240202,12:33:44,1.0,50,114550
20240202,12:33:45,1.0,50,114550
20240202,12:33:46,1.0,50,114550
20240202,12:33:47,1.0,50,114550
20240202,12:33:48,1.0,50,114550
20240202,12:33:49,1.0,100,114550
20240202,12:33:50,1.0,100,114550
20240202,12:33:51,1.0,100,114550
20240202,12:33:52,1.0,150,114550
20240202,12:33:53,1.0,100,114550
20240202,12:33:54,1.0,100,114550
20240202,12:33:54,1.0,50,114550
20240202,12:33:55,1.0,100,114550
20240202,12:33:56,1.0,100,114550
20240202,12:33:57,1.0,100,114550
20240202,12:33:59,1.0,200,114550
20240202,12:34:00,1.0,1150,114550
20240202,12:34:01,1.0,100,114550
20240202,12:34:02,1.05,3550,114550
20240202,12:34:03,1.05,200,114550
20240202,12:34:04,1.05,8300,114550
20240202,12:34:05,1.05,2450,114550
20240202,12:34:06,1.05,150,114550
20240202,12:34:07,1.05,150,114550
20240202,12:34:08,1.05,150,114550
20240202,12:34:09,1.05,150,114550
20240202,12:34:10,1.05,200,114550
20240202,12:34:11,1.05,150,114550
20240202,12:34:11,1.0,450,114550
20240202,12:34:12,1.0,500,114550
20240202,12:34:13,1.05,200,114550
20240202,12:34:14,1.05,150,114550
20240202,12:34:15,1.05,150,114550
20240202,12:34:17,1.05,350,114550
20240202,12:34:18,1.05,150,114550
20240202,12:34:19,1.05,150,114550
20240202,12:34:21,1.05,300,114550
20240202,12:34:22,1.05,150,114550
20240202,12:34:22,1.05,50,114550
20240202,12:34:23,1.05,150,114550
20240202,12:34:24,1.0,500,114550
20240202,12:34:25,1.05,200,114550
20240202,12:34:27,1.05,650,114550
20240202,12:34:28,1.05,150,114550
20240202,12:34:29,1.05,150,114550
20240202,12:34:30,1.05,150,114550
20240202,12:34:31,1.05,200,114550
20240202,12:34:32,1.05,150,114550
20240202,12:34:33,1.05,500,114550
20240202,12:34:34,1.05,500,114550
20240202,12:34:35,1.05,150,114550
20240202,12:34:36,1.05,200,114550
20240202,12:34:37,1.05,150,114550
20240202,12:34:38,1.05,150,114550
20240202,12:34:39,1.05,150,114550
20240202,12:34:40,1.05,150,114550
20240202,12:34:41,1.05,150,114550
20240202,12:34:42,1.05,250,114550
20240202,12:34:43,1.05,200,114550
20240202,12:34:44,1.05,150,114550
20240202,12:34:45,1.05,150,114550
20240202,12:34:46,1.05,200,114550
20240202,12:34:47,1.05,150,114550
20240202,12:34:48,1.05,150,114550
20240202,12:34:49,1.05,150,114550
20240202,12:34:50,1.05,150,114550
20240202,12:34:51,1.05,200,114550
20240202,12:34:52,1.05,150,114550
20240202,12:34:53,1.05,200,114550
20240202,12:34:54,1.05,150,114550
20240202,12:34:55,1.05,50,114550
20240202,12:34:56,1.05,50,114550
20240202,12:34:57,1.05,100,114550
20240202,12:34:58,1.05,50,114550
20240202,12:34:59,1.05,50,114550
20240202,12:35:09,1.05,50,114550
20240202,12:35:18,1.05,3250,114550
20240202,12:35:19,1.05,1250,114550
20240202,12:35:22,1.05,1450,114550
20240202,12:35:23,1.1,2000,114550
20240202,12:35:24,1.05,200,114550
20240202,12:35:25,1.05,200,114550
20240202,12:35:26,1.05,200,114550
20240202,12:35:27,1.05,200,114550
20240202,12:35:28,1.05,300,114550
20240202,12:35:29,1.05,200,114550
20240202,12:35:30,1.05,200,114550
20240202,12:35:31,1.05,200,114550
20240202,12:35:32,1.05,200,114550
20240202,12:35:33,1.05,250,114550
20240202,12:35:34,1.05,200,114550
20240202,12:35:35,1.05,200,114550
20240202,12:35:36,1.05,200,114550
20240202,12:35:37,1.05,500,114550
20240202,12:35:38,1.05,1650,114550
20240202,12:35:39,1.05,350,127300
20240202,12:35:40,1.05,200,127300
20240202,12:35:41,1.05,300,127300
20240202,12:35:42,1.05,200,127300
20240202,12:35:43,1.05,200,127300
20240202,12:35:44,1.05,200,127300
20240202,12:35:45,1.05,200,127300
20240202,12:35:46,1.05,200,127300
20240202,12:35:47,1.05,200,127300
20240202,12:35:48,1.05,250,127300
20240202,12:35:49,1.05,200,127300
20240202,12:35:50,1.0,200,127300
20240202,12:35:51,1.0,200,127300
20240202,12:35:52,1.0,200,127300
20240202,12:35:53,1.0,250,127300
20240202,12:35:54,1.0,200,127300
20240202,12:35:55,1.0,200,127300
20240202,12:35:56,1.05,300,127300
20240202,12:35:57,1.0,200,127300
20240202,12:35:58,1.0,200,127300
20240202,12:35:59,1.0,200,127300
20240202,12:36:00,1.0,200,127300
20240202,12:36:01,1.0,300,127300
20240202,12:36:02,1.0,200,127300
20240202,12:36:03,1.0,200,127300
20240202,12:36:04,1.0,250,127300
20240202,12:36:05,1.0,200,127300
20240202,12:36:06,1.0,200,127300
20240202,12:36:07,1.0,150,127300
20240202,12:36:08,1.0,150,127300
20240202,12:36:09,1.0,150,127300
20240202,12:36:10,1.0,150,127300
20240202,12:36:11,1.0,150,127300
20240202,12:36:12,1.0,250,127300
20240202,12:36:13,1.0,150,127300
20240202,12:36:14,1.0,150,127300
20240202,12:36:15,1.0,100,127300
20240202,12:36:18,1.0,50,127300
20240202,12:36:21,1.0,50,127300
20240202,12:36:22,1.05,50,127300
20240202,12:36:26,1.0,50,127300
20240202,12:36:32,1.0,50,127300
20240202,12:36:36,1.0,50,127300
20240202,12:36:37,1.0,50,127300
20240202,12:36:39,1.0,50,127300
20240202,12:36:40,1.0,50,127300
20240202,12:36:42,1.0,50,127300
20240202,12:36:46,1.0,50,127300
20240202,12:36:51,1.05,200,127300
20240202,12:36:54,1.0,50,127300
20240202,12:36:57,1.0,50,127300
20240202,12:37:01,1.0,50,127300
20240202,12:37:05,1.0,700,127300
20240202,12:37:06,1.05,50,127300
20240202,12:37:07,1.0,50,127300
20240202,12:37:11,1.0,50,127300
20240202,12:37:18,1.0,700,127300
20240202,12:37:18,1.0,50,127300
20240202,12:37:19,1.05,50,127300
20240202,12:37:20,1.0,700,127300
20240202,12:37:21,1.05,50,127300
20240202,12:37:22,1.05,50,127300
20240202,12:37:23,1.0,150,127300
20240202,12:37:24,1.05,100,127300
20240202,12:37:25,1.0,1350,127300
20240202,12:37:26,1.05,50,127300
20240202,12:37:27,1.05,50,127300
20240202,12:37:28,1.05,50,127300
20240202,12:37:29,1.05,150,127300
20240202,12:37:30,1.05,100,127300
20240202,12:37:31,1.05,150,127300
20240202,12:37:32,1.05,150,127300
20240202,12:37:33,1.0,200,127300
20240202,12:37:34,1.05,150,127300
20240202,12:37:35,1.05,150,127300
20240202,12:37:36,1.05,150,127300
20240202,12:37:37,1.05,200,127300
20240202,12:37:38,1.05,150,127300
20240202,12:37:39,1.05,150,127300
20240202,12:37:40,1.05,150,127300
20240202,12:37:41,1.05,200,127300
20240202,12:37:42,1.05,200,127300
20240202,12:37:43,1.05,200,127300
20240202,12:37:44,1.05,200,127300
20240202,12:37:45,1.05,200,127300
20240202,12:37:46,1.05,200,127300
20240202,12:37:47,1.05,200,127300
20240202,12:37:48,1.05,200,127300
20240202,12:37:49,1.05,200,127300
20240202,12:37:50,1.05,200,127300
20240202,12:37:51,1.05,200,127300
20240202,12:37:52,1.05,200,127300
20240202,12:37:53,1.05,200,127300
20240202,12:37:54,1.05,200,127300
20240202,12:37:55,1.05,200,127300
20240202,12:37:56,1.05,200,127300
20240202,12:37:57,1.05,50,127300
20240202,12:37:58,1.05,50,127300
20240202,12:37:59,1.05,50,127300
20240202,12:38:00,1.05,50,127300
20240202,12:38:01,1.05,50,127300
20240202,12:38:02,1.05,200,127300
20240202,12:38:03,1.05,200,127300
20240202,12:38:04,1.0,900,127300
20240202,12:38:05,1.05,50,127300
20240202,12:38:06,1.05,50,127300
20240202,12:38:07,1.05,50,127300
20240202,12:38:08,1.05,50,127300
20240202,12:38:09,1.0,100,127300
20240202,12:38:10,1.05,200,127300
20240202,12:38:11,1.05,200,127300
20240202,12:38:12,1.05,200,127300
20240202,12:38:13,1.05,50,127300
20240202,12:38:14,1.05,50,127300
20240202,12:38:15,1.05,50,127300
20240202,12:38:16,1.05,200,127300
20240202,12:38:17,1.05,200,127300
20240202,12:38:18,1.05,200,127300
20240202,12:38:19,1.05,200,127300
20240202,12:38:20,1.05,200,127300
20240202,12:38:21,1.05,200,127300
20240202,12:38:22,1.05,200,127300
20240202,12:38:23,1.05,200,127300
20240202,12:38:24,1.05,200,127300
20240202,12:38:25,1.05,200,127300
20240202,12:38:26,1.05,200,127300
20240202,12:38:27,1.05,200,127300
20240202,12:38:28,1.0,700,127300
20240202,12:38:29,1.05,200,127300
20240202,12:38:30,1.05,50,127300
20240202,12:38:31,1.05,50,127300
20240202,12:38:32,1.05,50,127300
20240202,12:38:33,1.05,50,127300
20240202,12:38:34,1.05,50,127300
20240202,12:38:35,1.05,50,127300
20240202,12:38:36,1.05,50,127300
20240202,12:38:37,1.05,200,127300
20240202,12:38:38,1.05,200,127300
20240202,12:38:39,1.05,200,129700
20240202,12:38:40,1.05,200,129700
20240202,12:38:41,1.05,50,129700
20240202,12:38:42,1.05,50,129700
20240202,12:38:43,1.05,550,129700
20240202,12:38:44,1.05,50,129700
20240202,12:38:45,1.05,50,129700
20240202,12:38:46,1.05,50,129700
20240202,12:38:47,1.05,50,129700
20240202,12:38:48,1.05,50,129700
20240202,12:38:49,1.05,50,129700
20240202,12:39:09,1.05,700,129700
20240202,12:39:14,1.0,500,129700
20240202,12:39:27,1.0,500,129700
20240202,12:39:41,1.0,500,129700
20240202,12:39:55,1.05,50,129700
20240202,12:39:56,1.05,50,129700
20240202,12:39:57,1.05,50,129700
20240202,12:39:58,1.05,50,129700
20240202,12:39:59,1.05,200,129700
20240202,12:40:00,1.05,200,129700
20240202,12:40:01,1.05,200,129700
20240202,12:40:02,1.05,250,129700
20240202,12:40:03,1.05,200,129700
20240202,12:40:04,1.05,200,129700
20240202,12:40:05,1.05,200,129700
20240202,12:40:06,1.05,200,129700
20240202,12:40:07,1.05,200,129700
20240202,12:40:08,1.05,200,129700
20240202,12:40:09,1.05,200,129700
20240202,12:40:14,1.05,50,129700
20240202,12:40:20,1.0,50,129700
20240202,12:40:22,1.05,50,129700
20240202,12:40:28,1.05,50,129700
20240202,12:40:29,1.05,50,129700
20240202,12:40:30,1.05,50,129700
20240202,12:40:34,1.05,50,129700
20240202,12:40:46,1.0,100,129700
20240202,12:41:00,1.05,500,129700
20240202,12:41:15,1.0,100,129700
20240202,12:41:18,1.0,50,129700
20240202,12:41:41,1.05,650,134300
20240202,12:41:52,1.0,200,134300
20240202,12:42:05,1.0,50,134300
20240202,12:42:07,1.0,250,134300
20240202,12:42:08,1.0,200,134300
20240202,12:42:09,1.0,200,134300
20240202,12:42:10,1.0,200,134300
20240202,12:42:12,1.0,400,134300
20240202,12:42:13,1.0,250,134300
20240202,12:42:14,1.0,200,134300
20240202,12:42:16,1.0,450,134300
20240202,12:42:17,1.0,200,134300
20240202,12:42:18,1.0,200,134300
20240202,12:42:19,1.0,200,134300
20240202,12:42:20,1.0,200,134300
20240202,12:42:21,1.0,200,134300
20240202,12:42:22,1.0,200,134300
20240202,12:42:23,1.0,200,134300
20240202,12:42:24,1.0,200,134300
20240202,12:42:25,1.0,200,134300
20240202,12:42:26,1.0,200,134300
20240202,12:42:27,1.0,200,134300
20240202,12:42:28,1.0,200,134300
20240202,12:42:29,1.0,200,134300
20240202,12:42:30,1.0,200,134300
20240202,12:42:31,1.0,200,134300
20240202,12:42:32,1.0,200,134300
20240202,12:42:34,1.0,400,134300
20240202,12:42:35,1.0,200,134300
20240202,12:42:36,1.0,200,134300
20240202,12:42:37,1.0,200,134300
20240202,12:42:38,1.0,200,134300
20240202,12:42:39,1.0,200,134300
20240202,12:42:40,1.0,200,134300
20240202,12:42:41,1.0,200,134300
20240202,12:42:42,1.0,200,134300
20240202,12:42:43,1.0,200,134300
20240202,12:42:44,1.0,200,134300
20240202,12:42:52,1.05,1850,134300
20240202,12:42:53,1.0,50,134300
20240202,12:42:54,1.05,1800,134300
20240202,12:42:56,1.05,1800,134300
20240202,12:42:57,1.05,1800,134300
20240202,12:42:59,1.05,1800,134300
20240202,12:43:01,1.05,1800,134300
20240202,12:43:02,1.05,500,134300
20240202,12:43:03,1.05,1800,134300
20240202,12:43:05,1.05,1800,134300
20240202,12:43:06,1.05,1800,134300
20240202,12:43:14,1.05,500,134300
20240202,12:43:15,1.0,500,134300
20240202,12:43:15,1.05,500,134300
20240202,12:43:17,1.05,9900,134300
20240202,12:43:30,1.05,500,134300
20240202,12:43:32,1.05,500,134300
20240202,12:43:34,1.05,500,134300
20240202,12:43:35,1.05,500,134300
20240202,12:43:37,1.05,500,134300
20240202,12:43:38,1.05,500,134300
20240202,12:43:41,1.05,500,134300
20240202,12:43:42,1.05,500,134300
20240202,12:43:52,1.0,650,134300
20240202,12:43:59,1.0,350,134300
20240202,12:44:01,1.05,1650,134300
20240202,12:44:30,1.05,50,134300
20240202,12:44:45,1.05,400,145400
20240202,12:44:52,1.05,1350,145400
20240202,12:44:55,1.05,50,145400
20240202,12:45:03,1.05,500,145400
20240202,12:45:07,1.05,50,145400
20240202,12:45:10,1.05,1900,145400
20240202,12:45:28,1.05,250,145400
20240202,12:45:30,1.05,300,145400
20240202,12:45:34,1.05,550,145400
20240202,12:45:36,1.05,50,145400
20240202,12:45:55,1.05,800,145400
20240202,12:46:00,1.0,500,145400
20240202,12:46:11,1.0,50,145400
20240202,12:46:24,1.05,700,145400
20240202,12:46:25,1.05,200,145400
20240202,12:46:28,1.05,50,145400
20240202,12:46:35,1.05,50,145400
20240202,12:46:40,1.0,50,145400
20240202,12:46:41,1.05,1200,145400
20240202,12:46:47,1.05,300,145400
20240202,12:46:50,1.05,100,145400
20240202,12:47:47,1.05,50,145400
20240202,12:48:10,1.05,100,151450
20240202,12:48:19,1.0,2000,151450
20240202,12:48:30,1.0,50,151450
20240202,12:48:31,1.0,50,151450
20240202,12:48:32,1.0,50,151450
20240202,12:48:33,1.0,200,151450
20240202,12:48:34,1.0,200,151450
20240202,12:49:01,1.05,50,151450
20240202,12:49:27,1.05,100,151450
20240202,12:49:30,1.0,50,151450
20240202,12:49:31,1.0,50,151450
20240202,12:49:32,1.0,50,151450
20240202,12:49:33,1.0,50,151450
20240202,12:49:58,1.0,500,151450
20240202,12:50:10,1.0,50,151450
20240202,12:50:11,1.0,50,151450
20240202,12:50:12,1.0,50,151450
20240202,12:50:13,1.0,50,151450
20240202,12:50:14,1.0,50,151450
20240202,12:50:15,1.0,200,151450
20240202,12:50:16,1.0,200,151450
20240202,12:50:17,1.0,200,151450
20240202,12:50:19,1.0,50,151450
20240202,12:50:20,1.0,50,151450
20240202,12:50:21,1.0,200,151450
20240202,12:50:22,1.0,200,151450
20240202,12:50:23,1.0,200,151450
20240202,12:50:24,1.0,200,151450
20240202,12:50:25,1.0,200,151450
20240202,12:50:26,1.0,200,151450
20240202,12:50:27,1.0,200,151450
20240202,12:50:28,1.0,200,151450
20240202,12:50:29,1.0,200,151450
20240202,12:50:30,1.0,200,151450
20240202,12:50:31,1.0,200,151450
20240202,12:50:32,1.0,200,151450
20240202,12:50:33,1.0,200,151450
20240202,12:50:34,1.0,200,151450
20240202,12:50:35,1.0,200,151450
20240202,12:50:36,1.0,200,151450
20240202,12:50:37,1.0,200,151450
20240202,12:50:38,1.0,200,151450
20240202,12:50:39,1.0,200,151450
20240202,12:50:40,1.0,200,151450
20240202,12:50:41,1.0,200,145400
20240202,12:50:42,1.0,200,145400
20240202,12:50:43,1.0,200,145400
20240202,12:50:44,1.0,200,145400
20240202,12:50:45,1.0,50,145400
20240202,12:50:48,1.05,100,145400
20240202,12:50:58,1.05,50,145400
20240202,12:51:03,1.0,50,145400
20240202,12:51:11,1.0,100,145400
20240202,12:51:33,1.05,50,145400
20240202,12:51:34,1.05,50,145400
20240202,12:51:39,1.05,1850,145400
20240202,12:51:40,1.05,100,145400
20240202,12:51:41,1.05,150,145400
20240202,12:51:42,1.05,100,145400
20240202,12:51:43,1.05,50,145400
20240202,12:51:44,1.05,50,145400
20240202,12:51:45,1.05,50,145400
20240202,12:51:46,1.05,50,145400
20240202,12:51:47,1.05,100,145400
20240202,12:51:48,1.05,50,145400
20240202,12:51:49,1.05,150,145400
20240202,12:51:50,1.05,150,145400
20240202,12:51:51,1.05,150,145400
20240202,12:51:52,1.05,150,145400
20240202,12:51:53,1.05,650,145400
20240202,12:51:54,1.05,150,145400
20240202,12:51:55,1.05,150,145400
20240202,12:51:56,1.05,450,145400
20240202,12:51:57,1.05,200,145400
20240202,12:51:58,1.05,200,145400
20240202,12:51:59,1.05,200,145400
20240202,12:52:00,1.05,50,145400
20240202,12:52:01,1.05,50,145400
20240202,12:52:02,1.05,50,145400
20240202,12:52:03,1.05,100,145400
20240202,12:52:04,1.05,200,145400
20240202,12:52:05,1.05,200,145400
20240202,12:52:06,1.05,200,145400
20240202,12:52:07,1.05,200,145400
20240202,12:52:08,1.05,50,145400
20240202,12:52:09,1.05,50,145400
20240202,12:52:10,1.05,50,145400
20240202,12:52:11,1.05,50,145400
20240202,12:52:12,1.05,50,145400
20240202,12:52:13,1.05,50,145400
20240202,12:52:14,1.05,100,145400
20240202,12:52:15,1.05,50,145400
20240202,12:52:16,1.05,50,145400
20240202,12:52:17,1.05,50,145400
20240202,12:52:19,1.05,100,145400
20240202,12:52:19,1.0,500,145400
20240202,12:52:20,1.05,50,145400
20240202,12:52:21,1.05,50,145400
20240202,12:52:22,1.05,50,145400
20240202,12:52:23,1.05,50,145400
20240202,12:52:24,1.05,50,145400
20240202,12:52:25,1.05,50,145400
20240202,12:52:27,1.05,1100,145400
20240202,12:52:30,1.05,3600,145400
20240202,12:52:31,1.05,3900,145400
20240202,12:52:37,1.0,500,145400
20240202,12:52:38,1.05,100,145400
20240202,12:52:59,1.0,100,145400
20240202,12:53:00,1.05,50,145400
20240202,12:53:25,1.05,50,145400
20240202,12:53:26,1.05,50,145400
20240202,12:53:27,1.05,50,145400
20240202,12:53:29,1.05,50,145400
20240202,12:53:30,1.05,50,145400
20240202,12:53:31,1.05,50,145400
20240202,12:53:32,1.05,50,145400
20240202,12:53:33,1.05,50,145400
20240202,12:53:35,1.05,150,145400
20240202,12:53:36,1.05,50,145400
20240202,12:53:37,1.05,200,145400
20240202,12:53:38,1.05,200,145400
20240202,12:53:39,1.05,200,145400
20240202,12:53:40,1.05,50,145400
20240202,12:53:41,1.05,50,161150
20240202,12:53:42,1.05,50,161150
20240202,12:53:43,1.05,50,161150
20240202,12:53:44,1.05,200,161150
20240202,12:53:45,1.05,200,161150
20240202,12:53:47,1.05,50,161150
20240202,12:53:48,1.05,50,161150
20240202,12:54:00,1.0,50,161150
20240202,12:54:02,1.0,100,161150
20240202,12:54:05,1.05,50,161150
20240202,12:54:06,1.0,50,161150
20240202,12:54:11,1.0,50,161150
20240202,12:54:16,1.05,50,161150
20240202,12:54:20,1.05,1200,161150
20240202,12:54:22,1.05,750,161150
20240202,12:54:26,1.0,1700,161150
20240202,12:55:29,1.05,50,161150
20240202,12:55:43,1.0,300,161150
20240202,12:55:55,1.05,600,161150
20240202,12:56:14,1.05,1300,161150
20240202,12:56:17,1.05,50,161150
20240202,12:56:17,1.0,50,161150
20240202,12:56:18,1.05,50,161150
20240202,12:56:19,1.05,50,161150
20240202,12:56:20,1.05,50,161150
20240202,12:56:21,1.05,50,161150
20240202,12:56:22,1.05,50,161150
20240202,12:56:23,1.05,50,161150
20240202,12:56:25,1.05,1550,161150
20240202,12:56:26,1.05,200,161150
20240202,12:56:27,1.05,200,161150
20240202,12:56:28,1.05,200,161150
20240202,12:56:29,1.05,50,161150
20240202,12:56:30,1.05,50,161150
20240202,12:56:31,1.05,50,161150
20240202,12:56:32,1.05,50,161150
20240202,12:56:33,1.05,200,161150
20240202,12:56:34,1.05,200,161150
20240202,12:56:35,1.05,200,161150
20240202,12:56:36,1.05,200,161150
20240202,12:56:37,1.05,50,161150
20240202,12:56:38,1.05,100,161150
20240202,12:56:39,1.05,50,161150
20240202,12:56:40,1.05,100,161150
20240202,12:56:41,1.05,50,161150
20240202,12:56:42,1.05,50,162750
20240202,12:56:43,1.05,50,162750
20240202,12:56:44,1.05,50,162750
20240202,12:56:45,1.05,50,162750
20240202,12:56:46,1.05,50,162750
20240202,12:56:47,1.05,50,162750
20240202,12:56:48,1.05,50,162750
20240202,12:56:49,1.05,50,162750
20240202,12:56:50,1.05,50,162750
20240202,12:56:51,1.05,50,162750
20240202,12:56:52,1.05,50,162750
20240202,12:56:56,1.05,50,162750
20240202,12:56:57,1.05,50,162750
20240202,12:56:59,1.05,50,162750
20240202,12:57:00,1.0,300,162750
20240202,12:57:21,1.0,200,162750
20240202,12:57:33,1.05,50,162750
20240202,12:57:35,1.05,1500,162750
20240202,12:57:37,1.05,500,162750
20240202,12:58:09,1.0,250,162750
20240202,12:58:13,1.05,100,162750
20240202,12:59:17,1.0,250,162750
20240202,12:59:29,1.0,50,162750
20240202,12:59:30,1.0,50,162750
20240202,12:59:31,1.0,50,162750
20240202,12:59:32,1.0,50,162750
20240202,12:59:33,1.0,50,162750
20240202,12:59:34,1.0,50,162750
20240202,12:59:35,1.0,50,162750
20240202,12:59:36,1.0,50,162750
20240202,12:59:37,1.0,50,162750
20240202,12:59:38,1.0,50,162750
20240202,12:59:39,1.0,50,162750
20240202,12:59:40,1.0,200,162750
20240202,12:59:41,1.0,200,162750
20240202,12:59:42,1.0,50,162750
20240202,12:59:43,1.0,50,162350
20240202,12:59:44,1.0,50,162350
20240202,12:59:45,1.0,50,162350
20240202,12:59:46,1.0,50,162350
20240202,12:59:47,1.0,50,162350
20240202,12:59:48,1.0,50,162350
20240202,12:59:49,1.0,50,162350
20240202,12:59:50,1.0,50,162350
20240202,12:59:51,1.0,50,162350
20240202,12:59:52,1.05,100,162350
20240202,12:59:53,1.0,50,162350
20240202,12:59:54,1.0,50,162350
20240202,12:59:55,1.0,50,162350
20240202,12:59:56,1.0,50,162350
20240202,12:59:57,1.05,100,162350
20240202,12:59:58,1.0,50,162350
20240202,12:59:59,1.0,50,162350
20240202,13:00:00,1.0,550,162350
20240202,13:00:01,1.0,50,162350
20240202,13:00:02,1.0,200,162350
20240202,13:00:03,1.0,200,162350
20240202,13:00:04,1.0,200,162350
20240202,13:00:05,1.0,50,162350
20240202,13:00:06,1.0,50,162350
20240202,13:00:07,1.0,50,162350
20240202,13:00:08,1.0,4300,162350
20240202,13:00:09,1.0,200,162350
20240202,13:00:10,1.0,1200,162350
20240202,13:00:11,1.0,50,162350
20240202,13:00:12,1.0,50,162350
20240202,13:00:13,1.0,200,162350
20240202,13:00:14,1.0,200,162350
20240202,13:00:15,1.0,50,162350
20240202,13:00:16,1.0,50,162350
20240202,13:00:17,1.0,50,162350
20240202,13:00:18,1.0,50,162350
20240202,13:00:19,1.0,50,162350
20240202,13:00:20,1.0,50,162350
20240202,13:00:21,1.0,200,162350
20240202,13:00:22,1.0,200,162350
20240202,13:00:23,1.0,200,162350
20240202,13:00:24,1.0,200,162350
20240202,13:00:25,1.0,50,162350
20240202,13:00:26,1.0,50,162350
20240202,13:00:27,1.0,550,162350
20240202,13:00:28,1.0,11400,162350
20240202,13:00:29,0.95,200,162350
20240202,13:00:30,0.95,200,162350
20240202,13:00:31,0.95,200,162350
20240202,13:00:42,1.0,50,162350
20240202,13:00:46,1.0,50,162350
20240202,13:01:09,0.95,1000,162350
20240202,13:01:16,1.0,50,162350
20240202,13:01:23,0.95,500,162350
20240202,13:01:46,0.95,500,162350
20240202,13:02:05,0.95,50,162350
20240202,13:02:07,0.95,500,162350
20240202,13:02:20,0.95,500,162350
20240202,13:02:46,0.95,500,162350
20240202,13:03:11,0.95,500,155600
20240202,13:03:32,0.95,500,155600
20240202,13:03:43,1.0,300,155600
20240202,13:04:22,0.95,500,155600
20240202,13:04:49,0.95,1000,155600
20240202,13:05:15,0.95,50,155600
20240202,13:06:48,1.0,250,155600
20240202,13:07:36,0.95,50,156850
20240202,13:07:46,0.95,50,156850
20240202,13:08:14,0.95,1800,156850
20240202,13:09:24,0.95,100,155400
20240202,13:10:41,0.95,50,155400
20240202,13:11:22,1.0,500,155400
20240202,13:11:39,0.95,450,155400
20240202,13:12:02,1.0,250,155400
20240202,13:12:42,1.0,50,155450
20240202,13:13:52,1.0,500,155450
20240202,13:14:07,1.0,900,155450
20240202,13:14:10,1.0,1950,155450
20240202,13:14:21,0.95,50,155450
20240202,13:14:22,0.95,50,155450
20240202,13:14:23,0.95,50,155450
20240202,13:14:24,0.95,50,155450
20240202,13:14:25,0.95,50,155450
20240202,13:14:26,0.95,50,155450
20240202,13:14:27,0.95,50,155450
20240202,13:14:28,0.95,50,155450
20240202,13:14:29,0.95,50,155450
20240202,13:14:43,0.95,50,155450
20240202,13:14:44,0.95,200,155250
20240202,13:14:45,0.95,200,155250
20240202,13:14:46,0.95,200,155250
20240202,13:14:59,0.95,50,155250
20240202,13:15:17,1.0,300,155250
20240202,13:15:20,1.0,1500,155250
20240202,13:15:22,1.0,50,155250
20240202,13:15:26,1.0,50,155250
20240202,13:15:28,1.0,50,155250
20240202,13:15:34,1.0,50,155250
20240202,13:15:35,1.0,50,155250
20240202,13:15:54,1.0,200,155250
20240202,13:15:58,1.0,50,155250
20240202,13:16:08,1.0,50,155250
20240202,13:16:09,1.0,50,155250
20240202,13:16:10,1.0,200,155250
20240202,13:16:11,1.0,200,155250
20240202,13:16:12,1.0,200,155250
20240202,13:16:13,1.0,200,155250
20240202,13:16:15,1.0,450,155250
20240202,13:16:16,1.0,200,155250
20240202,13:16:17,1.0,200,155250
20240202,13:16:18,1.0,200,155250
20240202,13:16:19,1.0,200,155250
20240202,13:16:20,1.0,200,155250
20240202,13:16:21,1.0,200,155250
20240202,13:16:22,1.0,1350,155250
20240202,13:16:23,1.0,200,155250
20240202,13:16:24,1.0,200,155250
20240202,13:16:25,1.0,200,155250
20240202,13:16:26,1.05,6300,155250
20240202,13:16:28,1.05,400,155250
20240202,13:16:29,1.05,200,155250
20240202,13:16:30,1.05,200,155250
20240202,13:16:31,1.05,50,155250
20240202,13:16:32,1.05,200,155250
20240202,13:16:33,1.05,200,155250
20240202,13:16:35,1.05,400,155250
20240202,13:16:36,1.05,200,155250
20240202,13:16:37,1.05,200,155250
20240202,13:16:38,1.05,200,155250
20240202,13:16:39,1.05,200,155250
20240202,13:16:40,1.05,200,155250
20240202,13:16:41,1.05,200,155250
20240202,13:16:42,1.05,200,155250
20240202,13:16:43,1.05,200,155250
20240202,13:16:44,1.05,1700,155250
20240202,13:16:45,1.05,450,155250
20240202,13:16:46,1.1,200,155250
20240202,13:16:48,1.1,400,155250
20240202,13:16:48,1.05,250,155250
20240202,13:16:50,1.1,400,155250
20240202,13:16:51,1.1,14400,155250
20240202,13:16:52,1.1,50,155250
20240202,13:16:53,1.1,50,155250
20240202,13:16:54,1.1,50,155250
20240202,13:16:55,1.1,50,155250
20240202,13:16:56,1.1,50,155250
20240202,13:16:57,1.1,200,155250
20240202,13:16:58,1.1,200,155250
20240202,13:16:59,1.1,200,155250
20240202,13:17:00,1.1,200,155250
20240202,13:17:01,1.1,200,155250
20240202,13:17:02,1.1,50,155250
20240202,13:17:03,1.1,50,155250
20240202,13:17:04,1.1,50,155250
20240202,13:17:05,1.1,200,155250
20240202,13:17:06,1.1,200,155250
20240202,13:17:07,1.1,200,155250
20240202,13:17:08,1.1,200,155250
20240202,13:17:09,1.1,200,155250
20240202,13:17:10,1.1,200,155250
20240202,13:17:11,1.1,200,155250
20240202,13:17:12,1.1,50,155250
20240202,13:17:13,1.1,50,155250
20240202,13:17:14,1.1,50,155250
20240202,13:17:16,1.1,100,155250
20240202,13:17:17,1.1,50,155250
20240202,13:17:18,1.1,50,155250
20240202,13:17:19,1.1,100,155250
20240202,13:17:20,1.1,50,155250
20240202,13:17:21,1.1,50,155250
20240202,13:17:22,1.1,200,155250
20240202,13:17:23,1.1,200,155250
20240202,13:17:24,1.1,50,155250
20240202,13:17:25,1.1,50,155250
20240202,13:17:26,1.1,50,155250
20240202,13:17:27,1.1,50,155250
20240202,13:17:28,1.1,50,155250
20240202,13:17:29,1.1,50,155250
20240202,13:17:30,1.1,50,155250
20240202,13:17:31,1.1,50,155250
20240202,13:17:32,1.1,50,155250
20240202,13:17:33,1.1,50,155250
20240202,13:17:34,1.1,50,155250
20240202,13:17:36,1.1,100,155250
20240202,13:17:37,1.1,50,155250
20240202,13:17:38,1.1,50,155250
20240202,13:17:39,1.1,50,155250
20240202,13:17:40,1.1,50,155250
20240202,13:17:40,1.1,1000,155250
20240202,13:17:41,1.1,50,155250
20240202,13:17:42,1.1,50,155250
20240202,13:17:43,1.1,50,155250
20240202,13:17:44,1.1,100,166750
20240202,13:17:45,1.05,100,166750
20240202,13:17:46,1.05,50,166750
20240202,13:17:54,1.1,50,166750
20240202,13:17:56,1.05,550,166750
20240202,13:17:57,1.1,550,166750
20240202,13:17:58,1.1,50,166750
20240202,13:18:00,1.1,100,166750
20240202,13:18:01,1.1,50,166750
20240202,13:18:02,1.1,50,166750
20240202,13:18:04,1.1,100,166750
20240202,13:18:05,1.1,50,166750
20240202,13:18:06,1.1,50,166750
20240202,13:18:07,1.1,50,166750
20240202,13:18:08,1.1,50,166750
20240202,13:18:09,1.1,50,166750
20240202,13:18:25,1.1,500,166750
20240202,13:18:30,1.1,50,166750
20240202,13:18:39,1.1,50,166750
20240202,13:18:46,1.05,450,166750
20240202,13:19:04,1.05,50,166750
20240202,13:19:13,1.05,500,166750
20240202,13:19:51,1.05,1000,166750
20240202,13:20:02,1.05,500,166750
20240202,13:20:03,1.05,11700,166750
20240202,13:20:18,1.05,50,166750
20240202,13:21:43,1.0,50,169950
20240202,13:21:57,1.05,50,169950
20240202,13:22:51,1.0,50,169950
20240202,13:23:24,1.0,1600,169950
20240202,13:24:01,1.0,500,169950
20240202,13:24:26,1.0,500,169950
20240202,13:24:50,1.0,1000,169950
20240202,13:25:11,1.0,1000,169950
20240202,13:25:29,1.05,1400,169950
20240202,13:25:31,1.05,50,169950
20240202,13:25:37,1.0,1000,169950
20240202,13:25:41,1.0,50,169950
20240202,13:25:49,1.05,100,169950
20240202,13:25:57,1.05,50,169950
20240202,13:26:03,1.0,50,169950
20240202,13:26:04,1.0,200,169950
20240202,13:26:05,1.0,200,169950
20240202,13:26:06,1.0,200,169950
20240202,13:26:08,1.0,50,169950
20240202,13:26:09,1.0,50,169950
20240202,13:26:29,1.05,50,169950
20240202,13:26:46,1.05,50,169950
20240202,13:26:47,1.05,50,169950
20240202,13:26:48,1.05,50,169950
20240202,13:26:49,1.05,50,169950
20240202,13:26:51,1.05,450,169950
20240202,13:26:52,1.05,200,169950
20240202,13:26:53,1.05,200,169950
20240202,13:26:54,1.05,200,169950
20240202,13:26:55,1.05,50,169950
20240202,13:26:56,1.05,50,169950
20240202,13:26:57,1.05,50,169950
20240202,13:26:58,1.05,50,169950
20240202,13:26:59,1.05,200,169950
20240202,13:27:00,1.05,200,169950
20240202,13:27:01,1.05,200,169950
20240202,13:27:02,1.05,2000,169950
20240202,13:27:08,1.05,50,169950
20240202,13:27:09,1.05,50,169950
20240202,13:27:10,1.05,50,169950
20240202,13:27:11,1.05,50,169950
20240202,13:27:12,1.05,50,169950
20240202,13:27:13,1.05,50,169950
20240202,13:27:14,1.05,50,169950
20240202,13:27:15,1.05,50,169950
20240202,13:27:16,1.05,50,169950
20240202,13:27:18,1.05,150,169950
20240202,13:27:19,1.05,50,169950
20240202,13:27:20,1.05,50,169950
20240202,13:27:21,1.05,50,169950
20240202,13:27:45,1.05,50,169950
20240202,13:28:27,1.05,100,169950
20240202,13:28:54,1.05,50,169950
20240202,13:29:07,1.0,50,169950
20240202,13:31:10,1.0,50,169950
20240202,13:31:11,1.0,50,171250
20240202,13:31:12,1.0,50,171250
20240202,13:31:13,1.0,50,171250
20240202,13:31:14,1.0,50,171250
20240202,13:31:15,1.0,50,171250
20240202,13:31:16,1.0,50,171250
20240202,13:31:17,1.0,50,171250
20240202,13:31:18,1.0,50,171250
20240202,13:31:19,1.0,50,171250
20240202,13:31:20,1.0,50,171250
20240202,13:31:21,1.0,50,171250
20240202,13:31:22,1.0,50,171250
20240202,13:31:23,1.0,50,171250
20240202,13:31:24,1.0,50,171250
20240202,13:31:25,1.0,50,171250
20240202,13:31:26,1.0,100,171250
20240202,13:31:27,1.0,50,171250
20240202,13:31:28,1.0,50,171250
20240202,13:31:29,1.0,50,171250
20240202,13:31:30,1.0,50,171250
20240202,13:31:31,1.0,50,171250
20240202,13:31:32,1.0,50,171250
20240202,13:31:33,1.0,50,171250
20240202,13:31:34,1.0,50,171250
20240202,13:31:35,1.0,50,171250
20240202,13:31:36,1.0,50,171250
20240202,13:31:37,1.0,50,171250
20240202,13:31:38,1.0,50,171250
20240202,13:31:39,1.0,50,171250
20240202,13:31:40,1.0,50,171250
20240202,13:31:41,1.0,50,171250
20240202,13:31:42,1.0,150,171250
20240202,13:31:43,1.0,50,171250
20240202,13:31:44,1.0,200,171250
20240202,13:31:45,1.0,200,171250
20240202,13:31:46,1.0,200,171250
20240202,13:31:47,1.0,200,171250
20240202,13:31:48,1.0,200,171250
20240202,13:31:49,1.0,200,171250
20240202,13:31:50,1.0,200,171250
20240202,13:31:51,1.0,200,171250
20240202,13:31:52,1.0,50,171250
20240202,13:31:53,1.0,50,171250
20240202,13:31:54,1.0,200,171250
20240202,13:31:55,1.0,200,171250
20240202,13:31:56,1.0,200,171250
20240202,13:31:57,1.0,200,171250
20240202,13:31:58,1.0,200,171250
20240202,13:31:59,1.0,200,171250
20240202,13:32:00,1.0,200,171250
20240202,13:32:01,1.0,200,171250
20240202,13:32:02,1.0,200,171250
20240202,13:32:03,1.0,200,171250
20240202,13:32:04,1.0,200,171250
20240202,13:32:05,1.0,50,171250
20240202,13:32:06,1.0,50,171250
20240202,13:32:07,1.0,50,171250
20240202,13:32:08,1.0,50,171250
20240202,13:32:09,1.0,50,171250
20240202,13:32:10,1.0,50,171250
20240202,13:32:11,1.0,200,171250
20240202,13:32:12,1.0,200,171250
20240202,13:32:13,1.0,200,171250
20240202,13:32:14,1.0,50,171250
20240202,13:32:15,1.0,50,171250
20240202,13:32:16,1.0,50,171250
20240202,13:32:17,1.0,50,171250
20240202,13:32:18,1.0,50,171250
20240202,13:32:19,1.0,50,171250
20240202,13:32:20,1.0,50,171250
20240202,13:32:21,1.0,50,171250
20240202,13:32:22,1.0,50,171250
20240202,13:32:23,1.0,50,171250
20240202,13:32:24,1.0,50,171250
20240202,13:32:25,1.0,50,171250
20240202,13:32:26,1.0,50,171250
20240202,13:32:27,1.0,50,171250
20240202,13:32:57,1.0,1600,166650
20240202,13:33:16,1.05,50,166650
20240202,13:33:38,1.05,50,166650
20240202,13:33:55,1.05,50,166650
20240202,13:33:59,1.05,50,166650
20240202,13:34:51,1.05,50,166650
20240202,13:34:52,1.05,50,166650
20240202,13:34:53,1.05,50,166650
20240202,13:34:54,1.05,50,166650
20240202,13:34:55,1.05,50,166650
20240202,13:34:56,1.05,50,166650
20240202,13:34:57,1.05,50,166650
20240202,13:34:58,1.05,50,166650
20240202,13:34:59,1.05,50,166650
20240202,13:35:00,1.05,150,166650
20240202,13:35:01,1.05,50,166650
20240202,13:35:02,1.05,50,166650
20240202,13:35:03,1.05,50,166650
20240202,13:35:04,1.05,50,166650
20240202,13:35:05,1.05,50,166650
20240202,13:35:06,1.05,50,166650
20240202,13:35:07,1.05,50,166650
20240202,13:35:08,1.05,50,166650
20240202,13:35:09,1.05,50,166650
20240202,13:35:10,1.05,50,166650
20240202,13:35:11,1.05,50,166650
20240202,13:35:12,1.05,50,166650
20240202,13:35:18,1.05,50,166650
20240202,13:35:23,1.05,50,166650
20240202,13:35:24,1.05,50,166650
