date,time,tick_price,volume,open_interest
20240207,10:08:47,3.05,150,150
20240207,10:26:24,3.05,150,150
20240207,10:48:12,3.05,250,300
20240207,12:32:26,3.05,150,550
20240207,12:33:15,3.05,150,550
20240207,12:42:51,3.05,250,850
20240207,13:35:08,3.05,50,1100
20240207,13:45:18,2.9,50,1150
20240207,13:45:33,2.9,50,1150
20240207,13:45:39,2.9,50,1150
20240207,13:45:56,2.9,50,1150
20240207,13:46:12,2.95,100,1150
20240207,13:46:53,2.95,100,1150
20240207,13:47:03,2.95,50,1150
20240207,14:03:25,2.9,50,1150
20240207,14:33:50,2.6,200,1150
20240207,14:47:50,2.55,100,1200
20240207,14:49:21,2.55,200,1200
20240207,14:49:36,2.55,200,1200
20240207,14:49:58,2.5,100,1200
20240207,14:50:18,2.5,250,1200
20240207,14:50:27,2.45,100,1450
20240207,14:51:18,2.45,250,1450
20240207,15:08:40,2.4,50,1700
20240207,15:08:48,2.4,100,1700
20240207,15:25:44,2.25,50,1750
20240207,15:28:33,2.15,50,1750
20240207,15:29:50,2.15,50,1750
20240207,15:29:59,2.4,100,1750
20240208,09:17:08,2.4,1,1650
20240208,09:17:08,2.4,200,1650
20240208,09:25:20,1.6,700,1750
20240208,09:25:30,1.95,250,1750
20240208,09:25:40,1.95,100,1750
20240208,09:28:28,2.1,1000,2400
20240208,09:35:15,2.05,50,2550
20240208,09:35:51,2.05,100,2550
20240208,09:36:18,2.05,50,2550
20240208,09:36:35,2.05,50,2550
20240208,09:36:55,2.05,100,2550
20240208,09:37:04,2.05,50,2550
20240208,09:37:22,2.05,100,2550
20240208,09:38:50,2.1,50,3050
20240208,09:40:21,2.1,500,3050
20240208,09:46:37,2.1,50,3000
20240208,09:47:08,2.1,50,3000
20240208,09:47:18,2.0,150,3000
20240208,09:47:27,2.0,50,3000
20240208,09:47:37,2.0,100,3000
20240208,09:47:46,2.0,100,3000
20240208,09:48:05,2.0,50,3000
20240208,09:49:43,2.05,50,3000
20240208,09:50:41,1.95,50,2700
20240208,09:52:11,2.0,100,2700
20240208,09:52:41,2.0,50,2700
20240208,09:53:18,2.0,200,2550
20240208,09:54:41,2.0,50,2550
20240208,09:55:12,1.75,50,2550
20240208,10:05:58,2.1,300,2750
20240208,10:08:27,2.0,300,3050
20240208,10:08:34,1.95,50,3050
20240208,10:08:44,1.95,250,3050
20240208,10:09:02,1.95,50,3050
20240208,10:09:12,1.95,50,3050
20240208,10:09:24,1.9,100,3050
20240208,10:11:49,1.95,150,3050
20240208,10:11:58,1.95,100,3350
20240208,10:12:22,1.95,100,3350
20240208,10:13:42,1.9,50,3350
20240208,10:13:51,1.9,50,3350
20240208,10:14:35,1.9,50,3700
20240208,10:15:26,1.95,50,3700
20240208,10:15:36,1.95,150,3700
20240208,10:15:46,1.95,150,3700
20240208,10:15:57,1.95,150,3700
20240208,10:16:07,2.05,200,3700
20240208,10:18:55,1.9,100,4000
20240208,10:24:17,1.9,50,4000
20240208,10:24:33,1.9,50,4000
20240208,10:26:58,1.8,50,4050
20240208,10:27:07,1.9,100,4050
20240208,10:27:17,1.85,50,4050
20240208,10:31:58,1.75,50,4250
20240208,10:32:22,1.75,50,4250
20240208,10:41:26,1.9,50,4350
20240208,10:42:17,1.9,50,4350
20240208,10:44:32,2.45,200,4350
20240208,10:50:25,1.95,50,4250
20240208,10:52:00,1.95,150,4250
20240208,10:52:23,1.95,100,4250
20240208,10:57:29,1.85,100,4400
20240208,10:57:39,1.9,100,4400
20240208,10:59:50,1.9,50,4200
20240208,11:06:56,1.9,100,4150
20240208,11:07:16,2.15,300,4150
20240208,11:07:36,2.15,50,4150
20240208,11:07:46,2.15,50,4150
20240208,11:08:35,2.05,50,4000
20240208,11:09:50,2.3,100,4000
20240208,11:11:11,6.55,200,4000
20240208,11:11:21,6.55,250,4000
20240208,11:12:44,1.6,200,4000
20240208,11:16:02,2.05,200,4000
20240208,11:17:36,2.3,50,4000
20240208,11:18:16,1.85,300,4000
20240208,11:21:18,2.3,50,4000
20240208,11:21:27,2.25,50,4000
20240208,11:27:02,2.5,50,4000
20240208,11:32:26,2.5,500,4000
20240208,11:42:31,2.1,50,4400
20240208,11:43:00,2.15,550,4400
20240208,11:43:08,2.2,50,4400
20240208,11:43:24,2.1,50,4400
20240208,11:43:47,2.05,50,4400
20240208,11:44:24,2.0,100,4400
20240208,11:52:26,2.0,50,4500
20240208,11:53:06,2.0,50,4500
20240208,11:53:55,2.0,150,4500
20240208,11:54:04,2.0,400,4500
20240208,11:54:14,2.0,100,4500
20240208,11:54:23,2.0,100,4500
20240208,11:54:54,2.05,100,4500
20240208,11:55:02,2.05,100,4500
20240208,11:55:50,2.05,50,4500
20240208,11:57:44,2.0,50,4800
20240208,11:58:47,2.05,50,4800
20240208,12:01:29,2.1,50,4800
20240208,12:04:32,2.0,50,4800
20240208,12:06:44,2.0,50,4800
20240208,12:08:56,2.0,700,4800
20240208,12:12:09,2.0,100,5500
20240208,12:12:57,2.0,50,5500
20240208,12:15:33,2.0,50,5500
20240208,12:15:38,2.0,50,5500
20240208,12:16:57,2.0,50,5500
20240208,12:20:13,2.0,50,5650
20240208,12:27:37,1.95,350,5700
20240208,12:28:11,1.95,100,5700
20240208,12:59:29,1.9,200,5700
20240208,12:59:57,1.9,50,5700
20240208,13:00:02,1.9,100,5700
20240208,13:00:09,1.9,50,5700
20240208,13:00:21,1.9,50,5700
20240208,13:00:39,1.9,50,5700
20240208,13:01:46,1.9,50,5700
20240208,13:01:52,1.9,250,5700
20240208,13:04:00,1.9,100,5800
20240208,13:09:21,1.95,50,5850
20240208,13:12:24,1.95,100,5900
20240208,13:12:27,1.95,50,5900
20240208,13:12:31,1.95,100,5900
20240208,13:13:09,2.0,150,5900
20240208,13:13:19,1.95,50,5900
20240208,13:15:09,1.95,50,6050
20240208,13:16:37,1.85,100,6050
20240208,13:16:41,1.85,150,6050
20240208,13:16:50,1.85,50,6050
20240208,13:20:09,2.0,100,6000
20240208,13:21:27,1.95,50,6000
20240208,13:21:32,1.9,2000,6000
20240208,13:21:52,2.0,200,6000
20240208,13:21:56,2.05,1100,6000
20240208,13:23:33,1.95,200,6900
20240208,13:25:02,2.0,50,6900
20240208,13:28:03,1.95,100,6850
20240208,13:28:16,1.9,100,6850
20240208,13:31:35,1.95,300,6950
20240208,13:32:06,2.0,3950,6950
20240208,13:32:29,2.0,2300,10650
20240208,13:32:51,2.05,2050,10650
20240208,13:33:00,2.05,200,10650
20240208,13:33:59,2.0,50,10650
20240208,13:34:10,2.0,250,10650
20240208,13:34:14,2.0,200,10650
20240208,13:34:39,2.0,50,10650
20240208,13:34:54,2.0,200,10650
20240208,13:35:23,2.0,500,13650
20240208,13:36:05,2.05,100,13650
20240208,13:39:51,2.0,1300,13650
20240208,13:41:29,2.05,50,14950
20240208,13:41:34,2.05,50,14950
20240208,13:41:38,2.05,150,14950
20240208,13:42:32,2.05,150,14950
20240208,13:44:53,2.0,250,15000
20240208,13:45:45,1.65,2100,15000
20240208,13:45:53,2.1,50,15000
20240208,13:45:57,2.15,300,15000
20240208,13:47:43,2.15,950,14050
20240208,13:47:49,2.15,450,14050
20240208,13:47:54,2.15,50,14050
20240208,13:48:11,2.15,50,14050
20240208,13:48:21,2.2,250,14050
20240208,13:50:07,2.2,50,14050
20240208,13:50:21,2.15,250,14050
20240208,13:50:25,2.25,1000,14050
20240208,13:50:47,2.2,50,15150
20240208,13:52:53,2.25,2050,15150
20240208,13:53:00,2.2,1000,15150
20240208,13:54:07,2.2,100,17050
20240208,13:57:02,2.1,50,17050
20240208,14:00:23,2.15,250,17050
20240208,14:00:27,2.1,100,17050
20240208,14:01:13,2.15,250,17050
20240208,14:03:21,2.2,150,17050
20240208,14:03:28,2.2,50,17050
20240208,14:03:45,2.25,750,17050
20240208,14:04:56,2.15,200,17050
20240208,14:05:05,2.2,350,17050
20240208,14:05:20,2.25,250,17050
20240208,14:05:50,2.2,300,17500
20240208,14:06:12,2.2,100,17500
20240208,14:06:19,2.2,50,17500
20240208,14:06:39,2.2,300,17500
20240208,14:06:46,2.15,50,17500
20240208,14:07:12,2.2,800,17500
20240208,14:07:26,2.25,100,17500
20240208,14:07:46,2.2,100,17500
20240208,14:07:53,2.2,150,17500
20240208,14:08:19,2.2,100,17500
20240208,14:08:25,2.25,1350,17500
20240208,14:10:31,2.25,100,19000
20240208,14:10:44,2.25,100,19000
20240208,14:11:11,2.2,150,19000
20240208,14:11:17,2.2,300,19000
20240208,14:11:23,2.25,100,19000
20240208,14:12:06,2.25,150,18900
20240208,14:12:12,2.3,250,18900
20240208,14:12:18,2.35,150,18900
20240208,14:12:30,2.3,900,18900
20240208,14:12:37,2.35,50,18900
20240208,14:13:01,2.35,50,18900
20240208,14:13:53,2.4,500,18900
20240208,14:14:35,2.35,100,19600
20240208,14:14:51,2.4,50,19600
20240208,14:15:17,2.45,750,19600
20240208,14:15:43,2.55,100,19600
20240208,14:15:51,2.6,600,19600
20240208,14:16:07,2.6,50,19600
20240208,14:16:47,2.6,100,19600
20240208,14:16:56,2.6,450,19600
20240208,14:17:12,2.5,200,19600
20240208,14:17:36,2.6,450,20100
20240208,14:18:16,2.55,50,20100
20240208,14:18:55,2.5,800,20100
20240208,14:19:10,2.6,200,20100
20240208,14:19:52,2.5,100,20100
20240208,14:19:59,2.55,50,20100
20240208,14:20:05,2.5,1500,20100
20240208,14:20:12,2.5,800,20100
20240208,14:20:40,2.45,50,21350
20240208,14:21:16,2.4,1800,21350
20240208,14:21:30,2.5,1600,21350
20240208,14:21:50,2.45,550,21350
20240208,14:21:56,2.4,100,21350
20240208,14:22:17,2.45,200,21350
20240208,14:23:14,2.5,250,21350
20240208,14:23:21,2.55,500,21350
20240208,14:24:10,2.55,550,19850
20240208,14:24:18,2.55,1100,19850
20240208,14:24:51,2.5,1000,19850
20240208,14:25:33,2.5,1000,19850
20240208,14:27:26,2.5,50,20800
20240208,14:28:00,2.55,1100,20800
20240208,14:28:08,2.5,200,20800
20240208,14:29:03,2.5,400,20800
20240208,14:29:40,2.5,1100,21150
20240208,14:30:56,2.65,2800,21150
20240208,14:31:05,2.65,1050,21150
20240208,14:31:21,2.65,300,21150
20240208,14:31:30,2.75,1800,21150
20240208,14:31:38,2.7,100,21150
20240208,14:31:57,2.75,50,21150
20240208,14:32:05,2.65,300,21150
20240208,14:32:22,2.75,1300,21150
20240208,14:32:31,2.75,600,21150
20240208,14:32:39,2.75,550,25350
20240208,14:32:54,2.75,650,25350
20240208,14:34:11,2.7,100,25350
20240208,14:35:25,2.8,100,25350
20240208,14:35:33,2.8,50,25700
20240208,14:35:41,2.85,100,25700
20240208,14:35:57,2.85,100,25700
20240208,14:36:22,2.85,50,25700
20240208,14:36:30,2.9,100,25700
20240208,14:37:06,2.9,200,25700
20240208,14:37:16,2.85,150,25700
20240208,14:37:24,2.85,850,25700
20240208,14:37:33,2.85,400,25700
20240208,14:38:08,2.85,200,25700
20240208,14:38:17,2.85,650,25700
20240208,14:38:25,2.75,500,25700
20240208,14:38:34,2.85,100,25700
20240208,14:39:00,2.8,300,26300
20240208,14:39:10,2.8,50,26300
20240208,14:39:36,2.75,50,26300
20240208,14:40:26,2.85,200,26300
20240208,14:40:35,2.85,50,26300
20240208,14:40:43,2.9,700,26300
20240208,14:40:51,2.9,100,26300
20240208,14:41:08,2.9,50,26300
20240208,14:41:43,2.8,150,25500
20240208,14:42:43,2.75,100,25500
20240208,14:43:24,2.65,50,25500
20240208,14:43:32,2.75,100,25500
20240208,14:45:26,2.7,200,25550
20240208,14:45:49,2.75,50,25550
20240208,14:48:15,2.65,100,25500
20240208,14:50:18,2.65,150,25500
20240208,14:50:49,2.65,50,25400
20240208,14:51:34,2.65,50,25400
20240208,14:51:42,2.65,50,25400
20240208,14:54:20,2.75,150,25500
20240208,14:54:27,2.75,100,25500
20240208,14:54:57,2.75,250,25500
20240208,14:56:00,2.85,350,25500
20240208,14:56:32,2.65,1050,25500
20240208,14:56:41,2.75,1050,26000
20240208,14:57:15,2.8,150,26000
20240208,14:57:23,2.8,300,26000
20240208,14:58:02,2.8,400,26000
20240208,14:58:10,2.8,50,26000
20240208,14:58:18,2.8,50,26000
20240208,14:58:26,2.8,50,26000
20240208,14:59:04,2.8,150,26000
20240208,14:59:39,2.9,200,26000
20240208,15:00:06,2.9,50,26100
20240208,15:00:15,2.95,300,26100
20240208,15:00:23,2.8,200,26100
20240208,15:01:09,2.85,50,26100
20240208,15:01:35,2.9,50,26100
20240208,15:01:44,2.85,200,26100
20240208,15:01:54,2.9,1950,26100
20240208,15:02:24,3.0,600,26100
20240208,15:02:53,3.05,1750,26350
20240208,15:03:13,3.05,650,26350
20240208,15:03:22,3.05,550,26350
20240208,15:04:19,3.05,350,26350
20240208,15:04:54,2.95,100,26350
20240208,15:05:04,2.8,50,26350
20240208,15:05:14,2.75,300,26350
20240208,15:06:16,2.7,150,27400
20240208,15:06:25,2.7,50,27400
20240208,15:06:42,2.7,50,27400
20240208,15:07:08,2.7,150,27400
20240208,15:07:18,2.7,50,27400
20240208,15:07:36,2.7,100,27400
20240208,15:08:03,2.8,50,27400
20240208,15:08:37,2.65,50,27400
20240208,15:08:46,2.65,50,27300
20240208,15:09:12,2.65,50,27300
20240208,15:09:21,2.65,100,27300
20240208,15:09:40,2.65,350,27300
20240208,15:09:49,2.65,400,27300
20240208,15:09:58,2.65,100,27300
20240208,15:10:24,2.8,1050,27300
20240208,15:11:16,2.8,50,27300
20240208,15:11:41,2.8,450,27750
20240208,15:12:06,2.7,100,27750
20240208,15:12:14,2.7,100,27750
20240208,15:12:38,2.7,600,27750
20240208,15:12:47,2.6,450,27750
20240208,15:12:54,2.6,1050,27750
20240208,15:13:02,2.55,2900,27750
20240208,15:13:11,2.55,350,27750
20240208,15:13:35,2.55,1300,27750
20240208,15:13:43,2.5,2550,27750
20240208,15:13:51,2.5,1000,27750
20240208,15:14:07,2.55,50,27750
20240208,15:14:16,2.5,100,27750
20240208,15:14:24,2.5,550,27750
20240208,15:14:41,2.55,250,33750
20240208,15:15:07,2.5,400,33750
20240208,15:15:16,2.55,250,33750
20240208,15:15:25,2.55,250,33750
20240208,15:15:49,2.55,600,33750
20240208,15:16:14,2.55,550,33750
20240208,15:16:22,2.55,250,33750
20240208,15:16:30,2.55,250,33750
20240208,15:16:45,2.5,1800,33750
20240208,15:16:53,2.5,1800,33750
20240208,15:17:01,2.55,250,33750
20240208,15:17:48,2.55,600,36550
20240208,15:19:13,2.55,150,36550
20240208,15:19:29,2.55,1750,36550
20240208,15:19:53,2.55,1500,36550
20240208,15:20:11,2.55,100,36550
20240208,15:20:19,2.55,400,36550
20240208,15:20:36,2.55,250,36550
20240208,15:20:44,2.55,50,36550
20240208,15:21:00,2.5,550,37650
20240208,15:21:08,2.5,4500,37650
20240208,15:21:16,2.45,5850,37650
20240208,15:21:24,2.45,50,37650
20240208,15:21:48,2.45,250,37650
20240208,15:22:13,2.5,300,37650
20240208,15:22:21,2.45,50,37650
20240208,15:22:29,2.45,50,37650
20240208,15:23:11,2.4,50,37650
20240208,15:23:26,2.35,400,37650
20240208,15:23:41,2.4,50,37650
20240208,15:23:48,2.35,50,43900
20240208,15:23:56,2.4,50,43900
20240208,15:24:03,2.4,300,43900
20240208,15:24:41,2.35,350,43900
20240208,15:24:48,2.35,550,43900
20240208,15:24:55,2.3,450,43900
20240208,15:25:03,2.4,1200,43900
20240208,15:25:53,2.3,100,43900
20240208,15:26:09,2.35,50,43900
20240208,15:26:34,2.3,300,43900
20240208,15:26:59,2.35,1200,43400
20240208,15:27:07,2.3,100,43400
20240208,15:27:34,2.3,200,43400
20240208,15:27:43,2.25,600,43400
20240208,15:27:53,2.35,150,43400
20240208,15:28:20,2.2,500,43400
20240208,15:28:30,2.3,50,43400
20240208,15:28:39,2.3,100,43400
20240208,15:28:47,2.35,600,43400
20240208,15:28:56,2.35,200,43400
20240208,15:29:05,2.4,100,43400
20240208,15:29:13,2.35,200,43400
20240208,15:29:31,2.3,900,43400
20240208,15:29:49,2.4,50,42100
20240209,09:15:02,2.55,1,42100
20240209,09:15:02,2.55,300,42100
20240209,09:15:03,2.55,100,42100
20240209,09:15:05,2.65,300,42100
20240209,09:15:06,2.65,550,42100
20240209,09:15:06,2.3,550,42100
20240209,09:15:07,2.5,500,42100
20240209,09:15:08,2.4,150,42100
20240209,09:15:09,2.55,400,42100
20240209,09:15:10,2.55,300,42100
20240209,09:15:11,2.6,100,42100
20240209,09:15:14,2.6,100,42100
20240209,09:15:15,2.55,800,42100
20240209,09:15:17,2.35,700,42100
20240209,09:15:18,2.45,350,42100
20240209,09:15:19,2.55,150,42100
20240209,09:15:22,2.5,1500,42100
20240209,09:15:22,2.55,50,42100
20240209,09:15:24,2.5,300,42100
20240209,09:15:26,2.5,300,42100
20240209,09:15:27,2.5,50,42100
20240209,09:15:32,2.45,50,42100
20240209,09:15:33,2.4,500,42100
20240209,09:15:37,2.25,500,42100
20240209,09:15:38,2.25,450,42100
20240209,09:15:39,2.25,50,42100
20240209,09:15:42,2.25,100,42100
20240209,09:15:44,2.3,100,42100
20240209,09:15:46,2.3,250,42100
20240209,09:16:00,2.25,1950,42100
20240209,09:16:02,2.25,400,42100
20240209,09:16:08,2.25,250,42100
20240209,09:16:13,2.25,2450,42100
20240209,09:16:14,2.25,150,42100
20240209,09:16:19,2.3,1050,46700
20240209,09:16:22,2.3,100,46700
20240209,09:16:29,2.3,200,46700
20240209,09:16:32,2.3,3400,46700
20240209,09:16:58,2.25,50,46700
20240209,09:17:00,2.25,1050,46700
20240209,09:17:01,2.25,350,46700
20240209,09:17:02,2.3,50,46700
20240209,09:17:10,2.3,100,46700
20240209,09:17:12,2.3,200,46700
20240209,09:17:14,2.35,550,46700
20240209,09:17:15,2.3,100,46700
20240209,09:17:16,2.3,200,46700
20240209,09:17:17,2.3,200,46700
20240209,09:17:26,2.3,50,46700
20240209,09:17:27,2.35,200,46700
20240209,09:17:28,2.35,50,46700
20240209,09:17:30,2.35,500,46700
20240209,09:17:33,2.4,150,46700
20240209,09:17:37,2.45,650,46700
20240209,09:17:44,2.5,100,46700
20240209,09:17:48,2.45,50,46700
20240209,09:17:50,2.5,550,46700
20240209,09:17:52,2.5,50,46700
20240209,09:17:53,2.5,1550,46700
20240209,09:17:54,2.55,2450,46700
20240209,09:18:04,2.6,50,46700
20240209,09:18:09,2.5,200,46700
20240209,09:18:11,2.5,250,46700
20240209,09:18:12,2.5,200,46700
20240209,09:18:15,2.5,100,46700
20240209,09:18:17,2.5,50,46700
20240209,09:18:21,2.5,200,46700
20240209,09:18:29,2.45,50,46700
20240209,09:18:30,2.5,50,46700
20240209,09:18:36,2.45,300,46700
20240209,09:18:46,2.45,100,46700
20240209,09:18:51,2.4,100,46700
20240209,09:18:54,2.4,50,46700
20240209,09:18:55,2.4,450,46700
20240209,09:19:04,2.35,1350,46700
20240209,09:19:06,2.35,200,46700
20240209,09:19:07,2.35,450,46700
20240209,09:19:08,2.35,50,46700
20240209,09:19:20,2.3,50,48050
20240209,09:19:22,2.3,100,48050
20240209,09:19:25,2.3,300,48050
20240209,09:19:27,2.35,100,48050
20240209,09:19:29,2.35,200,48050
20240209,09:19:31,2.3,250,48050
20240209,09:19:52,2.3,150,48050
20240209,09:19:56,2.3,50,48050
20240209,09:19:57,2.3,100,48050
20240209,09:20:00,2.3,50,48050
20240209,09:20:06,2.25,1000,48050
20240209,09:20:16,2.25,250,48050
20240209,09:20:18,2.3,50,48050
20240209,09:20:24,2.25,150,48050
20240209,09:20:25,2.25,250,48050
20240209,09:20:27,2.25,700,48050
20240209,09:20:29,2.25,250,48050
20240209,09:20:30,2.3,50,48050
20240209,09:20:35,2.25,100,48050
20240209,09:20:42,2.25,150,48050
20240209,09:20:59,2.3,50,48050
20240209,09:21:06,2.3,50,48050
20240209,09:21:08,2.25,900,48050
20240209,09:21:11,2.3,1700,48050
20240209,09:21:13,2.3,1150,48050
20240209,09:21:14,2.3,200,48050
20240209,09:21:15,2.3,500,48050
20240209,09:21:26,2.3,50,48050
20240209,09:21:33,2.25,2000,48050
20240209,09:21:34,2.25,6800,48050
20240209,09:21:42,2.25,200,48050
20240209,09:21:47,2.25,50,48050
20240209,09:21:56,2.25,50,48050
20240209,09:21:58,2.3,50,48050
20240209,09:22:00,2.3,250,48050
20240209,09:22:27,2.25,3250,61200
20240209,09:22:38,2.25,7600,61200
20240209,09:22:41,2.25,2200,61200
20240209,09:22:48,2.25,200,61200
20240209,09:22:49,2.25,500,61200
20240209,09:22:51,2.25,12500,61200
20240209,09:22:52,2.2,1000,61200
20240209,09:23:13,2.2,50,61200
20240209,09:23:14,2.2,50,61200
20240209,09:23:24,2.15,8700,61200
20240209,09:23:30,2.15,300,61200
20240209,09:23:33,2.15,300,61200
20240209,09:23:40,2.15,500,61200
20240209,09:24:17,2.1,50,61200
20240209,09:24:18,2.1,900,61200
20240209,09:24:24,2.05,1800,61200
20240209,09:24:32,2.05,300,61200
20240209,09:24:47,2.1,50,61200
20240209,09:25:07,2.05,1750,61200
20240209,09:25:09,2.05,900,61200
20240209,09:25:14,2.05,800,61200
20240209,09:25:15,2.05,700,61200
20240209,09:25:18,2.05,50,61200
20240209,09:25:22,2.0,550,61200
20240209,09:25:26,2.0,100,86350
20240209,09:25:29,2.05,300,86350
20240209,09:25:32,2.0,800,86350
20240209,09:25:34,2.0,950,86350
20240209,09:25:49,2.0,250,86350
20240209,09:26:05,2.0,50,86350
20240209,09:26:11,2.0,700,86350
20240209,09:26:14,2.0,250,86350
20240209,09:26:18,2.0,50,86350
20240209,09:26:27,2.0,100,86350
20240209,09:26:29,2.0,100,86350
20240209,09:26:33,2.0,50,86350
20240209,09:26:37,2.0,250,86350
20240209,09:26:44,2.0,150,86350
20240209,09:26:45,2.0,250,86350
20240209,09:27:06,2.0,1050,86350
20240209,09:27:10,2.0,800,86350
20240209,09:27:13,2.0,100,86350
20240209,09:27:14,2.05,50,86350
20240209,09:27:15,2.05,50,86350
20240209,09:27:35,2.0,200,86350
20240209,09:27:43,2.0,1600,86350
20240209,09:27:55,2.0,200,86350
20240209,09:28:13,2.0,550,86350
20240209,09:28:21,2.0,600,88450
20240209,09:28:28,2.05,150,88450
20240209,09:28:35,2.05,50,88450
20240209,09:28:43,2.05,50,88450
20240209,09:28:44,2.0,50,88450
20240209,09:29:16,2.05,50,88450
20240209,09:29:20,2.0,300,88450
20240209,09:29:42,2.0,750,88450
20240209,09:29:49,2.0,100,88450
20240209,09:29:52,2.0,1050,88450
20240209,09:29:53,2.0,100,88450
20240209,09:29:54,2.0,50,88450
20240209,09:30:01,2.0,150,88450
20240209,09:30:03,1.95,3000,88450
20240209,09:30:13,1.95,1500,88450
20240209,09:30:18,1.95,50,88450
20240209,09:30:29,1.95,1000,88450
20240209,09:30:29,1.95,6400,88450
20240209,09:30:31,2.0,1100,88450
20240209,09:30:35,1.95,1000,88450
20240209,09:30:37,1.95,1000,88450
20240209,09:30:41,2.0,200,88450
20240209,09:30:50,1.95,1500,88450
20240209,09:31:02,1.95,2550,88450
20240209,09:31:05,1.95,350,88450
20240209,09:31:10,2.0,50,88450
20240209,09:31:12,1.95,350,88450
20240209,09:31:14,1.95,600,88450
20240209,09:31:15,1.95,2550,88450
20240209,09:31:15,1.9,50,88450
20240209,09:31:23,1.9,1250,89500
20240209,09:31:34,1.85,50,89500
20240209,09:31:52,1.85,350,89500
20240209,09:31:58,1.85,50,89500
20240209,09:32:00,1.85,50,89500
20240209,09:32:08,1.85,400,89500
20240209,09:32:23,1.85,50,89500
20240209,09:32:36,1.9,50,89500
20240209,09:33:14,1.85,50,89500
20240209,09:33:24,1.85,400,89500
20240209,09:33:33,1.85,50,89500
20240209,09:33:37,1.8,50,89500
20240209,09:33:38,1.8,1800,89500
20240209,09:33:44,1.8,50,89500
20240209,09:33:49,1.8,100,89500
20240209,09:34:03,1.85,1800,89500
20240209,09:34:15,1.85,2000,89500
20240209,09:34:15,1.85,1250,89500
20240209,09:34:16,1.9,2550,89500
20240209,09:34:24,1.9,300,93150
20240209,09:34:25,1.9,250,93150
20240209,09:34:25,1.9,650,93150
20240209,09:34:28,1.9,50,93150
20240209,09:34:33,1.9,700,93150
20240209,09:34:44,1.9,500,93150
20240209,09:35:01,1.9,50,93150
20240209,09:35:23,1.85,50,93150
20240209,09:35:24,1.85,50,93150
20240209,09:35:36,1.9,2000,93150
20240209,09:35:46,1.85,250,93150
20240209,09:36:05,1.9,100,93150
20240209,09:36:05,1.85,250,93150
20240209,09:37:03,1.9,50,93150
20240209,09:37:26,1.85,50,93150
20240209,09:37:50,1.9,50,92450
20240209,09:37:52,1.9,800,92450
20240209,09:38:08,1.95,100,92450
20240209,09:38:18,1.95,100,92450
20240209,09:38:20,1.9,100,92450
20240209,09:38:24,1.9,50,92450
20240209,09:38:34,1.95,1000,92450
20240209,09:38:37,1.95,100,92450
20240209,09:38:44,1.95,50,92450
20240209,09:38:47,1.95,3050,92450
20240209,09:38:58,1.95,350,92450
20240209,09:39:19,1.95,100,92450
20240209,09:39:28,1.95,2050,92450
20240209,09:39:39,2.0,100,92450
20240209,09:39:49,1.95,1000,92450
20240209,09:39:51,1.95,50,92450
20240209,09:39:55,1.95,100,92450
20240209,09:39:59,2.0,50,92450
20240209,09:40:00,2.0,50,92450
20240209,09:40:01,2.0,50,92450
20240209,09:40:02,2.0,50,92450
20240209,09:40:03,2.0,50,92450
20240209,09:40:04,2.0,50,92450
20240209,09:40:05,2.0,50,92450
20240209,09:40:06,2.0,100,92450
20240209,09:40:07,2.0,100,92450
20240209,09:40:08,1.95,150,92450
20240209,09:40:09,1.95,100,92450
20240209,09:40:10,2.0,100,92450
20240209,09:40:12,2.0,300,92450
20240209,09:40:13,2.0,150,92450
20240209,09:40:15,2.05,1100,92450
20240209,09:40:16,2.05,150,92450
20240209,09:40:17,2.05,400,92450
20240209,09:40:18,2.0,200,92450
20240209,09:40:19,2.0,2450,92450
20240209,09:40:20,2.05,2300,92450
20240209,09:40:21,2.0,1350,97350
20240209,09:40:22,2.0,450,97350
20240209,09:40:23,2.05,150,97350
20240209,09:40:24,2.0,250,97350
20240209,09:40:25,2.0,250,97350
20240209,09:40:26,2.05,150,97350
20240209,09:40:27,2.05,250,97350
20240209,09:40:28,2.05,200,97350
20240209,09:40:29,2.0,250,97350
20240209,09:40:30,2.0,250,97350
20240209,09:40:31,2.05,2600,97350
20240209,09:40:32,2.0,1300,97350
20240209,09:40:33,2.0,100,97350
20240209,09:40:34,2.05,50,97350
20240209,09:40:35,2.0,150,97350
20240209,09:40:36,2.05,50,97350
20240209,09:40:37,2.05,50,97350
20240209,09:40:38,2.05,50,97350
20240209,09:40:39,2.05,350,97350
20240209,09:40:40,2.0,200,97350
20240209,09:40:41,2.05,150,97350
20240209,09:40:42,2.0,150,97350
20240209,09:40:43,2.0,200,97350
20240209,09:40:44,2.05,50,97350
20240209,09:40:45,2.05,50,97350
20240209,09:40:46,2.0,200,97350
20240209,09:40:47,2.0,150,97350
20240209,09:40:48,2.05,100,97350
20240209,09:40:49,2.05,150,97350
20240209,09:40:54,2.05,50,97350
20240209,09:40:55,2.05,50,97350
20240209,09:40:56,2.05,50,97350
20240209,09:40:57,2.05,50,97350
20240209,09:40:58,2.05,50,97350
20240209,09:40:59,2.05,50,97350
20240209,09:41:02,2.05,50,97350
20240209,09:41:03,2.05,50,97350
20240209,09:41:04,2.05,50,97350
20240209,09:41:05,2.05,50,97350
20240209,09:41:06,2.05,50,97350
20240209,09:41:07,2.05,50,97350
20240209,09:41:08,2.05,50,97350
20240209,09:41:09,2.05,50,97350
20240209,09:41:10,2.05,50,97350
20240209,09:41:11,2.05,50,97350
20240209,09:41:12,2.05,50,97350
20240209,09:41:13,2.05,50,97350
20240209,09:41:14,2.05,50,97350
20240209,09:41:15,2.05,50,97350
20240209,09:41:16,2.05,450,97350
20240209,09:41:17,2.05,50,97350
20240209,09:41:18,2.05,50,97350
20240209,09:41:19,2.05,50,97350
20240209,09:41:20,2.05,50,97350
20240209,09:41:21,2.05,50,97350
20240209,09:41:22,2.05,50,97350
20240209,09:41:23,2.05,50,97350
20240209,09:41:24,2.05,50,97350
20240209,09:41:34,2.05,1150,97350
20240209,09:41:39,2.05,900,97350
20240209,09:41:40,2.0,300,97350
20240209,09:41:41,2.05,350,97350
20240209,09:41:46,2.1,1000,97350
20240209,09:41:59,2.1,50,97350
20240209,09:42:05,2.1,50,97350
20240209,09:42:08,2.05,150,97350
20240209,09:42:10,2.05,100,97350
20240209,09:42:13,2.05,100,97350
20240209,09:42:14,2.1,100,97350
20240209,09:42:15,2.05,400,97350
20240209,09:42:16,2.05,500,97350
20240209,09:42:18,2.05,200,97350
20240209,09:42:19,2.05,300,97350
20240209,09:42:26,2.05,100,97350
20240209,09:42:41,2.0,150,97350
20240209,09:42:42,2.0,150,97350
20240209,09:43:05,1.95,50,97350
20240209,09:43:10,2.05,2300,97350
20240209,09:43:11,2.05,1750,97350
20240209,09:43:12,2.05,1000,97350
20240209,09:43:14,2.05,50,97350
20240209,09:43:15,2.05,650,97350
20240209,09:43:26,2.0,100,109200
20240209,09:43:47,2.05,100,109200
20240209,09:43:48,2.05,2100,109200
20240209,09:43:49,2.05,200,109200
20240209,09:43:52,2.05,300,109200
20240209,09:44:20,2.0,350,109200
20240209,09:44:22,2.0,250,109200
20240209,09:44:22,2.05,350,109200
20240209,09:44:24,2.05,150,109200
20240209,09:44:41,2.0,1000,109200
20240209,09:44:44,2.0,300,109200
20240209,09:44:46,2.0,400,109200
20240209,09:44:47,1.95,50,109200
20240209,09:44:50,2.0,50,109200
20240209,09:45:00,2.0,100,109200
20240209,09:45:01,2.0,300,109200
20240209,09:45:03,2.0,100,109200
20240209,09:45:04,1.95,1300,109200
20240209,09:45:06,1.95,50,109200
20240209,09:45:07,1.95,200,109200
20240209,09:45:38,1.95,50,109200
20240209,09:45:39,1.95,50,109200
20240209,09:46:08,1.95,50,109200
20240209,09:46:09,1.95,100,109200
20240209,09:46:57,2.0,50,112450
20240209,09:47:00,2.0,50,112450
20240209,09:47:02,2.0,50,112450
20240209,09:47:03,2.0,50,112450
20240209,09:47:04,2.0,200,112450
20240209,09:47:05,2.0,200,112450
20240209,09:47:06,2.0,200,112450
20240209,09:47:09,2.0,50,112450
20240209,09:47:11,2.0,100,112450
20240209,09:47:12,2.0,750,112450
20240209,09:47:13,2.0,250,112450
20240209,09:47:14,2.0,200,112450
20240209,09:47:16,2.0,500,112450
20240209,09:47:17,2.0,300,112450
20240209,09:47:29,2.0,50,112450
20240209,09:47:39,2.0,200,112450
20240209,09:47:40,2.0,100,112450
20240209,09:48:10,2.0,250,112450
20240209,09:48:13,2.0,50,112450
20240209,09:48:13,2.0,100,112450
20240209,09:48:27,2.0,50,112450
20240209,09:48:58,2.0,50,112450
20240209,09:48:59,2.0,50,112450
20240209,09:49:00,2.0,100,112450
20240209,09:49:02,2.05,100,112450
20240209,09:49:03,2.05,50,112450
20240209,09:49:04,2.05,50,112450
20240209,09:49:05,2.05,50,112450
20240209,09:49:07,2.05,3300,112450
20240209,09:49:08,2.05,50,112450
20240209,09:49:09,2.05,50,112450
20240209,09:49:10,2.1,200,112450
20240209,09:49:11,2.05,500,112450
20240209,09:49:12,2.05,50,112450
20240209,09:49:14,2.05,150,112450
20240209,09:49:15,2.05,50,112450
20240209,09:49:16,2.05,100,112450
20240209,09:49:17,2.05,50,112450
20240209,09:49:18,2.05,50,112450
20240209,09:49:19,2.05,50,112450
20240209,09:49:21,2.05,100,112450
20240209,09:49:22,2.05,50,112450
20240209,09:49:23,2.05,100,115000
20240209,09:49:24,2.05,50,115000
20240209,09:49:25,2.05,50,115000
20240209,09:49:26,2.05,50,115000
20240209,09:49:27,2.05,50,115000
20240209,09:49:28,2.05,50,115000
20240209,09:49:29,2.05,100,115000
20240209,09:49:30,2.05,50,115000
20240209,09:49:31,2.05,100,115000
20240209,09:49:32,2.05,50,115000
20240209,09:49:33,2.05,50,115000
20240209,09:49:54,2.05,50,115000
20240209,09:50:00,2.05,150,115000
20240209,09:50:03,2.05,50,115000
20240209,09:50:06,2.05,50,115000
20240209,09:50:07,2.05,50,115000
20240209,09:50:08,2.05,50,115000
20240209,09:50:09,2.05,700,115000
20240209,09:50:10,2.05,50,115000
20240209,09:50:11,2.05,50,115000
20240209,09:50:12,2.05,50,115000
20240209,09:50:13,2.05,50,115000
20240209,09:50:14,2.05,300,115000
20240209,09:50:15,2.05,50,115000
20240209,09:50:18,2.1,1400,115000
20240209,09:50:20,2.05,250,115000
20240209,09:50:24,2.05,150,115000
20240209,09:50:27,2.05,100,115000
20240209,09:51:00,2.1,300,115000
20240209,09:51:04,2.15,50,115000
20240209,09:51:05,2.15,50,115000
20240209,09:51:06,2.15,200,115000
20240209,09:51:07,2.15,200,115000
20240209,09:51:08,2.15,200,115000
20240209,09:51:09,2.15,200,115000
20240209,09:51:10,2.15,200,115000
20240209,09:51:11,2.15,200,115000
20240209,09:51:12,2.15,200,115000
20240209,09:51:13,2.15,200,115000
20240209,09:51:14,2.15,200,115000
20240209,09:51:15,2.15,200,115000
20240209,09:51:21,2.15,150,115000
20240209,09:51:22,2.15,200,115000
20240209,09:51:34,2.15,300,115000
20240209,09:51:39,2.15,700,115000
20240209,09:51:42,2.2,250,115000
20240209,09:51:47,2.25,300,115000
20240209,09:51:50,2.25,50,115000
20240209,09:51:52,2.25,3100,115000
20240209,09:51:55,2.15,50,115000
20240209,09:52:03,2.2,100,115000
20240209,09:52:04,2.2,1000,115000
20240209,09:52:07,2.2,50,115000
20240209,09:52:08,2.2,2700,115000
20240209,09:52:17,2.2,650,115000
20240209,09:52:19,2.2,700,115000
20240209,09:52:36,2.2,5550,115000
20240209,09:52:37,2.25,100,120600
20240209,09:52:38,2.2,100,120600
20240209,09:52:39,2.2,550,120600
20240209,09:52:42,2.2,450,120600
20240209,09:52:44,2.25,200,120600
20240209,09:52:45,2.25,800,120600
20240209,09:52:55,2.2,750,120600
20240209,09:52:56,2.15,50,120600
20240209,09:52:57,2.15,50,120600
20240209,09:52:58,2.15,50,120600
20240209,09:52:59,2.15,50,120600
20240209,09:53:00,2.15,50,120600
20240209,09:53:01,2.15,50,120600
20240209,09:53:02,2.15,500,120600
20240209,09:53:03,2.15,200,120600
20240209,09:53:04,2.15,1950,120600
20240209,09:53:05,2.1,200,120600
20240209,09:53:06,2.1,50,120600
20240209,09:53:07,2.1,50,120600
20240209,09:53:08,2.1,50,120600
20240209,09:53:09,2.1,1050,120600
20240209,09:53:10,2.1,50,120600
20240209,09:53:11,2.1,100,120600
20240209,09:53:12,2.1,200,120600
20240209,09:53:13,2.1,200,120600
20240209,09:53:14,2.15,300,120600
20240209,09:53:15,2.1,200,120600
20240209,09:53:16,2.1,50,120600
20240209,09:53:17,2.1,200,120600
20240209,09:53:18,2.1,200,120600
20240209,09:53:19,2.1,200,120600
20240209,09:53:20,2.1,200,120600
20240209,09:53:21,2.1,200,120600
20240209,09:53:22,2.1,200,120600
20240209,09:53:23,2.1,200,120600
20240209,09:53:24,2.1,200,120600
20240209,09:53:25,2.1,200,120600
20240209,09:53:26,2.15,300,120600
20240209,09:53:27,2.1,200,120600
20240209,09:53:28,2.1,200,120600
20240209,09:53:29,2.1,200,120600
20240209,09:53:30,2.1,250,120600
20240209,09:53:31,2.1,200,120600
20240209,09:53:32,2.15,250,120600
20240209,09:53:34,2.15,50,120600
20240209,09:53:35,2.2,200,120600
20240209,09:53:36,2.15,50,120600
20240209,09:53:39,2.2,50,120600
20240209,09:53:41,2.2,1400,120600
20240209,09:53:44,2.25,200,120600
20240209,09:53:45,2.2,50,120600
20240209,09:53:46,2.25,150,120600
20240209,09:53:47,2.25,1200,120600
20240209,09:53:48,2.2,200,120600
20240209,09:53:52,2.2,100,120600
20240209,09:54:03,2.2,50,120600
20240209,09:54:04,2.2,200,120600
20240209,09:54:05,2.2,200,120600
20240209,09:54:06,2.25,2050,120600
20240209,09:54:07,2.2,200,120600
20240209,09:54:08,2.2,200,120600
20240209,09:54:09,2.2,200,120600
20240209,09:54:10,2.2,450,120600
20240209,09:54:11,2.15,200,120600
20240209,09:54:12,2.15,200,120600
20240209,09:54:13,2.15,800,120600
20240209,09:54:14,2.15,200,120600
20240209,09:54:15,2.15,250,120600
20240209,09:54:16,2.15,1650,120600
20240209,09:54:19,2.1,200,120600
20240209,09:54:20,2.1,200,120600
20240209,09:54:21,2.1,150,120600
20240209,09:54:22,2.1,150,120600
20240209,09:54:23,2.1,150,120600
20240209,09:54:24,2.1,150,120600
20240209,09:54:25,2.1,150,120600
20240209,09:54:26,2.1,150,120600
20240209,09:54:27,2.1,150,120600
20240209,09:54:28,2.1,150,120600
20240209,09:54:29,2.1,150,120600
20240209,09:54:30,2.1,150,120600
20240209,09:54:36,2.1,650,120600
20240209,09:54:39,2.15,50,120600
20240209,09:54:42,2.15,250,120600
20240209,09:54:44,2.2,50,120600
20240209,09:55:11,2.1,50,120600
20240209,09:55:27,2.1,1800,120600
20240209,09:55:50,2.15,1250,116850
20240209,09:55:52,2.15,900,116850
20240209,09:55:58,2.15,600,116850
20240209,09:56:00,2.15,2100,116850
20240209,09:56:01,2.2,50,116850
20240209,09:56:09,2.2,50,116850
20240209,09:56:17,2.25,50,116850
20240209,09:56:40,2.2,50,116850
20240209,09:57:14,2.15,50,116850
20240209,09:57:15,2.15,50,116850
20240209,09:58:01,2.2,250,116850
20240209,09:58:02,2.2,50,116850
20240209,09:58:04,2.2,50,116850
20240209,09:58:06,2.2,250,116850
20240209,09:58:06,2.2,50,116850
20240209,09:58:14,2.25,100,116850
20240209,09:58:18,2.2,200,116850
20240209,09:58:23,2.2,250,116850
20240209,09:58:33,2.3,50,117000
20240209,09:58:37,2.2,950,117000
20240209,09:58:41,2.25,50,117000
20240209,09:58:50,2.25,100,117000
20240209,09:58:55,2.25,3200,117000
20240209,09:59:00,2.25,450,117000
20240209,09:59:03,2.25,1000,117000
20240209,09:59:13,2.2,100,117000
20240209,09:59:16,2.25,1000,117000
20240209,09:59:22,2.25,1100,117000
20240209,09:59:22,2.25,300,117000
20240209,09:59:28,2.3,50,117000
20240209,09:59:40,2.3,300,117000
20240209,09:59:42,2.35,50,117000
20240209,09:59:43,2.35,50,117000
20240209,09:59:44,2.3,100,117000
20240209,09:59:45,2.35,50,117000
20240209,09:59:46,2.35,50,117000
20240209,09:59:47,2.35,100,117000
20240209,09:59:49,2.35,150,117000
20240209,09:59:51,2.35,150,117000
20240209,09:59:52,2.35,50,117000
20240209,09:59:54,2.35,200,117000
20240209,09:59:55,2.35,150,117000
20240209,09:59:56,2.35,150,117000
20240209,09:59:58,2.35,100,117000
20240209,09:59:58,2.3,500,117000
20240209,10:00:00,2.35,300,117000
20240209,10:00:02,2.3,850,117000
20240209,10:00:03,2.35,150,117000
20240209,10:00:05,2.35,300,117000
20240209,10:00:05,2.35,200,117000
20240209,10:00:07,2.4,2250,117000
20240209,10:00:08,2.45,150,117000
20240209,10:00:10,2.4,250,117000
20240209,10:00:11,2.4,50,117000
20240209,10:00:12,2.45,100,117000
20240209,10:00:14,2.4,250,117000
20240209,10:00:15,2.4,650,117000
20240209,10:00:16,2.35,100,117000
20240209,10:00:17,2.45,100,117000
20240209,10:00:18,2.4,300,117000
20240209,10:00:19,2.4,50,117000
20240209,10:00:21,2.4,50,117000
20240209,10:00:22,2.4,300,117000
20240209,10:00:25,2.45,50,117000
20240209,10:00:28,2.5,300,117000
20240209,10:00:29,2.5,200,117000
20240209,10:00:30,2.5,200,117000
20240209,10:00:31,2.5,200,117000
20240209,10:00:32,2.5,200,117000
20240209,10:00:33,2.55,300,117000
20240209,10:00:34,2.55,150,117000
20240209,10:00:39,2.55,200,117000
20240209,10:00:40,2.6,200,117000
20240209,10:00:41,2.55,350,117000
20240209,10:00:42,2.6,200,117000
20240209,10:00:43,2.6,200,117000
20240209,10:00:44,2.6,650,117000
20240209,10:00:45,2.6,200,117000
20240209,10:00:51,2.65,1250,117000
20240209,10:00:52,2.65,50,117000
20240209,10:00:55,2.65,50,117000
20240209,10:01:03,2.75,100,117000
20240209,10:01:06,2.8,1850,117000
20240209,10:01:07,2.8,100,117000
20240209,10:01:08,2.85,250,117000
20240209,10:01:10,2.95,850,117000
20240209,10:01:11,2.95,200,117000
20240209,10:01:12,2.95,50,117000
20240209,10:01:13,2.9,50,117000
20240209,10:01:14,2.9,750,117000
20240209,10:01:15,2.9,750,117000
20240209,10:01:16,2.95,1850,117000
20240209,10:01:17,2.95,250,117000
20240209,10:01:19,3.0,200,117000
20240209,10:01:24,3.0,1050,117000
20240209,10:01:28,2.9,100,121150
20240209,10:01:30,2.9,50,121150
20240209,10:01:34,2.9,500,121150
20240209,10:01:35,2.85,800,121150
20240209,10:01:41,2.85,650,121150
20240209,10:01:42,2.85,100,121150
20240209,10:01:46,2.85,700,121150
20240209,10:01:52,2.8,50,121150
20240209,10:02:04,2.7,100,121150
20240209,10:02:09,2.75,250,121150
20240209,10:02:11,2.75,100,121150
20240209,10:02:13,2.7,550,121150
20240209,10:02:20,2.7,50,121150
20240209,10:02:21,2.65,350,121150
20240209,10:02:27,2.6,1000,121150
20240209,10:02:30,2.6,200,121150
20240209,10:02:31,2.6,1250,121150
20240209,10:02:33,2.55,200,121150
20240209,10:02:35,2.6,50,121150
20240209,10:02:37,2.55,800,121150
20240209,10:02:38,2.5,1700,121150
20240209,10:02:40,2.5,50,121150
20240209,10:02:41,2.5,50,121150
20240209,10:02:42,2.5,50,121150
20240209,10:02:43,2.5,50,121150
20240209,10:02:44,2.5,50,121150
20240209,10:02:45,2.5,50,121150
20240209,10:02:46,2.5,50,121150
20240209,10:02:47,2.45,2600,121150
20240209,10:02:48,2.45,200,121150
20240209,10:02:49,2.45,250,121150
20240209,10:02:50,2.45,100,121150
20240209,10:02:51,2.45,250,121150
20240209,10:02:54,2.4,100,121150
20240209,10:02:55,2.4,100,121150
20240209,10:02:56,2.4,200,121150
20240209,10:02:57,2.4,300,121150
20240209,10:02:59,2.35,450,121150
20240209,10:03:00,2.35,200,121150
20240209,10:03:01,2.35,200,121150
20240209,10:03:02,2.35,200,121150
20240209,10:03:03,2.35,250,121150
20240209,10:03:04,2.35,200,121150
20240209,10:03:05,2.35,250,121150
20240209,10:03:06,2.35,200,121150
20240209,10:03:09,2.3,200,121150
20240209,10:03:10,2.3,200,121150
20240209,10:03:11,2.35,50,121150
20240209,10:03:13,2.35,250,121150
20240209,10:03:16,2.35,250,121150
20240209,10:03:17,2.3,200,121150
20240209,10:03:19,2.35,300,121150
20240209,10:03:40,2.4,50,121150
20240209,10:03:47,2.4,50,121150
20240209,10:03:52,2.35,200,121150
20240209,10:03:53,2.3,1200,121150
20240209,10:03:56,2.3,50,121150
20240209,10:03:57,2.35,50,121150
20240209,10:03:58,2.4,700,121150
20240209,10:04:05,2.4,50,121150
20240209,10:04:06,2.4,50,121150
20240209,10:04:10,2.35,100,121150
20240209,10:04:11,2.4,100,121150
20240209,10:04:14,2.4,100,121150
20240209,10:04:19,2.4,50,121150
20240209,10:04:21,2.4,50,121150
20240209,10:04:28,2.35,550,125200
20240209,10:04:31,2.35,500,125200
20240209,10:04:37,2.3,600,125200
20240209,10:04:42,2.3,50,125200
20240209,10:04:46,2.35,300,125200
20240209,10:04:47,2.3,250,125200
20240209,10:04:50,2.25,1450,125200
20240209,10:04:51,2.2,700,125200
20240209,10:04:56,2.2,50,125200
20240209,10:04:59,2.2,200,125200
20240209,10:05:08,2.25,100,125200
20240209,10:05:11,2.25,350,125200
20240209,10:05:16,2.2,50,125200
20240209,10:05:30,2.25,50,125200
20240209,10:05:39,2.25,200,125200
20240209,10:05:40,2.25,50,125200
20240209,10:05:57,2.25,100,125200
20240209,10:05:59,2.2,550,125200
20240209,10:06:03,2.2,50,125200
20240209,10:06:05,2.15,50,125200
20240209,10:06:20,2.2,250,125200
20240209,10:06:34,2.15,200,125200
20240209,10:06:35,2.15,200,125200
20240209,10:06:37,2.1,50,125200
20240209,10:06:38,2.1,200,125200
20240209,10:06:39,2.1,500,125200
20240209,10:06:42,2.05,150,125200
20240209,10:06:43,2.05,150,125200
20240209,10:06:44,2.05,500,125200
20240209,10:06:45,2.05,200,125200
20240209,10:06:46,2.05,150,125200
20240209,10:06:47,2.05,200,125200
20240209,10:06:48,2.05,150,125200
20240209,10:06:49,2.05,150,125200
20240209,10:06:50,2.05,150,125200
20240209,10:06:51,2.05,150,125200
20240209,10:06:52,2.05,50,125200
20240209,10:06:55,2.0,50,125200
20240209,10:06:59,2.05,250,125200
20240209,10:07:16,2.1,600,125200
20240209,10:07:17,2.15,200,125200
20240209,10:07:18,2.1,250,125200
20240209,10:07:22,2.1,150,125200
20240209,10:07:23,2.1,100,125200
20240209,10:07:57,2.15,50,125550
20240209,10:08:02,2.15,1000,125550
20240209,10:08:13,2.15,900,125550
20240209,10:08:37,2.1,1050,125550
20240209,10:08:38,2.1,50,125550
20240209,10:09:02,2.05,250,125550
20240209,10:09:03,2.1,50,125550
20240209,10:09:04,2.1,1850,125550
20240209,10:09:05,2.1,850,125550
20240209,10:09:24,2.05,100,125550
20240209,10:09:28,2.05,500,125550
20240209,10:09:37,2.05,500,125550
20240209,10:09:55,2.1,100,125550
20240209,10:09:56,2.1,150,125550
20240209,10:09:57,2.1,200,125550
20240209,10:09:58,2.1,250,125550
20240209,10:09:59,2.1,200,125550
20240209,10:10:06,2.1,50,125550
20240209,10:10:07,2.1,50,125550
20240209,10:10:08,2.1,50,125550
20240209,10:10:10,2.15,450,125550
20240209,10:10:12,2.15,250,125550
20240209,10:10:13,2.15,200,125550
20240209,10:10:14,2.15,200,125550
20240209,10:10:15,2.15,50,125550
20240209,10:10:16,2.15,50,125550
20240209,10:10:17,2.15,50,125550
20240209,10:10:19,2.15,100,125550
20240209,10:10:19,2.1,50,125550
20240209,10:10:20,2.15,200,125550
20240209,10:10:22,2.15,400,125550
20240209,10:10:23,2.15,200,125550
20240209,10:10:24,2.15,200,125550
20240209,10:10:25,2.15,200,125550
20240209,10:10:26,2.15,2300,125350
20240209,10:10:27,2.15,50,125350
20240209,10:10:28,2.15,50,125350
20240209,10:10:29,2.15,50,125350
20240209,10:10:30,2.15,50,125350
20240209,10:10:31,2.15,50,125350
20240209,10:10:33,2.15,250,125350
20240209,10:10:34,2.2,150,125350
20240209,10:10:35,2.15,100,125350
20240209,10:10:36,2.2,50,125350
20240209,10:10:37,2.2,50,125350
20240209,10:10:38,2.2,50,125350
20240209,10:10:39,2.2,50,125350
20240209,10:10:40,2.15,100,125350
20240209,10:10:41,2.2,50,125350
20240209,10:10:42,2.2,50,125350
20240209,10:10:43,2.2,50,125350
20240209,10:10:44,2.2,200,125350
20240209,10:10:45,2.2,200,125350
20240209,10:10:47,2.2,450,125350
20240209,10:10:48,2.2,50,125350
20240209,10:10:49,2.2,50,125350
20240209,10:10:50,2.15,1200,125350
20240209,10:10:51,2.2,200,125350
20240209,10:10:53,2.2,50,125350
20240209,10:10:54,2.2,250,125350
20240209,10:10:57,2.25,200,125350
20240209,10:10:58,2.25,200,125350
20240209,10:10:59,2.25,50,125350
20240209,10:11:00,2.25,50,125350
20240209,10:11:01,2.2,50,125350
20240209,10:11:03,2.25,150,125350
20240209,10:11:04,2.25,200,125350
20240209,10:11:05,2.25,50,125350
20240209,10:11:06,2.25,50,125350
20240209,10:11:07,2.25,50,125350
20240209,10:11:08,2.25,50,125350
20240209,10:11:09,2.25,50,125350
20240209,10:11:10,2.25,50,125350
20240209,10:11:11,2.25,50,125350
20240209,10:11:12,2.25,50,125350
20240209,10:11:13,2.25,50,125350
20240209,10:11:14,2.25,50,125350
20240209,10:11:15,2.25,50,125350
20240209,10:11:16,2.25,50,125350
20240209,10:11:18,2.25,100,125350
20240209,10:11:19,2.25,50,125350
20240209,10:11:20,2.25,50,125350
20240209,10:11:21,2.25,100,125350
20240209,10:11:22,2.25,50,125350
20240209,10:11:24,2.25,100,125350
20240209,10:11:30,2.25,50,125350
20240209,10:11:34,2.3,50,125350
20240209,10:11:39,2.3,200,125350
20240209,10:11:47,2.25,550,125350
20240209,10:11:48,2.25,100,125350
20240209,10:11:49,2.25,50,125350
20240209,10:11:50,2.25,50,125350
20240209,10:11:51,2.25,50,125350
20240209,10:11:53,2.25,50,125350
20240209,10:11:56,2.3,50,125350
20240209,10:11:59,2.3,50,125350
20240209,10:12:00,2.3,50,125350
20240209,10:12:01,2.3,50,125350
20240209,10:12:09,2.25,50,125350
20240209,10:12:34,2.25,100,125350
20240209,10:12:35,2.3,50,125350
20240209,10:12:36,2.3,50,125350
20240209,10:12:41,2.25,250,125350
20240209,10:12:42,2.25,50,125350
20240209,10:12:43,2.3,1050,125350
20240209,10:12:44,2.3,50,125350
20240209,10:12:45,2.3,50,125350
20240209,10:12:46,2.3,100,125350
20240209,10:12:47,2.3,50,125350
20240209,10:13:06,2.3,50,125350
20240209,10:13:13,2.25,50,125350
20240209,10:13:16,2.3,50,125350
20240209,10:13:19,2.25,50,125350
20240209,10:13:30,2.25,50,132100
20240209,10:13:33,2.3,100,132100
20240209,10:13:39,2.3,50,132100
20240209,10:13:48,2.25,250,132100
20240209,10:13:49,2.3,50,132100
20240209,10:13:50,2.3,50,132100
20240209,10:13:51,2.3,50,132100
20240209,10:13:52,2.3,100,132100
20240209,10:13:53,2.3,50,132100
20240209,10:13:54,2.3,50,132100
20240209,10:13:55,2.25,150,132100
20240209,10:13:56,2.3,50,132100
20240209,10:13:57,2.3,50,132100
20240209,10:13:58,2.3,200,132100
20240209,10:13:59,2.3,450,132100
20240209,10:14:00,2.3,200,132100
20240209,10:14:02,2.3,50,132100
20240209,10:14:03,2.3,50,132100
20240209,10:14:04,2.3,50,132100
20240209,10:14:05,2.3,50,132100
20240209,10:14:06,2.3,50,132100
20240209,10:14:07,2.3,50,132100
20240209,10:14:08,2.3,50,132100
20240209,10:14:09,2.3,550,132100
20240209,10:14:10,2.25,100,132100
20240209,10:14:15,2.3,50,132100
20240209,10:14:16,2.3,50,132100
20240209,10:14:17,2.3,50,132100
20240209,10:14:18,2.3,50,132100
20240209,10:14:19,2.3,50,132100
20240209,10:14:20,2.3,50,132100
20240209,10:14:21,2.3,50,132100
20240209,10:14:22,2.3,50,132100
20240209,10:14:23,2.3,50,132100
20240209,10:14:24,2.3,50,132100
20240209,10:14:25,2.3,50,132100
20240209,10:14:26,2.3,50,132100
20240209,10:14:27,2.3,50,132100
20240209,10:14:28,2.3,50,132100
20240209,10:14:29,2.3,50,132100
20240209,10:14:30,2.3,250,132100
20240209,10:14:39,2.25,50,132100
20240209,10:14:45,2.25,250,132100
20240209,10:14:46,2.25,50,132100
20240209,10:14:55,2.25,50,132100
20240209,10:14:55,2.3,500,132100
20240209,10:14:56,2.25,1300,132100
20240209,10:14:57,2.25,550,132100
20240209,10:15:00,2.25,250,132100
20240209,10:15:03,2.3,150,132100
20240209,10:15:09,2.25,1400,132100
20240209,10:15:11,2.3,150,132100
20240209,10:15:13,2.3,50,132100
20240209,10:15:26,2.25,2200,132100
20240209,10:15:27,2.25,1000,132100
20240209,10:15:44,2.3,4300,132100
20240209,10:15:47,2.3,50,132100
20240209,10:15:48,2.3,50,132100
20240209,10:15:49,2.3,150,132100
20240209,10:15:50,2.3,250,132100
20240209,10:15:51,2.3,50,132100
20240209,10:15:53,2.3,100,132100
20240209,10:15:54,2.25,2450,132100
20240209,10:15:55,2.3,250,132100
20240209,10:15:56,2.3,50,132100
20240209,10:15:57,2.3,50,132100
20240209,10:15:58,2.3,50,132100
20240209,10:15:59,2.3,100,132100
20240209,10:16:00,2.35,150,132100
20240209,10:16:01,2.35,50,132100
20240209,10:16:02,2.35,50,132100
20240209,10:16:03,2.35,50,132100
20240209,10:16:04,2.35,50,132100
20240209,10:16:05,2.35,300,132100
20240209,10:16:06,2.35,50,132100
20240209,10:16:07,2.35,50,132100
20240209,10:16:08,2.35,50,132100
20240209,10:16:09,2.35,50,132100
20240209,10:16:10,2.35,50,132100
20240209,10:16:11,2.35,50,132100
20240209,10:16:12,2.35,50,132100
20240209,10:16:13,2.35,1900,132100
20240209,10:16:14,2.4,200,132100
20240209,10:16:15,2.35,50,132100
20240209,10:16:16,2.35,50,132100
20240209,10:16:17,2.35,100,132100
20240209,10:16:20,2.45,200,132100
20240209,10:16:21,2.4,250,132100
20240209,10:16:24,2.45,200,132100
20240209,10:16:25,2.45,50,132100
20240209,10:16:26,2.45,50,132100
20240209,10:16:27,2.45,50,141700
20240209,10:16:28,2.45,200,141700
20240209,10:16:29,2.45,200,141700
20240209,10:16:30,2.45,200,141700
20240209,10:16:31,2.45,50,141700
20240209,10:16:32,2.4,100,141700
20240209,10:16:35,2.45,50,141700
20240209,10:16:36,2.45,50,141700
20240209,10:16:37,2.45,50,141700
20240209,10:16:38,2.45,200,141700
20240209,10:16:39,2.45,250,141700
20240209,10:16:40,2.45,50,141700
20240209,10:16:41,2.45,50,141700
20240209,10:16:42,2.45,50,141700
20240209,10:16:43,2.45,50,141700
20240209,10:16:44,2.45,50,141700
20240209,10:16:45,2.45,50,141700
20240209,10:16:46,2.45,50,141700
20240209,10:16:47,2.45,50,141700
20240209,10:16:48,2.45,50,141700
20240209,10:16:49,2.45,50,141700
20240209,10:16:50,2.45,50,141700
20240209,10:16:51,2.45,900,141700
20240209,10:16:52,2.45,50,141700
20240209,10:16:53,2.45,50,141700
20240209,10:16:54,2.45,50,141700
20240209,10:16:55,2.45,50,141700
20240209,10:16:56,2.45,50,141700
20240209,10:16:57,2.45,50,141700
20240209,10:16:58,2.45,50,141700
20240209,10:16:59,2.45,50,141700
20240209,10:17:00,2.45,50,141700
20240209,10:17:01,2.45,50,141700
20240209,10:17:02,2.4,1850,141700
20240209,10:17:03,2.45,50,141700
20240209,10:17:04,2.45,50,141700
20240209,10:17:05,2.45,50,141700
20240209,10:17:06,2.45,50,141700
20240209,10:17:07,2.45,50,141700
20240209,10:17:08,2.45,50,141700
20240209,10:17:09,2.45,50,141700
20240209,10:17:10,2.45,50,141700
20240209,10:17:11,2.45,50,141700
20240209,10:17:12,2.4,1950,141700
20240209,10:17:13,2.4,50,141700
20240209,10:17:16,2.45,50,141700
20240209,10:17:29,2.4,50,141700
20240209,10:17:51,2.45,50,141700
20240209,10:17:54,2.45,50,141700
20240209,10:17:55,2.45,50,141700
20240209,10:17:56,2.45,50,141700
20240209,10:17:57,2.45,50,141700
20240209,10:17:58,2.45,500,141700
20240209,10:17:59,2.45,50,141700
20240209,10:18:00,2.45,50,141700
20240209,10:18:01,2.45,100,141700
20240209,10:18:02,2.45,50,141700
20240209,10:18:03,2.5,50,141700
20240209,10:18:04,2.5,50,141700
20240209,10:18:05,2.5,50,141700
20240209,10:18:06,2.5,50,141700
20240209,10:18:08,2.5,50,141700
20240209,10:18:09,2.5,50,141700
20240209,10:18:10,2.5,50,141700
20240209,10:18:11,2.5,50,141700
20240209,10:18:12,2.5,50,141700
20240209,10:18:13,2.5,50,141700
20240209,10:18:16,2.5,200,141700
20240209,10:18:20,2.5,50,141700
20240209,10:18:21,2.5,50,141700
20240209,10:18:21,2.45,3100,141700
20240209,10:18:22,2.45,100,141700
20240209,10:18:23,2.45,50,141700
20240209,10:18:24,2.45,700,141700
20240209,10:18:25,2.45,100,141700
20240209,10:18:26,2.45,100,141700
20240209,10:18:27,2.45,100,141700
20240209,10:18:28,2.45,50,141700
20240209,10:18:29,2.45,50,141700
20240209,10:18:30,2.45,100,141700
20240209,10:18:31,2.45,150,141700
20240209,10:18:32,2.45,50,141700
20240209,10:18:33,2.45,200,141700
20240209,10:18:34,2.5,250,141700
20240209,10:18:35,2.45,600,141700
20240209,10:18:36,2.45,100,141700
20240209,10:18:37,2.45,50,141700
20240209,10:18:38,2.45,50,141700
20240209,10:18:39,2.45,50,141700
20240209,10:18:40,2.45,50,141700
20240209,10:18:41,2.5,50,141700
20240209,10:18:42,2.5,50,141700
20240209,10:18:43,2.5,50,141700
20240209,10:18:44,2.5,1450,141700
20240209,10:18:45,2.5,50,141700
20240209,10:18:52,2.45,50,141700
20240209,10:18:54,2.5,50,141700
20240209,10:18:55,2.45,200,141700
20240209,10:18:56,2.5,50,141700
20240209,10:18:57,2.5,50,141700
20240209,10:18:59,2.5,50,141700
20240209,10:19:00,2.5,50,141700
20240209,10:19:01,2.5,50,141700
20240209,10:19:02,2.5,50,141700
20240209,10:19:03,2.5,50,141700
20240209,10:19:04,2.5,50,141700
20240209,10:19:05,2.5,50,141700
20240209,10:19:06,2.5,50,141700
20240209,10:19:07,2.5,50,141700
20240209,10:19:08,2.5,50,141700
20240209,10:19:09,2.5,50,141700
20240209,10:19:10,2.5,50,141700
20240209,10:19:11,2.5,50,141700
20240209,10:19:12,2.45,150,141700
20240209,10:19:13,2.45,1250,141700
20240209,10:19:16,2.5,50,141700
20240209,10:19:17,2.5,50,141700
20240209,10:19:18,2.5,50,141700
20240209,10:19:19,2.5,50,141700
20240209,10:19:20,2.5,50,141700
20240209,10:19:23,2.5,50,141700
20240209,10:19:37,2.5,1800,149100
20240209,10:19:55,2.5,250,149100
20240209,10:19:56,2.5,200,149100
20240209,10:19:57,2.5,950,149100
20240209,10:20:02,2.5,950,149100
20240209,10:20:06,2.45,1300,149100
20240209,10:20:29,2.5,50,149100
20240209,10:20:30,2.5,50,149100
20240209,10:20:31,2.5,50,149100
20240209,10:20:32,2.5,50,149100
20240209,10:20:33,2.5,50,149100
20240209,10:20:35,2.5,100,149100
20240209,10:20:36,2.5,50,149100
20240209,10:20:37,2.5,100,149100
20240209,10:20:38,2.5,50,149100
20240209,10:20:39,2.5,50,149100
20240209,10:20:40,2.5,50,149100
20240209,10:20:42,2.5,100,149100
20240209,10:20:43,2.5,50,149100
20240209,10:20:44,2.5,50,149100
20240209,10:20:45,2.5,50,149100
20240209,10:20:46,2.5,50,149100
20240209,10:20:47,2.5,50,149100
20240209,10:20:48,2.5,50,149100
20240209,10:20:49,2.5,50,149100
20240209,10:20:50,2.5,50,149100
20240209,10:20:51,2.5,50,149100
20240209,10:20:52,2.5,50,149100
20240209,10:20:53,2.5,50,149100
20240209,10:20:55,2.5,100,149100
20240209,10:20:56,2.5,50,149100
20240209,10:20:58,2.5,100,149100
20240209,10:20:59,2.5,50,149100
20240209,10:21:01,2.5,400,149100
20240209,10:21:05,2.45,850,149100
20240209,10:21:07,2.45,250,149100
20240209,10:21:27,2.4,250,149100
20240209,10:21:32,2.4,1200,149100
20240209,10:21:35,2.4,300,149100
20240209,10:21:58,2.4,250,149100
20240209,10:22:11,2.35,1800,149100
20240209,10:22:20,2.35,50,149100
20240209,10:22:34,2.35,50,153100
20240209,10:22:36,2.35,50,153100
20240209,10:22:39,2.3,1700,153100
20240209,10:22:39,2.35,50,153100
20240209,10:22:40,2.35,50,153100
20240209,10:23:00,2.35,250,153100
20240209,10:23:40,2.35,250,153100
20240209,10:23:52,2.35,100,153100
20240209,10:24:28,2.35,50,153100
20240209,10:24:48,2.35,250,153100
20240209,10:25:07,2.35,100,153100
20240209,10:25:08,2.35,800,153100
20240209,10:25:09,2.35,800,153100
20240209,10:25:10,2.35,950,153100
20240209,10:25:11,2.35,200,153100
20240209,10:25:12,2.35,200,153100
20240209,10:25:13,2.35,300,153100
20240209,10:25:15,2.35,100,153100
20240209,10:25:26,2.35,250,153100
20240209,10:25:27,2.35,1000,153100
20240209,10:25:37,2.4,50,158650
20240209,10:25:38,2.4,50,158650
20240209,10:25:48,2.45,250,158650
20240209,10:25:56,2.45,150,158650
20240209,10:26:08,2.5,100,158650
20240209,10:26:12,2.5,100,158650
20240209,10:26:17,2.45,50,158650
20240209,10:26:23,2.55,50,158650
20240209,10:26:29,2.45,300,158650
20240209,10:26:33,2.5,100,158650
20240209,10:26:37,2.5,50,158650
20240209,10:26:44,2.5,550,158650
20240209,10:26:54,2.55,1800,158650
20240209,10:27:02,2.55,50,158650
20240209,10:27:06,2.55,50,158650
20240209,10:27:08,2.55,50,158650
20240209,10:27:09,2.5,150,158650
20240209,10:27:11,2.5,1750,158650
20240209,10:27:12,2.5,100,158650
20240209,10:27:14,2.5,50,158650
20240209,10:27:47,2.5,150,158650
20240209,10:28:07,2.45,1250,158650
20240209,10:28:08,2.45,1100,158650
20240209,10:28:09,2.5,400,158650
20240209,10:28:10,2.5,200,158650
20240209,10:28:11,2.5,400,158650
20240209,10:28:13,2.5,250,158650
20240209,10:28:14,2.5,250,158650
20240209,10:28:16,2.45,300,158650
20240209,10:28:19,2.45,100,158650
20240209,10:28:21,2.5,150,158650
20240209,10:28:33,2.45,900,162250
20240209,10:28:51,2.45,250,162250
20240209,10:29:06,2.5,50,162250
20240209,10:29:07,2.5,150,162250
20240209,10:29:08,2.5,100,162250
20240209,10:29:09,2.4,50,162250
20240209,10:29:10,2.5,100,162250
20240209,10:29:11,2.45,150,162250
20240209,10:29:13,2.5,100,162250
20240209,10:29:14,2.5,100,162250
20240209,10:29:16,2.5,50,162250
20240209,10:29:18,2.45,50,162250
20240209,10:29:22,2.45,250,162250
20240209,10:29:27,2.5,50,162250
20240209,10:29:28,2.45,50,162250
20240209,10:29:30,2.5,50,162250
20240209,10:29:31,2.5,50,162250
20240209,10:29:33,2.5,50,162250
20240209,10:29:36,2.45,100,162250
20240209,10:29:37,2.5,50,162250
20240209,10:29:40,2.5,50,162250
20240209,10:29:42,2.5,100,162250
20240209,10:29:43,2.5,50,162250
20240209,10:29:46,2.5,50,162250
20240209,10:29:49,2.5,50,162250
20240209,10:29:52,2.5,50,162250
20240209,10:29:55,2.5,50,162250
20240209,10:30:00,2.5,50,162250
20240209,10:30:06,2.5,50,162250
20240209,10:30:07,2.5,50,162250
20240209,10:30:08,2.5,100,162250
20240209,10:30:09,2.5,50,162250
20240209,10:30:10,2.5,100,162250
20240209,10:30:13,2.5,50,162250
20240209,10:30:16,2.5,50,162250
20240209,10:30:24,2.45,700,162250
20240209,10:30:27,2.5,50,162250
20240209,10:30:29,2.45,50,162250
20240209,10:30:32,2.5,250,162250
20240209,10:30:44,2.45,250,162250
20240209,10:31:00,2.45,50,162250
20240209,10:31:07,2.5,100,162250
20240209,10:31:08,2.5,250,162250
20240209,10:31:09,2.5,550,162250
20240209,10:31:10,2.5,200,162250
20240209,10:31:11,2.5,100,162250
20240209,10:31:12,2.5,150,162250
20240209,10:31:13,2.5,400,162250
20240209,10:31:14,2.5,1600,162250
20240209,10:31:15,2.55,150,162250
20240209,10:31:40,2.55,50,165550
20240209,10:31:50,2.55,100,165550
20240209,10:31:54,2.5,1000,165550
20240209,10:32:07,2.55,100,165550
20240209,10:32:09,2.55,300,165550
20240209,10:32:10,2.55,1100,165550
20240209,10:32:12,2.5,2150,165550
20240209,10:32:12,2.55,150,165550
20240209,10:32:28,2.55,50,165550
20240209,10:32:38,2.5,50,165550
20240209,10:32:41,2.55,50,165550
20240209,10:32:53,2.5,50,165550
20240209,10:33:06,2.55,100,165550
20240209,10:33:07,2.55,100,165550
20240209,10:33:08,2.55,200,165550
20240209,10:33:10,2.55,100,165550
20240209,10:33:11,2.55,250,165550
20240209,10:33:12,2.55,200,165550
20240209,10:33:13,2.55,300,165550
20240209,10:33:14,2.55,100,165550
20240209,10:33:17,2.55,50,165550
20240209,10:33:21,2.55,50,165550
20240209,10:33:40,2.55,50,165550
20240209,10:33:48,2.55,50,165550
20240209,10:34:05,2.5,50,165550
20240209,10:34:06,2.5,50,165550
20240209,10:34:07,2.5,50,165550
20240209,10:34:08,2.5,50,165550
20240209,10:34:09,2.5,50,165550
20240209,10:34:10,2.5,50,165550
20240209,10:34:11,2.5,4100,165550
20240209,10:34:12,2.45,50,165550
20240209,10:34:13,2.5,1150,165550
20240209,10:34:14,2.5,3750,165550
20240209,10:34:15,2.5,950,165550
20240209,10:34:16,2.5,200,165550
20240209,10:34:17,2.5,250,165550
20240209,10:34:18,2.5,200,165550
20240209,10:34:19,2.5,200,165550
20240209,10:34:20,2.5,200,165550
20240209,10:34:21,2.5,200,165550
20240209,10:34:22,2.5,200,165550
20240209,10:34:23,2.5,650,165550
20240209,10:34:24,2.5,500,165550
20240209,10:34:25,2.5,200,165550
20240209,10:34:26,2.5,200,165550
20240209,10:34:27,2.5,200,165550
20240209,10:34:28,2.5,200,165550
20240209,10:34:30,2.5,50,165550
20240209,10:34:31,2.5,750,177150
20240209,10:34:34,2.45,50,177150
20240209,10:34:35,2.45,200,177150
20240209,10:34:36,2.45,200,177150
20240209,10:34:37,2.45,50,177150
20240209,10:34:38,2.45,50,177150
20240209,10:34:39,2.45,50,177150
20240209,10:34:40,2.45,50,177150
20240209,10:34:41,2.45,50,177150
20240209,10:34:42,2.45,50,177150
20240209,10:34:43,2.45,50,177150
20240209,10:34:44,2.45,50,177150
20240209,10:34:45,2.45,200,177150
20240209,10:34:46,2.45,200,177150
20240209,10:34:47,2.45,200,177150
20240209,10:34:48,2.45,200,177150
20240209,10:34:51,2.4,200,177150
20240209,10:34:52,2.4,600,177150
20240209,10:34:53,2.4,100,177150
20240209,10:34:55,2.35,100,177150
20240209,10:34:56,2.35,200,177150
20240209,10:34:57,2.35,200,177150
20240209,10:34:58,2.35,200,177150
20240209,10:34:59,2.35,200,177150
20240209,10:35:00,2.35,200,177150
20240209,10:35:01,2.35,200,177150
20240209,10:35:03,2.35,50,177150
20240209,10:35:04,2.35,50,177150
20240209,10:35:08,2.4,200,177150
20240209,10:35:09,2.35,650,177150
20240209,10:35:10,2.35,50,177150
20240209,10:35:11,2.35,350,177150
20240209,10:35:12,2.35,50,177150
20240209,10:35:13,2.35,50,177150
20240209,10:35:14,2.4,250,177150
20240209,10:35:15,2.4,250,177150
20240209,10:35:16,2.35,300,177150
20240209,10:35:17,2.35,200,177150
20240209,10:35:18,2.35,200,177150
20240209,10:35:20,2.35,50,177150
20240209,10:35:21,2.35,50,177150
20240209,10:35:22,2.35,50,177150
20240209,10:35:23,2.35,50,177150
20240209,10:35:24,2.35,50,177150
20240209,10:35:25,2.35,50,177150
20240209,10:35:37,2.4,200,177150
20240209,10:35:46,2.4,250,177150
20240209,10:36:11,2.45,1000,177150
20240209,10:36:22,2.4,50,177150
20240209,10:36:23,2.4,50,177150
20240209,10:36:49,2.45,50,177150
20240209,10:37:44,2.5,100,175200
20240209,10:37:46,2.5,200,175200
20240209,10:37:53,2.5,50,175200
20240209,10:37:56,2.5,50,175200
20240209,10:38:27,2.45,300,175200
20240209,10:38:29,2.55,100,175200
20240209,10:38:35,2.45,1000,175200
20240209,10:38:48,2.5,50,175200
20240209,10:39:18,2.55,1800,175200
20240209,10:39:21,2.5,50,175200
20240209,10:40:03,2.5,2100,175200
20240209,10:40:28,2.45,50,175200
20240209,10:40:29,2.45,50,175200
20240209,10:40:45,2.45,1200,176800
20240209,10:40:51,2.4,50,176800
20240209,10:40:59,2.5,50,176800
20240209,10:41:00,2.4,50,176800
20240209,10:41:02,2.4,50,176800
20240209,10:41:03,2.4,50,176800
20240209,10:41:04,2.4,200,176800
20240209,10:41:05,2.4,200,176800
20240209,10:41:06,2.4,200,176800
20240209,10:41:07,2.4,200,176800
20240209,10:41:14,2.4,200,176800
20240209,10:41:15,2.4,200,176800
20240209,10:41:16,2.4,200,176800
20240209,10:41:24,2.45,50,176800
20240209,10:41:26,2.4,50,176800
20240209,10:41:30,2.4,200,176800
20240209,10:41:33,2.35,200,176800
20240209,10:42:04,2.4,100,176800
20240209,10:42:10,2.4,50,176800
20240209,10:42:11,2.45,250,176800
20240209,10:42:13,2.4,50,176800
20240209,10:42:19,2.4,250,176800
20240209,10:42:31,2.45,50,176800
20240209,10:42:31,2.4,50,176800
20240209,10:42:32,2.35,100,176800
20240209,10:42:35,2.4,50,176800
20240209,10:43:08,2.4,1800,176800
20240209,10:43:42,2.4,200,174050
20240209,10:43:54,2.45,1800,174050
20240209,10:44:00,2.4,650,174050
20240209,10:44:28,2.4,50,174050
20240209,10:44:30,2.45,1500,174050
20240209,10:45:08,2.4,100,174050
20240209,10:45:12,2.4,600,174050
20240209,10:45:13,2.4,100,174050
20240209,10:46:10,2.4,50,174050
20240209,10:46:17,2.45,50,174050
20240209,10:46:28,2.45,100,174050
20240209,10:46:29,2.45,350,174050
20240209,10:46:30,2.5,150,174050
20240209,10:46:31,2.5,150,174050
20240209,10:46:32,2.5,150,177400
20240209,10:46:33,2.5,150,177400
20240209,10:46:34,2.5,150,177400
20240209,10:46:35,2.5,150,177400
20240209,10:46:36,2.5,50,177400
20240209,10:46:37,2.5,50,177400
20240209,10:46:38,2.5,50,177400
20240209,10:46:39,2.5,200,177400
20240209,10:46:40,2.5,200,177400
20240209,10:46:41,2.5,200,177400
20240209,10:46:42,2.5,200,177400
20240209,10:46:43,2.5,50,177400
20240209,10:46:44,2.5,50,177400
20240209,10:46:45,2.5,50,177400
20240209,10:46:46,2.5,50,177400
20240209,10:46:47,2.5,50,177400
20240209,10:46:48,2.5,50,177400
20240209,10:46:49,2.5,450,177400
20240209,10:46:50,2.5,350,177400
20240209,10:46:52,2.5,50,177400
20240209,10:47:06,2.45,1050,177400
20240209,10:47:11,2.5,50,177400
20240209,10:47:13,2.5,50,177400
20240209,10:47:16,2.5,100,177400
20240209,10:47:19,2.55,50,177400
20240209,10:47:22,2.45,150,177400
20240209,10:47:24,2.45,200,177400
20240209,10:47:28,2.45,50,177400
20240209,10:47:29,2.45,50,177400
20240209,10:47:30,2.45,3550,177400
20240209,10:47:31,2.4,450,177400
20240209,10:47:32,2.4,200,177400
20240209,10:47:33,2.4,200,177400
20240209,10:47:34,2.4,200,177400
20240209,10:47:35,2.4,200,177400
20240209,10:47:36,2.4,250,177400
20240209,10:47:37,2.4,200,177400
20240209,10:47:38,2.4,200,177400
20240209,10:47:39,2.4,200,177400
20240209,10:47:40,2.4,200,177400
20240209,10:47:41,2.4,200,177400
20240209,10:47:42,2.4,200,177400
20240209,10:47:43,2.4,200,177400
20240209,10:47:44,2.4,200,177400
20240209,10:47:45,2.4,200,177400
20240209,10:47:46,2.4,150,177400
20240209,10:47:47,2.4,150,177400
20240209,10:47:48,2.4,300,177400
20240209,10:47:49,2.4,150,177400
20240209,10:47:55,2.4,150,177400
20240209,10:47:56,2.4,150,177400
20240209,10:47:57,2.4,200,177400
20240209,10:48:00,2.45,500,177400
20240209,10:48:06,2.4,150,177400
20240209,10:48:07,2.4,150,177400
20240209,10:48:08,2.45,950,177400
20240209,10:48:11,2.4,1950,177400
20240209,10:48:12,2.4,150,177400
20240209,10:48:17,2.4,250,177400
20240209,10:48:18,2.4,100,177400
20240209,10:48:19,2.35,3600,177400
20240209,10:48:24,2.35,150,177400
20240209,10:48:32,2.3,2800,177400
20240209,10:48:33,2.3,150,177400
20240209,10:48:41,2.35,50,177400
20240209,10:48:45,2.3,150,177400
20240209,10:48:46,2.3,3900,177400
20240209,10:48:47,2.25,2300,177400
20240209,10:48:50,2.3,250,177400
20240209,10:48:53,2.25,150,177400
20240209,10:48:54,2.25,150,177400
20240209,10:49:00,2.3,100,177400
20240209,10:49:04,2.25,150,177400
20240209,10:49:06,2.25,50,177400
20240209,10:49:07,2.2,1800,177400
20240209,10:49:11,2.25,250,177400
20240209,10:49:12,2.2,400,177400
20240209,10:49:13,2.2,150,177400
20240209,10:49:14,2.2,300,177400
20240209,10:49:21,2.2,150,177400
20240209,10:49:22,2.15,5050,177400
20240209,10:49:23,2.2,1950,177400
20240209,10:49:24,2.2,50,177400
20240209,10:49:25,2.2,50,177400
20240209,10:49:30,2.2,50,177400
20240209,10:49:42,2.2,9400,158450
20240209,10:49:43,2.15,150,158450
20240209,10:49:44,2.15,150,158450
20240209,10:49:52,2.15,1000,158450
20240209,10:49:59,2.1,5350,158450
20240209,10:50:08,2.15,500,158450
20240209,10:50:10,2.15,700,158450
20240209,10:50:11,2.15,2200,158450
20240209,10:50:14,2.15,50,158450
20240209,10:50:20,2.15,50,158450
20240209,10:50:21,2.1,2000,158450
20240209,10:50:23,2.15,100,158450
20240209,10:50:27,2.15,200,158450
20240209,10:50:35,2.2,50,158450
20240209,10:51:07,2.15,3500,158450
20240209,10:51:08,2.15,600,158450
20240209,10:51:09,2.15,200,158450
20240209,10:51:10,2.15,50,158450
20240209,10:51:26,2.1,800,158450
20240209,10:51:31,2.15,1300,158450
20240209,10:51:35,2.15,50,158450
20240209,10:51:43,2.15,500,158450
20240209,10:51:45,2.2,250,158450
20240209,10:51:47,2.15,200,158450
20240209,10:51:52,2.15,400,158450
20240209,10:51:56,2.15,300,158450
20240209,10:51:57,2.15,1750,158450
20240209,10:52:04,2.2,1600,158450
20240209,10:52:05,2.2,250,158450
20240209,10:52:06,2.15,300,158450
20240209,10:52:07,2.2,1450,158450
20240209,10:52:10,2.15,50,158450
20240209,10:52:11,2.15,150,158450
20240209,10:52:12,2.15,150,158450
20240209,10:52:13,2.15,100,158450
20240209,10:52:41,2.15,150,148700
20240209,10:53:00,2.2,50,148700
20240209,10:53:02,2.2,50,148700
20240209,10:53:06,2.2,50,148700
20240209,10:53:21,2.2,50,148700
20240209,10:53:21,2.15,1900,148700
20240209,10:53:24,2.15,50,148700
20240209,10:53:25,2.15,50,148700
20240209,10:53:27,2.15,250,148700
20240209,10:53:27,2.15,50,148700
20240209,10:53:31,2.2,1000,148700
20240209,10:53:48,2.15,1000,148700
20240209,10:53:52,2.15,50,148700
20240209,10:53:53,2.15,50,148700
20240209,10:53:56,2.2,50,148700
20240209,10:54:16,2.1,50,148700
20240209,10:54:17,2.1,450,148700
20240209,10:54:20,2.15,50,148700
20240209,10:54:45,2.15,50,148700
20240209,10:54:50,2.1,1000,148700
20240209,10:54:53,2.1,1800,148700
20240209,10:54:55,2.1,550,148700
20240209,10:55:00,2.1,50,148700
20240209,10:55:05,2.1,650,148700
20240209,10:55:11,2.15,200,148700
20240209,10:55:13,2.1,1950,148700
20240209,10:55:15,2.05,1800,148700
20240209,10:55:19,2.05,100,148700
20240209,10:55:19,2.1,150,148700
20240209,10:55:20,2.05,100,148700
20240209,10:55:22,2.05,200,148700
20240209,10:55:22,2.1,350,148700
20240209,10:55:28,2.05,250,148700
20240209,10:55:29,2.05,300,148700
20240209,10:55:30,2.05,250,148700
20240209,10:55:31,2.05,200,148700
20240209,10:55:32,2.05,100,141500
20240209,10:55:42,2.15,400,141500
20240209,10:55:42,2.05,200,141500
20240209,10:55:43,2.1,150,141500
20240209,10:55:45,2.05,100,141500
20240209,10:55:45,2.05,1250,141500
20240209,10:55:46,2.1,1800,141500
20240209,10:55:48,2.1,200,141500
20240209,10:55:49,2.15,250,141500
20240209,10:55:55,2.15,50,141500
20240209,10:55:59,2.15,550,141500
20240209,10:56:04,2.15,50,141500
20240209,10:56:05,2.15,450,141500
20240209,10:56:06,2.1,150,141500
20240209,10:56:07,2.1,4100,141500
20240209,10:56:08,2.1,250,141500
20240209,10:56:09,2.1,50,141500
20240209,10:56:10,2.1,250,141500
20240209,10:56:11,2.1,50,141500
20240209,10:56:12,2.05,2800,141500
20240209,10:56:17,2.1,50,141500
20240209,10:56:18,2.1,200,141500
20240209,10:56:19,2.1,50,141500
20240209,10:56:26,2.05,1800,141500
20240209,10:56:27,2.05,50,141500
20240209,10:56:37,2.05,450,141500
20240209,10:56:45,2.05,250,141500
20240209,10:57:07,2.0,50,141500
20240209,10:57:08,2.0,200,141500
20240209,10:57:09,2.0,150,141500
20240209,10:57:10,2.0,150,141500
20240209,10:57:11,2.0,150,141500
20240209,10:57:12,2.0,150,141500
20240209,10:57:13,2.0,150,141500
20240209,10:57:14,2.0,150,141500
20240209,10:57:18,2.0,150,141500
20240209,10:57:19,2.0,50,141500
20240209,10:57:20,2.05,100,141500
20240209,10:57:27,2.0,50,141500
20240209,10:57:31,2.05,100,141500
20240209,10:57:48,2.05,250,141500
20240209,10:57:54,2.0,150,141500
20240209,10:58:02,2.0,600,141500
20240209,10:58:03,2.0,900,141500
20240209,10:58:04,2.0,300,141500
20240209,10:58:06,2.05,250,141500
20240209,10:58:07,2.05,250,141500
20240209,10:58:08,2.05,200,141500
20240209,10:58:10,2.05,50,141500
20240209,10:58:17,2.0,50,141500
20240209,10:58:18,2.0,50,141500
20240209,10:58:19,2.0,100,141500
20240209,10:58:20,2.0,50,141500
20240209,10:58:21,2.0,50,141500
20240209,10:58:22,2.0,50,141500
20240209,10:58:26,2.0,50,141500
20240209,10:58:28,2.0,50,141500
20240209,10:58:32,2.0,100,141500
20240209,10:58:33,2.0,300,138350
20240209,10:58:34,2.0,750,138350
20240209,10:58:42,2.0,300,138350
20240209,10:58:43,2.0,450,138350
20240209,10:58:45,2.0,600,138350
20240209,10:58:48,2.0,250,138350
20240209,10:58:49,2.0,150,138350
20240209,10:58:50,2.0,150,138350
20240209,10:58:54,2.0,200,138350
20240209,10:58:55,2.0,50,138350
20240209,10:58:57,1.95,100,138350
20240209,10:58:59,2.0,150,138350
20240209,10:59:00,2.0,100,138350
20240209,10:59:02,1.95,100,138350
20240209,10:59:04,1.95,100,138350
20240209,10:59:06,1.95,50,138350
20240209,10:59:08,1.95,3600,138350
20240209,10:59:09,2.0,250,138350
20240209,10:59:13,2.0,250,138350
20240209,10:59:19,1.95,150,138350
20240209,10:59:20,1.95,100,138350
20240209,10:59:21,1.95,100,138350
20240209,10:59:22,1.95,150,138350
20240209,10:59:23,1.95,100,138350
20240209,10:59:24,2.0,100,138350
20240209,10:59:25,1.95,50,138350
20240209,10:59:31,2.0,500,138350
20240209,10:59:33,1.95,100,138350
20240209,10:59:35,1.95,50,138350
20240209,10:59:47,1.95,1800,138350
20240209,11:00:08,1.95,50,138350
20240209,11:00:08,1.95,150,138350
20240209,11:00:10,1.95,100,138350
20240209,11:00:11,1.95,300,138350
20240209,11:00:13,1.95,50,138350
20240209,11:00:15,2.0,350,138350
20240209,11:00:17,1.95,250,138350
20240209,11:00:18,1.95,50,138350
20240209,11:00:19,1.95,100,138350
20240209,11:00:20,1.95,200,138350
20240209,11:00:21,1.95,100,138350
20240209,11:00:22,1.95,300,138350
20240209,11:00:23,1.95,50,138350
20240209,11:00:24,1.95,50,138350
20240209,11:00:25,1.95,50,138350
20240209,11:00:37,1.95,100,138350
20240209,11:00:38,1.95,50,138350
20240209,11:00:39,1.95,150,138350
20240209,11:00:48,2.0,800,138350
20240209,11:00:56,1.95,1750,138350
20240209,11:00:57,1.9,2800,138350
20240209,11:00:58,1.95,1600,138350
20240209,11:01:02,1.95,100,138350
20240209,11:01:09,2.0,150,138350
20240209,11:01:25,2.0,800,138350
20240209,11:01:28,1.95,50,138350
20240209,11:01:31,1.95,100,138350
20240209,11:01:57,1.95,50,130600
20240209,11:01:58,2.0,100,130600
20240209,11:02:20,2.0,2050,130600
20240209,11:02:27,2.05,100,130600
20240209,11:02:38,2.0,50,130600
20240209,11:02:41,2.0,1250,130600
20240209,11:02:46,2.0,50,130600
20240209,11:03:07,2.0,950,130600
20240209,11:03:08,2.0,1800,130600
20240209,11:03:09,1.95,1800,130600
20240209,11:03:10,1.95,100,130600
20240209,11:03:11,1.95,100,130600
20240209,11:03:13,1.95,50,130600
20240209,11:03:14,1.95,50,130600
20240209,11:03:19,1.95,1300,130600
20240209,11:03:22,1.95,50,130600
20240209,11:03:25,1.95,50,130600
20240209,11:03:33,2.0,1000,130600
20240209,11:03:38,1.95,50,130600
20240209,11:03:39,1.95,100,130600
20240209,11:04:12,2.0,250,130600
20240209,11:04:13,2.0,5900,130600
20240209,11:04:15,2.0,1300,130600
20240209,11:04:16,2.0,250,130600
20240209,11:04:35,2.0,500,124850
20240209,11:04:37,2.0,2350,124850
20240209,11:04:40,2.0,2550,124850
20240209,11:04:42,2.05,2100,124850
20240209,11:04:43,2.05,100,124850
20240209,11:04:49,2.05,200,124850
20240209,11:04:54,2.1,500,124850
20240209,11:05:05,2.15,50,124850
20240209,11:05:08,2.15,900,124850
20240209,11:05:10,2.15,1000,124850
20240209,11:05:11,2.15,200,124850
20240209,11:05:12,2.15,3100,124850
20240209,11:05:14,2.15,2000,124850
20240209,11:05:15,2.15,150,124850
20240209,11:05:18,2.15,50,124850
20240209,11:05:21,2.15,300,124850
20240209,11:05:24,2.15,100,124850
20240209,11:05:25,2.1,1900,124850
20240209,11:05:26,2.15,250,124850
20240209,11:05:27,2.1,300,124850
20240209,11:05:31,2.1,50,124850
20240209,11:05:33,2.1,1500,124850
20240209,11:05:34,2.1,200,124850
20240209,11:05:35,2.1,1000,124850
20240209,11:05:36,2.1,700,124850
20240209,11:05:42,2.1,100,124850
20240209,11:05:44,2.05,300,124850
20240209,11:05:45,2.0,250,124850
20240209,11:05:46,2.05,3450,124850
20240209,11:05:51,2.0,50,124850
20240209,11:05:57,2.0,1800,124850
20240209,11:06:05,2.05,3300,124850
20240209,11:06:14,2.05,200,124850
20240209,11:06:15,2.1,1600,124850
20240209,11:06:16,2.1,100,124850
20240209,11:06:18,2.1,100,124850
20240209,11:06:20,2.1,50,124850
20240209,11:06:21,2.1,50,124850
20240209,11:06:22,2.1,2600,124850
20240209,11:06:27,2.1,50,124850
20240209,11:06:28,2.05,50,124850
20240209,11:06:32,2.1,950,124850
20240209,11:06:32,2.1,150,124850
20240209,11:06:34,2.1,150,124850
20240209,11:06:38,2.1,100,124850
20240209,11:06:49,2.15,50,124850
20240209,11:06:54,2.1,950,124850
20240209,11:07:05,2.05,300,124850
20240209,11:07:05,2.05,50,124850
20240209,11:07:07,2.05,250,124850
20240209,11:07:08,2.05,350,124850
20240209,11:07:09,2.05,50,124850
20240209,11:07:12,2.05,150,124850
20240209,11:07:13,2.05,50,124850
20240209,11:07:16,2.05,150,124850
20240209,11:07:17,2.05,250,124850
20240209,11:07:18,2.05,200,124850
20240209,11:07:19,2.05,150,124850
20240209,11:07:20,2.05,200,124850
20240209,11:07:22,2.05,100,124850
20240209,11:07:23,2.05,100,124850
20240209,11:07:24,2.05,100,124850
20240209,11:07:28,2.05,50,124850
20240209,11:07:30,2.1,50,124850
20240209,11:07:49,2.1,950,111900
20240209,11:07:50,2.1,50,111900
20240209,11:07:54,2.1,750,111900
20240209,11:07:57,2.1,50,111900
20240209,11:07:59,2.1,50,111900
20240209,11:08:04,2.15,150,111900
20240209,11:08:05,2.1,300,111900
20240209,11:08:09,2.05,100,111900
20240209,11:08:11,2.05,100,111900
20240209,11:08:12,2.05,100,111900
20240209,11:08:13,2.05,50,111900
20240209,11:08:14,2.05,50,111900
20240209,11:08:15,2.05,100,111900
20240209,11:08:17,2.05,50,111900
20240209,11:08:18,2.1,250,111900
20240209,11:08:19,2.05,50,111900
20240209,11:08:20,2.05,50,111900
20240209,11:08:21,2.05,50,111900
20240209,11:08:22,2.05,200,111900
20240209,11:08:23,2.05,100,111900
20240209,11:08:24,2.0,50,111900
20240209,11:08:25,2.0,250,111900
20240209,11:08:26,2.0,100,111900
20240209,11:08:31,2.0,100,111900
20240209,11:08:32,2.0,150,111900
20240209,11:08:33,1.95,150,111900
20240209,11:08:34,1.95,150,111900
20240209,11:08:35,1.95,150,111900
20240209,11:08:36,1.95,150,111900
20240209,11:08:37,1.95,150,111900
20240209,11:08:38,1.95,200,111900
20240209,11:08:39,1.95,150,111900
20240209,11:08:40,1.9,450,111900
20240209,11:08:42,1.9,200,111900
20240209,11:08:46,1.9,200,111900
20240209,11:08:47,1.9,150,111900
20240209,11:08:48,1.9,150,111900
20240209,11:08:49,1.9,200,111900
20240209,11:08:50,1.9,150,111900
20240209,11:08:52,1.95,250,111900
20240209,11:08:54,1.95,100,111900
20240209,11:08:55,1.9,150,111900
20240209,11:08:56,1.9,150,111900
20240209,11:08:57,1.95,250,111900
20240209,11:08:58,1.95,150,111900
20240209,11:09:03,1.95,400,111900
20240209,11:09:04,1.95,250,111900
20240209,11:09:05,1.95,250,111900
20240209,11:09:12,1.95,50,111900
20240209,11:09:17,1.95,700,111900
20240209,11:09:20,1.95,50,111900
20240209,11:09:23,1.95,50,111900
20240209,11:09:24,1.95,50,111900
20240209,11:09:31,1.95,150,111900
20240209,11:09:32,1.95,150,111900
20240209,11:09:33,1.95,150,111900
20240209,11:09:37,1.95,50,111900
20240209,11:09:42,2.0,100,111900
20240209,11:09:48,2.0,50,111900
20240209,11:10:14,2.0,100,111900
20240209,11:10:19,2.0,200,111900
20240209,11:10:44,2.0,50,108600
20240209,11:11:02,2.0,50,108600
20240209,11:11:07,2.0,250,108600
20240209,11:11:08,2.0,150,108600
20240209,11:11:15,1.95,50,108600
20240209,11:11:17,1.95,50,108600
20240209,11:11:19,1.95,50,108600
20240209,11:11:27,1.9,50,108600
20240209,11:11:34,1.85,150,108600
20240209,11:11:35,1.85,150,108600
20240209,11:11:40,1.85,250,108600
20240209,11:11:42,1.85,400,108600
20240209,11:11:43,1.8,150,108600
20240209,11:11:44,1.8,150,108600
20240209,11:11:45,1.8,150,108600
20240209,11:11:46,1.8,350,108600
20240209,11:11:47,1.8,150,108600
20240209,11:11:48,1.8,50,108600
20240209,11:11:55,1.8,200,108600
20240209,11:12:03,1.8,400,108600
20240209,11:12:05,1.85,400,108600
20240209,11:12:06,1.9,650,108600
20240209,11:12:30,1.9,100,108600
20240209,11:12:44,1.85,1000,108600
20240209,11:13:03,1.9,100,108600
20240209,11:13:10,1.9,700,108600
20240209,11:13:26,1.9,50,108600
20240209,11:13:28,1.9,50,108600
20240209,11:13:29,1.9,3200,108600
20240209,11:13:38,1.9,650,108500
20240209,11:14:26,1.85,600,108500
20240209,11:14:29,1.85,150,108500
20240209,11:15:16,1.9,50,108500
20240209,11:15:19,1.85,250,108500
20240209,11:15:21,1.85,250,108500
20240209,11:15:34,1.85,500,108500
20240209,11:15:34,1.85,250,108500
20240209,11:15:35,1.85,1650,108500
20240209,11:15:36,1.85,250,108500
20240209,11:15:41,1.85,800,108500
20240209,11:16:08,1.9,50,108500
20240209,11:16:18,1.9,50,108500
20240209,11:16:20,1.85,950,108500
20240209,11:16:29,1.9,50,108500
20240209,11:16:34,1.9,1450,108500
20240209,11:16:41,1.95,550,107300
20240209,11:16:42,1.95,200,107300
20240209,11:16:52,2.0,950,107300
20240209,11:16:55,2.0,550,107300
20240209,11:17:01,2.0,550,107300
20240209,11:17:05,2.0,750,107300
20240209,11:17:05,2.0,100,107300
20240209,11:17:17,2.0,950,107300
20240209,11:17:21,2.0,1150,107300
20240209,11:17:28,2.0,500,107300
20240209,11:17:36,2.0,150,107300
20240209,11:17:58,2.0,50,107300
20240209,11:18:07,2.0,300,107300
20240209,11:18:23,2.0,600,107300
20240209,11:18:33,2.0,50,107300
20240209,11:19:09,2.0,7700,107300
20240209,11:19:17,2.0,50,107300
20240209,11:19:37,2.0,50,106550
20240209,11:19:42,2.0,50,106550
20240209,11:19:56,2.0,50,106550
20240209,11:20:06,2.0,50,106550
20240209,11:20:12,2.0,50,106550
20240209,11:20:18,2.0,50,106550
20240209,11:20:20,2.0,2200,106550
20240209,11:20:32,2.05,50,106550
20240209,11:20:40,2.05,50,106550
20240209,11:20:54,2.05,1050,106550
20240209,11:20:57,2.05,400,106550
20240209,11:21:00,2.05,50,106550
20240209,11:21:04,2.1,500,106550
20240209,11:21:07,2.1,650,106550
20240209,11:21:08,2.1,50,106550
20240209,11:21:10,2.1,50,106550
20240209,11:21:15,2.1,100,106550
20240209,11:21:16,2.1,50,106550
20240209,11:21:33,2.15,50,106550
20240209,11:21:44,2.1,50,106550
20240209,11:21:50,2.1,400,106550
20240209,11:22:15,2.05,50,106550
20240209,11:22:23,2.05,50,106550
20240209,11:22:30,2.1,50,106550
20240209,11:22:40,2.05,300,105650
20240209,11:22:41,2.05,50,105650
20240209,11:22:44,2.05,450,105650
20240209,11:22:51,2.05,50,105650
20240209,11:23:30,2.05,100,105650
20240209,11:23:31,2.05,400,105650
20240209,11:23:46,2.05,50,105650
20240209,11:24:10,2.05,50,105650
20240209,11:24:36,2.05,50,105650
20240209,11:24:38,2.05,400,105650
20240209,11:24:48,2.1,50,105650
20240209,11:25:02,2.05,100,105650
20240209,11:25:05,2.1,50,105650
20240209,11:25:20,2.05,200,105650
20240209,11:25:21,2.05,250,105650
20240209,11:25:32,2.1,100,105650
20240209,11:26:04,2.05,50,105400
20240209,11:26:30,2.05,300,105400
20240209,11:26:35,2.05,50,105400
20240209,11:26:46,2.1,50,105400
20240209,11:26:58,2.05,300,105400
20240209,11:27:05,2.1,250,105400
20240209,11:27:09,2.1,850,105400
20240209,11:28:05,2.05,800,105400
20240209,11:28:18,2.05,50,105400
20240209,11:28:29,2.05,50,105400
20240209,11:28:33,2.05,250,105400
20240209,11:28:37,2.05,500,107200
20240209,11:28:42,2.05,250,107200
20240209,11:28:48,2.05,550,107200
20240209,11:28:52,2.05,550,107200
20240209,11:28:53,2.05,50,107200
20240209,11:29:06,2.05,50,107200
20240209,11:29:09,2.05,250,107200
20240209,11:29:12,2.05,250,107200
20240209,11:29:21,2.05,550,107200
20240209,11:29:22,2.05,250,107200
20240209,11:29:23,2.05,100,107200
20240209,11:29:24,2.05,800,107200
20240209,11:29:25,2.05,700,107200
20240209,11:29:26,2.05,350,107200
20240209,11:29:27,2.05,350,107200
20240209,11:29:28,2.05,350,107200
20240209,11:29:30,2.05,300,107200
20240209,11:29:31,2.05,550,107200
20240209,11:29:32,2.05,350,107200
20240209,11:29:34,2.05,100,107200
20240209,11:29:37,2.05,50,107200
20240209,11:29:38,2.05,50,107200
20240209,11:29:39,2.05,50,107200
20240209,11:29:40,2.05,500,107200
20240209,11:29:45,2.05,550,107200
20240209,11:29:48,2.05,50,107200
20240209,11:29:49,2.05,50,107200
20240209,11:29:50,2.05,1250,107200
20240209,11:29:53,2.05,500,107200
20240209,11:29:55,2.05,1900,107200
20240209,11:30:02,2.0,350,107200
20240209,11:30:07,2.0,350,107200
20240209,11:30:11,2.0,2150,107200
20240209,11:30:23,1.95,100,107200
20240209,11:30:29,2.0,100,107200
20240209,11:30:50,2.0,50,107200
20240209,11:30:56,2.0,50,107200
20240209,11:30:58,2.0,50,107200
20240209,11:30:59,2.0,50,107200
20240209,11:31:00,2.0,50,107200
20240209,11:31:01,2.0,50,107200
20240209,11:31:02,2.0,3800,107200
20240209,11:31:19,2.05,1100,107200
20240209,11:31:26,2.1,50,107200
20240209,11:31:39,2.1,50,116000
20240209,11:31:42,2.1,50,116000
20240209,11:31:50,2.1,50,116000
20240209,11:31:51,2.1,100,116000
20240209,11:31:57,2.15,1800,116000
20240209,11:32:00,2.15,50,116000
20240209,11:32:43,2.15,50,116000
20240209,11:32:56,2.15,50,116000
20240209,11:33:17,2.1,50,116000
20240209,11:33:51,2.1,50,116000
20240209,11:33:52,2.1,50,116000
20240209,11:33:57,2.1,50,116000
20240209,11:34:05,2.1,50,116000
20240209,11:34:13,2.1,50,116000
20240209,11:34:26,2.1,100,116000
20240209,11:34:41,2.05,50,117850
20240209,11:35:16,2.05,900,117850
20240209,11:35:19,2.05,50,117850
20240209,11:35:20,2.05,50,117850
20240209,11:35:21,2.05,5150,117850
20240209,11:35:22,2.05,100,117850
20240209,11:35:23,2.05,50,117850
20240209,11:35:28,2.05,50,117850
20240209,11:35:52,2.05,100,117850
20240209,11:36:03,2.0,600,117850
20240209,11:36:04,2.0,350,117850
20240209,11:36:11,2.0,50,117850
20240209,11:36:12,2.0,250,117850
20240209,11:36:13,2.0,50,117850
20240209,11:36:59,1.95,100,117850
20240209,11:37:23,2.0,100,117850
20240209,11:37:28,1.95,50,117850
20240209,11:37:30,1.95,200,117850
20240209,11:37:50,1.95,50,119000
20240209,11:38:08,1.95,100,119000
20240209,11:38:10,1.95,250,119000
20240209,11:38:19,1.95,300,119000
20240209,11:38:20,1.95,1200,119000
20240209,11:38:37,1.9,200,119000
20240209,11:38:37,1.9,350,119000
20240209,11:38:45,1.9,100,119000
20240209,11:39:08,1.85,50,119000
20240209,11:39:28,1.9,50,119000
20240209,11:39:39,1.9,100,119000
20240209,11:39:41,1.9,50,119000
20240209,11:40:03,1.9,50,119000
20240209,11:40:07,1.9,700,119000
20240209,11:40:30,1.95,200,119000
20240209,11:40:33,1.95,50,119000
20240209,11:40:42,1.95,50,119850
20240209,11:40:49,1.9,150,119850
20240209,11:40:50,1.9,50,119850
20240209,11:40:54,1.85,150,119850
20240209,11:40:59,1.9,1000,119850
20240209,11:41:03,1.9,100,119850
20240209,11:41:08,1.9,250,119850
20240209,11:41:10,1.9,50,119850
20240209,11:41:11,1.9,250,119850
20240209,11:41:12,1.9,50,119850
20240209,11:41:14,1.9,250,119850
20240209,11:41:16,1.9,550,119850
20240209,11:41:27,1.85,2850,119850
20240209,11:41:29,1.85,1250,119850
20240209,11:41:37,1.85,100,119850
20240209,11:41:52,1.85,200,119850
20240209,11:42:02,1.9,50,119850
20240209,11:42:32,1.9,50,119850
20240209,11:42:39,1.9,1300,119850
20240209,11:42:40,1.9,50,119850
20240209,11:43:01,1.9,50,119850
20240209,11:43:03,1.9,100,119850
20240209,11:43:22,1.9,50,119850
20240209,11:43:23,1.9,50,119850
20240209,11:43:24,1.9,50,119850
20240209,11:43:25,1.9,50,119850
20240209,11:43:30,1.9,50,119850
20240209,11:43:40,1.9,100,121050
20240209,11:43:51,1.9,50,121050
20240209,11:43:52,1.9,50,121050
20240209,11:44:04,1.9,50,121050
20240209,11:44:05,1.9,50,121050
20240209,11:44:06,1.9,50,121050
20240209,11:44:07,1.9,50,121050
20240209,11:44:08,1.9,50,121050
20240209,11:44:09,1.9,1350,121050
20240209,11:44:10,1.9,50,121050
20240209,11:44:11,1.9,50,121050
20240209,11:44:12,1.9,50,121050
20240209,11:44:13,1.9,50,121050
20240209,11:44:14,1.9,100,121050
20240209,11:44:15,1.9,100,121050
20240209,11:44:16,1.9,100,121050
20240209,11:44:17,1.9,100,121050
20240209,11:44:18,1.9,50,121050
20240209,11:44:19,1.9,50,121050
20240209,11:44:20,1.95,50,121050
20240209,11:44:21,1.95,50,121050
20240209,11:44:22,1.95,100,121050
20240209,11:44:23,1.95,50,121050
20240209,11:44:24,1.95,50,121050
20240209,11:44:25,1.95,50,121050
20240209,11:44:26,1.95,50,121050
20240209,11:44:27,1.95,50,121050
20240209,11:44:40,1.95,50,121050
20240209,11:44:41,1.95,50,121050
20240209,11:44:42,1.95,50,121050
20240209,11:44:43,1.95,150,121050
20240209,11:44:44,1.95,150,121050
20240209,11:44:45,1.95,150,121050
20240209,11:44:48,1.95,50,121050
20240209,11:44:49,1.95,50,121050
20240209,11:44:50,1.95,150,121050
20240209,11:44:51,1.95,150,121050
20240209,11:44:52,1.95,50,121050
20240209,11:44:54,1.95,50,121050
20240209,11:44:55,1.95,50,121050
20240209,11:44:56,1.95,50,121050
20240209,11:44:57,1.95,50,121050
20240209,11:44:58,2.0,50,121050
20240209,11:44:59,2.0,50,121050
20240209,11:45:00,2.0,50,121050
20240209,11:45:01,2.0,50,121050
20240209,11:45:02,1.95,100,121050
20240209,11:45:06,2.0,50,121050
20240209,11:45:07,2.0,50,121050
20240209,11:45:08,2.0,50,121050
20240209,11:45:09,2.0,50,121050
20240209,11:45:10,1.95,100,121050
20240209,11:45:11,1.95,50,121050
20240209,11:45:12,1.95,50,121050
20240209,11:45:15,2.0,50,121050
20240209,11:45:16,2.0,50,121050
20240209,11:45:17,2.0,50,121050
20240209,11:45:18,2.0,50,121050
20240209,11:45:19,2.0,50,121050
20240209,11:45:20,2.0,50,121050
20240209,11:45:21,2.0,50,121050
20240209,11:45:22,2.0,50,121050
20240209,11:45:23,2.0,50,121050
20240209,11:45:24,2.0,50,121050
20240209,11:45:25,2.0,50,121050
20240209,11:45:26,2.0,50,121050
20240209,11:45:27,2.0,50,121050
20240209,11:45:28,2.0,50,121050
20240209,11:45:29,2.0,50,121050
20240209,11:45:30,2.0,50,121050
20240209,11:45:31,2.0,50,121050
20240209,11:45:32,2.0,50,121050
20240209,11:45:33,2.0,1800,121050
20240209,11:45:34,2.05,50,121050
20240209,11:45:35,2.05,50,121050
20240209,11:45:36,2.05,50,121050
20240209,11:45:37,2.05,50,121050
20240209,11:45:38,2.05,50,121050
20240209,11:45:39,2.05,50,121050
20240209,11:45:40,2.05,50,121050
20240209,11:45:41,2.05,50,121050
20240209,11:45:42,2.05,50,121050
20240209,11:45:43,2.05,50,121050
20240209,11:45:44,2.05,50,121050
20240209,11:45:45,2.05,50,121050
20240209,11:45:46,2.05,50,121050
20240209,11:45:47,2.05,50,121050
20240209,11:45:48,2.05,50,121050
20240209,11:45:49,2.05,50,121050
20240209,11:45:51,2.05,50,121050
20240209,11:45:52,2.05,50,121050
20240209,11:45:53,2.0,100,121050
20240209,11:46:09,2.05,50,121050
20240209,11:46:10,2.05,50,121050
20240209,11:46:11,2.05,50,121050
20240209,11:46:12,2.05,50,121050
20240209,11:46:13,2.05,50,121050
20240209,11:46:14,2.05,50,121050
20240209,11:46:15,2.05,50,121050
20240209,11:46:16,2.05,50,121050
20240209,11:46:17,2.05,50,121050
20240209,11:46:18,2.05,50,121050
20240209,11:46:19,2.05,50,121050
20240209,11:46:20,2.05,50,121050
20240209,11:46:21,2.05,50,121050
20240209,11:46:22,2.05,1350,121050
20240209,11:46:23,2.05,450,121050
20240209,11:46:24,2.05,150,121050
20240209,11:46:25,2.05,50,121050
20240209,11:46:28,2.05,50,121050
20240209,11:46:29,2.05,50,121050
20240209,11:46:30,2.05,50,121050
20240209,11:46:31,2.05,50,121050
20240209,11:46:32,2.05,50,121050
20240209,11:46:33,2.05,50,121050
20240209,11:46:34,2.05,50,121050
20240209,11:46:35,2.05,50,121050
20240209,11:46:36,2.05,50,121050
20240209,11:46:37,2.05,50,121050
20240209,11:46:38,2.05,50,121050
20240209,11:46:39,2.05,50,121050
20240209,11:46:40,2.05,50,124100
20240209,11:46:43,2.05,50,124100
20240209,11:47:02,2.05,50,124100
20240209,11:47:12,2.05,1050,124100
20240209,11:47:13,2.0,1500,124100
20240209,11:47:16,2.05,50,124100
20240209,11:47:19,2.1,50,124100
20240209,11:47:20,2.05,100,124100
20240209,11:47:21,2.1,50,124100
20240209,11:47:22,2.1,50,124100
20240209,11:47:23,2.1,50,124100
20240209,11:47:24,2.1,50,124100
20240209,11:47:25,2.1,50,124100
20240209,11:47:26,2.1,50,124100
20240209,11:47:27,2.1,50,124100
20240209,11:47:28,2.1,50,124100
20240209,11:47:29,2.1,50,124100
20240209,11:47:30,2.1,50,124100
20240209,11:47:31,2.1,50,124100
20240209,11:47:32,2.1,50,124100
20240209,11:47:33,2.1,50,124100
20240209,11:47:34,2.1,50,124100
20240209,11:47:35,2.1,50,124100
20240209,11:47:36,2.1,50,124100
20240209,11:47:37,2.1,50,124100
20240209,11:47:38,2.1,50,124100
20240209,11:47:41,2.1,50,124100
20240209,11:47:43,2.1,100,124100
20240209,11:47:44,2.1,50,124100
20240209,11:47:45,2.1,50,124100
20240209,11:47:46,2.1,50,124100
20240209,11:47:47,2.1,50,124100
20240209,11:47:54,2.1,50,124100
20240209,11:47:55,2.1,50,124100
20240209,11:47:56,2.1,50,124100
20240209,11:47:57,2.1,50,124100
20240209,11:48:00,2.1,50,124100
20240209,11:48:01,2.1,50,124100
20240209,11:48:02,2.1,50,124100
20240209,11:48:09,2.05,1050,124100
20240209,11:48:29,2.0,450,124100
20240209,11:48:30,2.05,50,124100
20240209,11:48:52,2.05,50,124100
20240209,11:48:53,2.05,50,124100
20240209,11:48:56,2.0,1350,124100
20240209,11:48:58,2.05,50,124100
20240209,11:49:02,2.05,600,124100
20240209,11:49:03,2.05,650,124100
20240209,11:49:04,2.05,550,124100
20240209,11:49:06,2.1,400,124100
20240209,11:49:07,2.1,350,124100
20240209,11:49:08,2.1,150,124100
20240209,11:49:09,2.1,450,124100
20240209,11:49:11,2.1,50,124100
20240209,11:49:24,2.1,800,124100
20240209,11:49:25,2.1,1150,124100
20240209,11:49:26,2.1,650,124100
20240209,11:50:12,2.1,50,129000
20240209,11:50:20,2.05,50,129000
20240209,11:50:21,2.05,50,129000
20240209,11:50:23,2.05,50,129000
20240209,11:50:24,2.05,150,129000
20240209,11:50:25,2.0,3000,129000
20240209,11:50:28,2.05,50,129000
20240209,11:51:16,2.05,100,129000
20240209,11:51:34,2.0,50,129000
20240209,11:51:35,2.0,100,129000
20240209,11:51:36,2.0,50,129000
20240209,11:51:37,2.0,50,129000
20240209,11:51:38,2.0,50,129000
20240209,11:51:39,2.0,50,129000
20240209,11:51:43,2.0,50,129000
20240209,11:51:44,2.0,50,129000
20240209,11:51:45,2.0,50,129000
20240209,11:51:48,2.0,50,129000
20240209,11:51:49,2.0,50,129000
20240209,11:51:50,2.0,50,129000
20240209,11:51:51,2.05,50,129000
20240209,11:51:54,2.05,50,129000
20240209,11:51:56,2.0,50,129000
20240209,11:51:57,2.05,50,129000
20240209,11:51:58,2.05,50,129000
20240209,11:51:59,2.05,50,129000
20240209,11:52:00,2.05,50,129000
20240209,11:52:01,2.05,50,129000
20240209,11:52:02,2.05,50,129000
20240209,11:52:03,2.05,50,129000
20240209,11:52:04,2.05,50,129000
20240209,11:52:05,2.05,50,129000
20240209,11:52:06,2.05,50,129000
20240209,11:52:07,2.05,50,129000
20240209,11:52:08,2.05,50,129000
20240209,11:52:09,2.05,50,129000
20240209,11:52:10,2.05,50,129000
20240209,11:52:11,2.05,50,129000
20240209,11:52:12,2.05,50,129000
20240209,11:52:13,2.05,50,129000
20240209,11:52:14,2.05,50,129000
20240209,11:52:15,2.05,50,129000
20240209,11:52:16,2.05,50,129000
20240209,11:52:17,2.05,50,129000
20240209,11:52:18,2.05,50,129000
20240209,11:52:20,2.05,350,129000
20240209,11:52:21,2.05,50,129000
20240209,11:52:22,2.05,50,129000
20240209,11:52:23,2.05,50,129000
20240209,11:52:28,2.05,50,129000
20240209,11:52:29,2.05,50,129000
20240209,11:52:31,2.05,50,129000
20240209,11:52:32,2.05,50,129000
20240209,11:52:33,2.05,50,129000
20240209,11:52:34,2.05,50,129000
20240209,11:52:36,2.05,50,129000
20240209,11:52:37,2.05,50,129000
20240209,11:52:38,2.05,50,129000
20240209,11:52:39,2.05,50,129000
20240209,11:52:40,2.05,50,129000
20240209,11:52:41,2.05,50,130450
20240209,11:52:42,2.0,100,130450
20240209,11:52:43,2.05,50,130450
20240209,11:52:44,2.05,50,130450
20240209,11:52:45,2.05,50,130450
20240209,11:52:46,2.05,50,130450
20240209,11:52:47,2.0,150,130450
20240209,11:52:48,2.05,50,130450
20240209,11:52:51,2.05,50,130450
20240209,11:52:55,2.05,450,130450
20240209,11:52:56,2.05,50,130450
20240209,11:52:57,2.05,50,130450
20240209,11:52:58,2.05,50,130450
20240209,11:52:59,2.05,50,130450
20240209,11:53:00,2.05,50,130450
20240209,11:53:11,2.05,50,130450
20240209,11:53:12,2.05,50,130450
20240209,11:53:13,2.05,50,130450
20240209,11:53:14,2.05,50,130450
20240209,11:53:15,2.05,50,130450
20240209,11:53:16,2.05,50,130450
20240209,11:53:17,2.05,50,130450
20240209,11:53:18,2.05,50,130450
20240209,11:53:19,2.05,50,130450
20240209,11:53:20,2.05,150,130450
20240209,11:53:21,2.05,150,130450
20240209,11:53:22,2.05,150,130450
20240209,11:53:26,2.05,50,130450
20240209,11:53:27,2.05,50,130450
20240209,11:53:28,2.05,50,130450
20240209,11:53:29,2.05,50,130450
20240209,11:53:32,2.0,200,130450
20240209,11:53:34,2.05,50,130450
20240209,11:53:36,2.05,50,130450
20240209,11:53:37,2.05,50,130450
20240209,11:53:38,2.05,50,130450
20240209,11:53:39,2.05,50,130450
20240209,11:53:40,2.05,50,130450
20240209,11:53:41,2.05,150,130450
20240209,11:53:42,2.05,150,130450
20240209,11:53:43,2.05,1650,130450
20240209,11:53:44,2.05,50,130450
20240209,11:53:45,2.05,50,130450
20240209,11:53:47,2.05,50,130450
20240209,11:53:48,2.05,50,130450
20240209,11:53:50,2.05,50,130450
20240209,11:53:51,2.05,50,130450
20240209,11:53:52,2.05,50,130450
20240209,11:53:53,2.05,50,130450
20240209,11:53:54,2.05,50,130450
20240209,11:53:55,2.05,50,130450
20240209,11:53:56,2.05,50,130450
20240209,11:53:57,2.05,50,130450
20240209,11:53:58,2.05,50,130450
20240209,11:53:59,2.05,1400,130450
20240209,11:54:00,2.05,50,130450
20240209,11:54:01,2.05,50,130450
20240209,11:54:02,2.05,50,130450
20240209,11:54:03,2.05,150,130450
20240209,11:54:04,2.05,650,130450
20240209,11:54:07,2.0,450,130450
20240209,11:54:09,2.05,50,130450
20240209,11:54:10,2.05,100,130450
20240209,11:54:11,2.05,150,130450
20240209,11:54:12,2.05,150,130450
20240209,11:54:13,2.05,150,130450
20240209,11:54:14,2.05,150,130450
20240209,11:54:15,2.05,50,130450
20240209,11:54:16,2.05,50,130450
20240209,11:54:17,2.05,50,130450
20240209,11:54:18,2.05,200,130450
20240209,11:54:19,2.05,150,130450
20240209,11:54:20,2.05,1650,130450
20240209,11:54:21,2.05,150,130450
20240209,11:54:22,2.05,50,130450
20240209,11:54:23,2.05,100,130450
20240209,11:54:24,2.05,50,130450
20240209,11:54:25,2.05,50,130450
20240209,11:54:26,2.05,50,130450
20240209,11:54:28,2.05,50,130450
20240209,11:54:29,2.05,50,130450
20240209,11:54:30,2.05,50,130450
20240209,11:54:31,2.05,50,130450
20240209,11:54:38,2.05,50,130450
20240209,11:54:39,2.05,50,130450
20240209,11:54:40,2.05,50,130450
20240209,11:54:41,2.05,50,130450
20240209,11:54:42,2.05,100,130450
20240209,11:54:43,2.1,300,130450
20240209,11:54:44,2.1,50,130450
20240209,11:54:45,2.1,150,130450
20240209,11:54:46,2.1,200,130450
20240209,11:54:47,2.1,150,130450
20240209,11:54:49,2.1,50,130450
20240209,11:54:52,2.1,50,130450
20240209,11:54:54,2.1,50,130450
20240209,11:55:00,2.1,50,130450
20240209,11:55:03,2.1,100,130450
20240209,11:55:05,2.1,50,130450
20240209,11:55:06,2.1,50,130450
20240209,11:55:07,2.1,50,130450
20240209,11:55:10,2.05,450,130450
20240209,11:55:32,2.05,300,130450
20240209,11:55:51,2.05,600,137150
20240209,11:55:52,2.05,50,137150
20240209,11:55:54,2.05,50,137150
20240209,11:55:58,2.05,50,137150
20240209,11:56:00,2.0,50,137150
20240209,11:56:27,2.05,50,137150
20240209,11:56:30,2.05,50,137150
20240209,11:56:34,2.05,50,137150
20240209,11:56:57,2.05,1000,137150
20240209,11:57:10,2.05,50,137150
20240209,11:58:47,2.05,50,137150
20240209,11:58:49,2.0,150,138400
20240209,11:58:57,2.0,50,138400
20240209,12:00:27,2.0,50,138400
20240209,12:01:00,1.95,150,138400
20240209,12:01:10,1.95,50,138400
20240209,12:01:16,1.9,50,138400
20240209,12:01:17,1.9,200,138400
20240209,12:01:19,1.95,450,138400
20240209,12:01:20,1.95,200,138400
20240209,12:01:21,1.95,200,138400
20240209,12:01:23,1.95,250,138400
20240209,12:01:23,1.95,50,138400
20240209,12:01:25,1.9,100,138400
20240209,12:01:26,1.9,200,138400
20240209,12:01:27,1.9,200,138400
20240209,12:01:29,1.9,400,138400
20240209,12:01:30,1.9,200,138400
20240209,12:01:31,1.9,200,138400
20240209,12:01:32,1.9,200,138400
20240209,12:01:33,1.9,200,138400
20240209,12:01:34,1.9,200,138400
20240209,12:01:35,1.9,200,138400
20240209,12:01:37,1.85,2600,138400
20240209,12:01:38,1.85,200,138400
20240209,12:01:39,1.85,200,138400
20240209,12:01:40,1.85,200,138400
20240209,12:01:41,1.85,3300,138400
20240209,12:01:42,1.85,550,136350
20240209,12:01:43,1.8,150,136350
20240209,12:01:45,1.8,300,136350
20240209,12:01:46,1.8,150,136350
20240209,12:01:47,1.8,150,136350
20240209,12:01:48,1.8,150,136350
20240209,12:01:49,1.8,150,136350
20240209,12:01:50,1.8,150,136350
20240209,12:01:51,1.8,150,136350
20240209,12:01:52,1.8,150,136350
20240209,12:01:53,1.8,150,136350
20240209,12:01:55,1.8,300,136350
20240209,12:01:56,1.8,150,136350
20240209,12:02:01,1.8,50,136350
20240209,12:02:02,1.8,150,136350
20240209,12:02:03,1.8,150,136350
20240209,12:02:04,1.8,150,136350
20240209,12:02:17,1.8,150,136350
20240209,12:02:18,1.8,150,136350
20240209,12:02:23,1.8,200,136350
20240209,12:02:44,1.8,50,136350
20240209,12:02:48,1.8,100,136350
20240209,12:03:36,1.8,200,136350
20240209,12:03:39,1.85,50,136350
20240209,12:04:14,1.8,100,136350
20240209,12:05:03,1.85,250,136350
20240209,12:05:04,1.85,250,132400
20240209,12:05:10,1.85,50,132400
20240209,12:05:11,1.85,50,132400
20240209,12:06:18,1.85,50,132400
