date,time,tick_price,volume,open_interest
20231229,09:28:18,360.0,50,50
20231229,09:30:15,360.0,100,50
20231229,09:31:08,360.0,1000,50
20231229,09:32:50,360.0,50,1150
20231229,09:33:53,359.95,1100,1150
20231229,09:36:17,355.8,50,2300
20231229,09:36:46,353.9,50,2300
20231229,09:37:30,353.9,300,2300
20231229,09:38:44,362.3,50,2700
20231229,09:39:35,363.85,100,2700
20231229,09:39:43,364.0,450,2700
20231229,09:39:50,362.4,300,2700
20231229,09:40:29,365.0,300,2700
20231229,09:41:42,365.0,300,3900
20231229,09:42:36,362.25,300,3900
20231229,09:44:06,363.0,350,3900
20231229,09:44:13,363.95,200,3900
20231229,09:45:09,361.4,500,4450
20231229,09:45:30,361.4,400,4450
20231229,09:46:39,365.0,50,4450
20231229,09:47:42,366.4,300,5100
20231229,09:48:08,366.7,50,5100
20231229,09:48:50,366.7,250,5100
20231229,09:48:58,361.05,1800,5100
20231229,09:49:19,361.9,150,5100
20231229,09:50:45,363.95,200,6700
20231229,09:51:19,364.0,150,6700
20231229,09:52:37,363.0,1000,6700
20231229,09:52:52,362.6,500,6700
20231229,09:52:59,362.5,500,6700
20231229,09:54:51,360.0,100,7650
20231229,09:55:13,362.0,100,7650
20231229,09:57:12,363.0,300,7700
20231229,09:57:19,362.5,250,7700
20231229,09:57:26,362.0,200,7700
20231229,09:57:34,362.0,250,7700
20231229,09:57:41,362.0,200,7700
20231229,09:58:02,362.5,450,7700
20231229,09:58:10,362.5,550,7700
20231229,09:58:50,363.0,1200,7700
20231229,09:59:35,366.95,200,10850
20231229,09:59:50,367.0,50,10850
20231229,09:59:59,367.15,100,10850
20231229,10:00:07,367.0,50,10850
20231229,10:00:33,365.95,100,10850
20231229,10:02:10,363.0,50,10850
20231229,10:03:08,363.0,100,11150
20231229,10:03:59,360.0,550,11150
20231229,10:04:14,360.0,250,11150
20231229,10:04:21,359.0,500,11150
20231229,10:04:36,360.0,300,11150
20231229,10:04:56,360.0,50,11150
20231229,10:07:43,363.55,1050,12650
20231229,10:07:51,366.55,850,12650
20231229,10:08:00,365.85,850,12650
20231229,10:08:19,368.0,200,14850
20231229,10:08:55,370.2,50,14850
20231229,10:09:19,370.2,100,14850
20231229,10:09:26,370.0,100,14850
20231229,10:09:34,370.0,100,14850
20231229,10:09:56,367.0,400,14850
20231229,10:10:04,367.6,300,14850
20231229,10:12:06,372.5,2000,16050
20231229,10:14:30,372.5,150,16050
20231229,10:15:09,377.3,150,16050
20231229,10:19:14,369.05,100,16200
20231229,10:19:47,370.0,100,16200
20231229,10:20:28,370.0,50,16300
20231229,10:23:31,367.4,50,16350
20231229,10:24:16,365.0,100,16350
20231229,10:24:33,365.0,250,16350
20231229,10:24:41,364.3,900,16350
20231229,10:24:57,364.95,100,16350
20231229,10:25:27,363.0,250,16350
20231229,10:26:04,363.0,150,16350
20231229,10:26:26,363.0,50,17900
20231229,10:27:18,363.05,50,17900
20231229,10:27:40,365.0,50,17900
20231229,10:34:14,361.75,50,18000
20231229,10:36:45,361.7,100,18000
20231229,10:38:06,359.05,50,18000
20231229,10:38:21,358.55,100,18050
20231229,10:39:05,361.65,50,18050
20231229,10:41:37,359.0,100,18150
20231229,10:41:52,359.2,150,18150
20231229,10:46:34,358.1,250,18400
20231229,10:47:09,356.05,50,18400
20231229,10:47:35,355.0,900,18400
20231229,10:47:51,358.0,50,18600
20231229,10:49:17,360.0,50,18600
20231229,10:50:06,359.8,100,18600
20231229,10:50:31,358.6,50,19550
20231229,10:51:58,360.0,50,19550
20231229,10:52:22,362.0,50,19550
20231229,10:54:42,366.2,50,19700
20231229,10:54:59,364.15,150,19700
20231229,10:56:53,360.2,50,19700
20231229,10:57:41,362.6,100,19700
20231229,10:59:16,362.0,100,19700
20231229,11:02:05,360.4,50,19800
20231229,11:02:37,362.9,50,19850
20231229,11:07:12,362.5,50,19850
20231229,11:07:34,363.3,50,19850
20231229,11:07:53,362.0,100,19850
20231229,11:08:46,362.0,50,19950
20231229,11:11:50,362.0,100,20000
20231229,11:12:28,360.0,50,20000
20231229,11:13:13,362.0,200,20000
20231229,11:13:29,362.95,50,20000
20231229,11:17:44,358.0,50,20100
20231229,11:20:12,355.55,100,20100
20231229,11:22:07,359.0,300,20150
20231229,11:28:47,356.55,300,20250
20231229,11:36:45,352.0,100,20250
20231229,11:37:41,351.9,150,20250
20231229,11:38:38,351.65,250,20350
20231229,11:39:25,351.65,50,20350
20231229,11:41:27,354.25,50,20350
20231229,11:41:53,354.1,50,20600
20231229,11:42:49,353.7,50,20600
20231229,11:44:43,356.0,50,20700
20231229,11:59:05,353.0,50,20750
20231229,12:01:38,355.0,100,20750
20231229,12:06:00,353.85,50,20750
20231229,12:11:36,353.25,100,20750
20231229,12:14:01,352.45,50,20750
20231229,12:16:53,350.0,50,20850
20231229,12:21:08,350.0,50,20900
20231229,12:26:21,348.5,50,20900
20231229,12:30:21,348.5,50,20900
20231229,12:31:14,355.0,50,20900
20231229,12:35:13,355.0,100,20950
20231229,12:37:02,354.7,600,20950
20231229,12:38:02,352.8,500,20950
20231229,12:38:40,354.5,50,20950
20231229,12:39:18,356.0,200,21950
20231229,12:43:30,358.5,100,22100
20231229,12:43:38,359.55,100,22100
20231229,12:45:09,360.15,50,22150
20231229,12:45:17,360.0,50,22150
20231229,12:45:33,360.0,150,22150
20231229,12:47:15,359.45,50,22150
20231229,12:48:51,359.45,100,22100
20231229,12:49:16,358.0,100,22100
20231229,12:50:14,357.0,100,22100
20231229,12:50:22,357.0,150,22100
20231229,12:51:38,357.95,250,22450
20231229,12:51:46,359.0,50,22450
20231229,12:51:54,358.0,100,22450
20231229,12:53:01,360.0,100,22450
20231229,12:53:42,358.0,50,22700
20231229,12:55:50,358.6,100,22700
20231229,12:59:42,357.0,100,22700
20231229,12:59:57,358.0,150,22700
20231229,13:01:25,356.0,50,22700
20231229,13:02:29,357.05,100,22700
20231229,13:02:54,358.6,150,22950
20231229,13:04:08,354.55,100,22950
20231229,13:07:43,352.0,250,23050
20231229,13:11:59,352.0,50,23050
20231229,13:17:19,350.0,50,23050
20231229,13:18:53,349.15,100,23100
20231229,13:19:01,348.75,150,23100
20231229,13:28:24,350.0,150,23100
20231229,13:30:17,354.4,150,23250
20231229,13:31:49,354.2,300,23250
20231229,13:35:18,351.5,150,23250
20231229,13:39:41,354.0,50,23250
20231229,13:44:35,349.1,50,23250
20231229,13:46:34,349.2,50,23250
20231229,13:46:49,349.15,100,23250
20231229,13:46:57,348.6,100,23250
20231229,13:47:06,348.0,50,23250
20231229,13:49:34,348.0,50,23400
20231229,13:55:40,351.1,50,23400
20231229,13:56:19,350.45,50,23400
20231229,13:58:47,350.9,50,23400
20231229,14:00:25,350.1,100,23400
20231229,14:00:53,350.0,50,23400
20231229,14:00:55,350.8,50,23400
20231229,14:00:56,350.7,50,23400
20231229,14:02:11,350.7,50,23400
20231229,14:02:57,351.1,50,23550
20231229,14:03:04,351.05,50,23550
20231229,14:03:19,351.1,50,23550
20231229,14:03:26,351.05,50,23550
20231229,14:03:34,351.7,50,23550
20231229,14:04:04,350.35,50,23550
20231229,14:06:03,348.35,100,23550
20231229,14:06:41,350.7,50,23550
20231229,14:10:22,353.4,1950,23650
20231229,14:13:09,356.45,50,25150
20231229,14:13:17,357.65,50,25150
20231229,14:13:25,357.35,50,25150
20231229,14:14:08,359.2,250,25150
20231229,14:14:17,360.85,150,25150
20231229,14:14:26,360.35,500,25150
20231229,14:14:53,361.7,50,25150
20231229,14:15:28,361.35,50,25600
20231229,14:15:37,360.45,100,25600
20231229,14:15:45,360.65,150,25600
20231229,14:16:11,362.05,50,25600
20231229,14:16:56,363.7,50,25600
20231229,14:17:13,362.0,100,25600
20231229,14:17:47,363.15,100,25600
20231229,14:18:28,361.55,50,25800
20231229,14:19:00,362.75,50,25800
20231229,14:19:08,363.0,50,25800
20231229,14:20:15,363.3,50,25800
20231229,14:20:32,360.9,50,25800
20231229,14:21:40,359.0,300,25900
20231229,14:21:48,359.25,50,25900
20231229,14:21:56,359.0,50,25900
20231229,14:22:12,360.0,100,25900
20231229,14:22:28,361.35,50,25900
20231229,14:22:36,361.35,350,25900
20231229,14:22:44,360.75,50,25900
20231229,14:22:53,361.5,100,25900
20231229,14:23:02,361.5,50,25900
20231229,14:23:18,361.55,50,25900
20231229,14:23:27,362.0,50,25900
20231229,14:24:01,363.9,100,25900
20231229,14:24:35,363.95,200,26700
20231229,14:25:31,367.2,200,26700
20231229,14:25:48,365.25,50,26700
20231229,14:25:56,366.9,100,26700
20231229,14:26:21,363.25,50,26700
20231229,14:26:30,363.65,50,26700
20231229,14:26:38,365.8,100,26700
20231229,14:26:47,365.25,150,26700
20231229,14:27:03,361.75,50,27200
20231229,14:27:20,363.25,50,27200
20231229,14:27:36,361.25,50,27200
20231229,14:28:01,362.0,50,27200
20231229,14:28:18,360.55,150,27200
20231229,14:28:34,360.6,50,27200
20231229,14:28:59,362.0,50,27200
20231229,14:29:07,360.15,50,27200
20231229,14:29:15,362.3,100,27200
20231229,14:30:28,360.35,50,27400
20231229,14:30:36,358.95,150,27400
20231229,14:31:17,358.3,100,27400
20231229,14:31:25,360.6,50,27400
20231229,14:31:59,357.05,50,27400
20231229,14:33:22,356.15,50,27600
20231229,14:34:10,356.25,100,27600
20231229,14:34:41,358.75,200,27600
20231229,14:35:18,353.55,50,27600
20231229,14:35:27,354.15,150,27600
20231229,14:35:52,354.3,50,27600
20231229,14:36:01,352.25,50,27800
20231229,14:36:43,352.55,850,27800
20231229,14:36:52,352.45,200,27800
20231229,14:37:19,349.25,100,27800
20231229,14:37:54,350.05,50,27800
20231229,14:38:02,350.25,50,27800
20231229,14:38:52,352.45,50,27800
20231229,14:41:00,352.8,200,28350
20231229,14:42:35,353.5,150,28400
20231229,14:42:58,353.4,250,28400
20231229,14:44:01,355.0,50,28400
20231229,14:44:33,355.0,50,28400
20231229,14:47:04,355.0,50,28450
20231229,14:47:51,354.0,150,28450
20231229,14:47:59,353.0,300,28450
20231229,14:48:48,353.85,150,28500
20231229,14:53:02,346.4,50,28200
20231229,15:00:08,346.4,250,28150
20231229,15:00:18,346.85,100,28150
20231229,15:00:28,346.0,400,28150
20231229,15:01:37,345.7,200,28150
20231229,15:01:47,344.5,300,28150
20231229,15:02:36,344.5,100,28150
20231229,15:02:45,345.7,100,28150
20231229,15:02:54,346.35,50,28150
20231229,15:03:38,347.0,50,28800
20231229,15:04:30,347.95,200,28800
20231229,15:05:00,347.0,50,28800
20231229,15:05:09,347.0,50,28800
20231229,15:05:52,348.9,50,28800
20231229,15:06:18,349.0,50,28800
20231229,15:07:22,349.0,50,28800
20231229,15:08:32,350.0,500,28800
20231229,15:08:59,353.0,150,28800
20231229,15:09:08,350.25,100,29400
20231229,15:09:27,353.0,300,29400
20231229,15:09:37,352.5,250,29400
20231229,15:09:46,350.0,200,29400
20231229,15:10:55,352.35,200,29400
20231229,15:11:37,350.05,50,29400
20231229,15:11:46,350.1,250,29400
20231229,15:12:29,350.7,100,29950
20231229,15:12:47,353.25,100,29950
20231229,15:12:57,351.2,50,29950
20231229,15:13:16,353.35,550,29950
20231229,15:13:25,353.7,300,29950
20231229,15:13:34,353.65,50,29950
20231229,15:14:26,355.0,50,29950
20231229,15:15:18,353.5,50,30900
20231229,15:16:10,352.0,50,30900
20231229,15:17:50,354.15,50,30900
20231229,15:18:07,354.45,1400,31250
20231229,15:18:24,354.0,150,31250
20231229,15:18:32,354.45,50,31250
20231229,15:19:14,355.0,450,31250
20231229,15:19:22,355.3,950,31250
20231229,15:19:39,355.65,100,31250
20231229,15:19:55,355.5,100,31250
20231229,15:20:16,355.6,200,31250
20231229,15:20:27,356.0,300,31250
20231229,15:20:36,356.1,50,31250
20231229,15:20:54,357.35,50,31250
20231229,15:21:54,355.75,100,33650
20231229,15:22:01,355.5,50,33650
20231229,15:22:10,355.75,300,33650
20231229,15:22:18,356.4,50,33650
20231229,15:22:43,355.4,50,33650
20231229,15:23:34,356.4,50,33650
20231229,15:23:42,356.4,100,33650
20231229,15:24:07,357.7,150,34700
20231229,15:24:16,357.85,600,34700
20231229,15:25:24,357.8,200,34700
20231229,15:25:42,358.35,650,34700
20231229,15:27:31,355.35,50,36100
20231229,15:27:57,356.6,500,36100
20231229,15:28:06,356.6,200,36100
20231229,15:28:57,354.55,50,36100
20231229,15:29:35,355.35,100,36100
20240101,09:19:46,366.0,1,35050
20240101,09:19:46,366.0,50,35050
20240101,09:21:36,374.05,50,35050
20240101,09:21:53,374.05,50,35050
20240101,09:22:03,370.0,50,35050
20240101,09:22:24,369.95,50,35050
20240101,09:24:07,368.0,250,35200
20240101,09:28:16,368.0,50,35450
20240101,09:28:56,368.0,50,35450
20240101,09:29:22,369.95,50,35450
20240101,09:30:45,366.65,100,35600
20240101,09:33:41,365.0,250,35700
20240101,09:33:58,365.0,100,35700
20240101,09:38:08,365.0,50,36000
20240101,09:39:06,365.0,150,36000
20240101,09:39:31,363.95,100,36000
20240101,09:40:05,363.95,100,36000
20240101,09:41:11,366.35,50,36000
20240101,09:41:27,366.0,50,36200
20240101,09:45:00,365.0,50,36200
20240101,09:46:49,362.0,500,36200
20240101,09:48:55,360.05,150,36750
20240101,09:49:05,360.0,250,36750
20240101,09:52:45,359.25,600,37150
20240101,09:53:18,355.5,100,37150
20240101,09:53:44,355.5,400,37000
20240101,09:54:02,355.0,50,37000
20240101,09:55:35,353.0,100,37000
20240101,09:56:43,353.0,150,37400
20240101,09:57:18,365.0,400,37400
20240101,09:58:41,359.05,300,37400
20240101,09:59:59,357.35,300,38000
20240101,10:02:05,356.85,300,38000
20240101,10:04:48,358.75,200,38300
20240101,10:08:52,358.75,150,38500
20240101,10:14:39,362.0,100,38650
20240101,10:16:37,361.65,50,38650
20240101,10:17:16,364.95,50,38650
20240101,10:18:55,360.25,50,38650
20240101,10:21:22,363.3,50,38650
20240101,10:21:38,363.35,150,38650
20240101,10:21:55,365.0,50,38650
20240101,10:24:37,366.4,200,38650
20240101,10:25:11,366.2,50,38650
20240101,10:26:30,363.25,150,38650
20240101,10:27:08,361.0,250,38800
20240101,10:27:22,361.1,100,38800
20240101,10:30:40,363.15,150,38850
20240101,10:31:03,363.5,200,38850
20240101,10:31:19,362.7,200,38850
20240101,10:32:14,362.7,50,38850
20240101,10:33:00,361.0,100,38800
20240101,10:34:06,360.0,50,38800
20240101,10:34:50,361.25,150,38800
20240101,10:36:03,362.35,50,39050
20240101,10:37:50,360.45,50,39050
20240101,10:37:59,360.45,50,39050
20240101,10:40:28,356.05,250,39200
20240101,10:40:47,355.65,550,39200
20240101,10:45:36,356.55,500,39400
20240101,10:46:36,355.25,100,39400
20240101,10:47:43,359.25,50,39450
20240101,10:48:41,355.9,150,39450
20240101,10:54:24,357.85,50,39500
20240101,10:55:02,356.0,50,39500
20240101,10:56:53,355.8,50,39550
20240101,11:07:42,356.0,50,39600
20240101,11:08:19,354.5,250,39600
20240101,11:08:34,355.75,50,39600
20240101,11:08:49,356.4,50,39800
20240101,11:16:31,357.0,200,39800
20240101,11:16:47,356.95,100,39800
20240101,11:17:02,357.0,100,39800
20240101,11:17:39,356.0,300,39600
20240101,11:17:46,357.0,150,39600
20240101,11:18:48,357.0,50,39600
20240101,11:22:18,356.1,50,39550
20240101,11:23:26,354.0,150,39550
20240101,11:23:48,354.05,50,39500
20240101,11:26:43,354.05,50,39500
20240101,11:26:51,355.25,100,39500
20240101,11:27:59,353.6,100,39500
20240101,11:29:45,353.6,50,39500
20240101,11:30:01,357.0,750,39550
20240101,11:30:18,355.15,50,39550
20240101,11:30:58,353.0,100,39550
20240101,11:41:28,354.75,100,39300
20240101,11:41:51,353.6,100,39400
20240101,11:44:50,354.95,50,39400
20240101,11:45:05,355.0,350,39400
20240101,11:49:12,355.0,650,39400
20240101,11:49:44,355.0,50,39400
20240101,11:57:51,354.35,50,39450
20240101,12:04:14,353.0,100,39450
20240101,12:04:22,350.5,300,39450
20240101,12:05:04,350.5,500,39450
20240101,12:05:36,357.3,50,39450
20240101,12:06:33,355.0,50,39600
20240101,12:09:46,350.5,500,39600
20240101,12:10:21,350.0,300,39600
20240101,12:10:56,350.0,100,39600
20240101,12:11:40,348.2,500,39600
20240101,12:12:24,348.2,50,40050
20240101,12:16:12,349.0,50,40100
20240101,12:18:48,351.05,50,40150
20240101,12:23:06,353.0,50,40150
20240101,12:23:24,353.95,100,40150
20240101,12:23:41,352.3,450,40150
20240101,12:24:29,352.5,150,40150
20240101,12:24:37,352.5,400,40450
20240101,12:26:29,356.2,100,40450
20240101,12:27:21,356.2,100,40450
20240101,12:31:38,353.95,500,40950
20240101,12:35:02,352.0,50,40850
20240101,12:50:03,349.0,50,40850
20240101,13:02:19,349.05,100,40800
20240101,13:02:39,349.0,50,40800
20240101,13:02:51,349.55,500,40800
20240101,13:03:58,349.55,250,40550
20240101,13:06:49,346.9,100,40800
20240101,13:11:44,346.9,1250,40800
20240101,13:17:04,349.15,850,41350
20240101,13:18:44,350.7,250,41350
20240101,13:20:37,350.7,50,41350
20240101,13:22:15,350.4,250,41600
20240101,13:28:17,350.4,50,41850
20240101,13:30:05,347.65,50,41900
20240101,13:30:52,348.7,200,41900
20240101,13:34:33,348.7,50,42150
20240101,13:35:13,349.3,100,42150
20240101,13:38:00,350.9,50,42100
20240101,13:42:35,350.5,50,42150
20240101,13:44:32,351.0,150,42150
20240101,13:44:55,352.0,50,42150
20240101,13:46:58,351.55,100,42200
20240101,13:49:27,349.65,250,42200
20240101,13:53:59,349.2,50,42450
20240101,13:55:35,348.3,50,42500
20240101,13:57:02,347.65,250,42550
20240101,13:57:31,344.55,1600,42550
20240101,13:57:59,345.6,250,42550
20240101,13:58:09,344.15,250,42550
20240101,14:01:12,340.85,150,43650
20240101,14:01:20,340.85,50,43650
20240101,14:01:56,340.0,200,43650
20240101,14:02:59,338.5,500,43650
20240101,14:03:18,338.1,50,43950
20240101,14:03:27,338.1,100,43950
20240101,14:04:18,339.05,200,43950
20240101,14:04:53,337.1,100,43950
20240101,14:05:11,337.1,100,43950
20240101,14:05:21,338.15,100,43950
20240101,14:06:27,339.7,100,44200
20240101,14:06:36,336.4,100,44200
20240101,14:10:02,336.4,50,44200
20240101,14:10:20,338.0,500,44200
20240101,14:10:46,338.0,50,44200
20240101,14:11:04,336.7,50,44200
20240101,14:11:56,335.0,100,44200
20240101,14:12:05,335.0,50,44200
20240101,14:12:42,335.5,500,44400
20240101,14:14:58,334.65,50,44400
20240101,14:16:11,332.55,50,44700
20240101,14:16:38,332.55,50,44700
20240101,14:17:45,333.8,100,44700
20240101,14:18:17,334.3,250,44700
20240101,14:20:53,336.0,50,44700
20240101,14:21:47,336.4,50,44450
20240101,14:22:14,336.0,100,44450
20240101,14:22:51,338.05,150,44450
20240101,14:24:35,336.0,150,44550
20240101,14:29:06,336.0,50,44550
20240101,14:30:26,335.0,50,44550
20240101,14:31:12,336.0,50,44550
20240101,14:31:40,338.35,150,44550
20240101,14:35:02,334.35,50,44550
20240101,14:36:27,334.3,100,44600
20240101,14:38:20,335.45,100,44600
20240101,14:40:00,334.0,450,44650
20240101,14:40:57,333.95,50,44650
20240101,14:41:05,334.0,50,44650
20240101,14:41:20,333.05,50,44650
20240101,14:41:28,333.0,50,44650
20240101,14:42:01,331.5,50,44650
20240101,14:42:21,331.5,50,44350
20240101,14:42:33,329.1,1450,44350
20240101,14:42:44,328.85,600,44350
20240101,14:42:55,327.9,1450,44350
20240101,14:43:46,329.8,200,44350
20240101,14:43:57,330.15,150,44350
20240101,14:44:07,330.15,50,44350
20240101,14:44:18,330.45,50,44350
20240101,14:44:28,330.0,100,44350
20240101,14:44:48,329.6,50,44350
20240101,14:44:59,328.0,50,44350
20240101,14:45:18,329.7,50,42750
20240101,14:45:28,330.3,50,42750
20240101,14:46:24,330.0,50,42750
20240101,14:46:34,328.0,100,42750
20240101,14:46:43,330.0,50,42750
20240101,14:47:11,330.0,50,42750
20240101,14:48:06,329.95,100,42750
20240101,14:48:23,329.5,200,43050
20240101,14:48:32,329.5,50,43050
20240101,14:48:41,329.5,50,43050
20240101,14:49:06,329.5,50,43050
20240101,14:49:28,328.1,50,43050
20240101,14:50:11,327.55,200,43050
20240101,14:50:33,325.05,300,43050
20240101,14:50:52,327.05,50,43050
20240101,14:51:01,327.0,50,43050
20240101,14:51:20,328.0,50,43400
20240101,14:51:40,333.15,300,43400
20240101,14:52:11,327.0,1050,43400
20240101,14:52:30,331.0,400,43400
20240101,14:53:07,330.95,50,43400
20240101,14:53:16,331.0,200,43400
20240101,14:56:46,331.65,50,43500
20240101,14:58:32,328.05,50,43550
20240101,15:01:00,329.95,100,43550
20240101,15:01:19,330.0,50,43550
20240101,15:01:42,332.7,150,43550
20240101,15:04:01,335.3,300,43650
20240101,15:05:15,333.25,200,43650
20240101,15:06:27,333.25,50,44050
20240101,15:07:40,337.0,50,44050
20240101,15:08:45,341.95,100,44050
20240101,15:08:56,342.0,200,44050
20240101,15:09:09,343.8,550,44050
20240101,15:09:22,342.3,150,44100
20240101,15:10:13,347.35,50,44100
20240101,15:10:37,348.05,50,44100
20240101,15:10:49,351.0,100,44100
20240101,15:11:11,350.0,150,44100
20240101,15:11:21,352.0,100,44100
20240101,15:11:32,352.5,250,44100
20240101,15:11:53,353.55,50,44100
20240101,15:12:23,353.5,100,44450
20240101,15:12:54,355.45,1350,44450
20240101,15:13:05,352.75,1000,44450
20240101,15:13:38,353.6,100,44450
20240101,15:14:38,358.0,200,44450
20240101,15:14:48,354.1,1050,44450
20240101,15:14:58,355.0,50,44450
20240101,15:15:08,355.4,100,44450
20240101,15:15:47,354.45,50,46700
20240101,15:16:07,354.1,1500,46700
20240101,15:16:28,354.45,250,46700
20240101,15:16:47,356.25,300,46700
20240101,15:16:57,354.7,100,46700
20240101,15:19:39,356.15,50,48500
20240101,15:20:46,360.0,50,48500
20240101,15:20:57,358.5,50,48500
20240101,15:21:08,360.0,100,48500
20240101,15:21:19,360.0,50,48500
20240101,15:21:30,360.0,800,48550
20240101,15:21:54,362.35,200,48550
20240101,15:22:06,365.0,500,48550
20240101,15:22:18,368.6,50,48550
20240101,15:22:30,364.85,200,48550
20240101,15:23:33,365.55,50,48550
20240101,15:23:44,367.5,450,48550
20240101,15:24:07,367.95,850,48550
20240101,15:24:20,366.0,400,48550
20240101,15:24:32,365.0,100,46750
20240101,15:24:42,365.0,800,46750
20240101,15:25:01,366.0,100,46750
20240101,15:25:11,366.0,200,46750
20240101,15:25:32,366.0,200,46750
20240101,15:25:45,366.0,900,46750
20240101,15:26:48,367.35,50,46750
20240101,15:27:53,368.75,150,47100
20240101,15:28:05,368.8,100,47100
20240101,15:28:18,366.65,150,47100
20240101,15:28:29,366.45,200,47100
20240101,15:28:40,369.9,50,47100
20240101,15:29:14,366.65,100,47100
20240101,15:29:39,367.0,150,47100
20240101,15:30:02,370.0,50,47100
20240102,09:16:54,359.0,1,46800
20240102,09:16:54,359.0,100,46800
20240102,09:17:33,364.45,250,46700
20240102,09:18:21,364.4,50,46700
20240102,09:19:10,364.4,50,46700
20240102,09:20:58,359.0,50,46700
20240102,09:21:39,362.0,100,46700
20240102,09:22:12,361.75,100,46700
20240102,09:22:54,360.0,100,46700
20240102,09:24:28,363.0,50,46750
20240102,09:27:32,357.2,700,46800
20240102,09:28:34,357.2,100,46800
20240102,09:30:02,360.0,50,46850
20240102,09:30:12,360.0,100,46850
20240102,09:30:52,358.0,500,46850
20240102,09:31:24,357.0,300,46850
20240102,09:31:34,357.0,50,46850
20240102,09:31:43,357.0,850,46850
20240102,09:32:02,357.0,50,46850
20240102,09:32:12,357.0,600,46850
20240102,09:32:42,359.0,50,48850
20240102,09:32:52,358.8,150,48850
20240102,09:33:31,360.0,100,48850
20240102,09:35:12,360.0,50,48850
20240102,09:35:50,360.0,100,49150
20240102,09:36:09,360.25,50,49150
20240102,09:46:28,356.75,100,49200
20240102,09:46:47,356.75,50,49200
20240102,09:51:12,356.0,50,49200
20240102,09:53:22,356.0,500,49200
20240102,09:54:25,358.0,50,49250
20240102,09:54:54,360.0,100,49250
20240102,09:55:05,364.1,250,49250
20240102,09:55:16,365.0,1800,49250
20240102,09:55:26,366.0,1700,49250
20240102,09:55:36,366.0,500,49250
20240102,09:55:47,366.05,500,49250
20240102,09:55:57,368.0,300,49250
20240102,09:56:09,369.0,350,49250
20240102,09:56:21,372.05,550,49250
20240102,09:56:34,374.6,2400,49250
20240102,09:56:46,375.05,150,55150
20240102,09:57:10,377.95,50,55150
20240102,09:57:23,380.0,100,55150
20240102,09:57:36,384.0,2000,55150
20240102,09:57:47,384.0,1600,55150
20240102,09:57:59,384.0,1800,55150
20240102,09:58:10,383.05,300,55150
20240102,09:58:21,385.0,1800,55150
20240102,09:58:33,387.45,400,55150
20240102,09:58:45,389.85,2400,55150
20240102,09:58:56,385.15,50,55150
20240102,09:59:06,385.95,100,55150
20240102,09:59:18,386.0,350,55150
20240102,09:59:31,386.0,950,55150
20240102,09:59:42,390.05,2000,61850
20240102,10:00:03,390.0,200,61850
20240102,10:00:27,390.0,750,61850
20240102,10:00:40,388.0,100,61850
20240102,10:01:24,388.1,50,61850
20240102,10:01:45,384.85,50,61850
20240102,10:02:27,384.85,50,61850
20240102,10:02:57,383.5,250,64400
20240102,10:03:19,377.5,150,64400
20240102,10:03:32,377.7,50,64400
20240102,10:03:44,380.0,50,64400
20240102,10:03:54,381.0,50,64400
20240102,10:04:35,380.85,150,64400
20240102,10:05:57,381.1,100,64700
20240102,10:06:49,381.1,1000,64700
20240102,10:09:22,376.35,50,65200
20240102,10:09:41,380.0,450,65200
20240102,10:09:51,380.0,500,65200
20240102,10:11:00,383.0,50,65200
20240102,10:11:11,381.0,150,65200
20240102,10:13:38,386.0,50,65400
20240102,10:16:07,380.0,50,65450
20240102,10:16:47,380.0,50,65450
20240102,10:16:57,380.0,50,65450
20240102,10:18:14,382.0,250,65500
20240102,10:18:34,382.0,50,65500
20240102,10:19:21,383.0,50,65500
20240102,10:20:37,382.0,250,65700
20240102,10:21:36,382.4,350,65700
20240102,10:23:25,388.4,50,65700
20240102,10:25:20,396.0,100,65950
20240102,10:26:12,397.9,100,65950
20240102,10:26:24,397.9,50,65950
20240102,10:27:20,398.25,250,65950
20240102,10:27:41,398.8,500,65950
20240102,10:28:23,398.8,50,65950
20240102,10:30:15,399.0,50,66150
20240102,10:30:27,399.0,200,66150
20240102,10:30:58,398.5,350,66150
20240102,10:31:18,396.8,100,66150
20240102,10:31:59,395.1,150,66150
20240102,10:32:20,396.0,500,66150
20240102,10:32:30,396.0,150,66150
20240102,10:33:19,398.5,50,66150
20240102,10:33:38,399.0,50,66150
20240102,10:34:28,399.0,300,66150
20240102,10:34:37,400.0,100,66150
20240102,10:34:57,400.45,350,66150
20240102,10:35:17,398.75,50,66150
20240102,10:35:38,398.5,50,66150
20240102,10:35:57,398.55,50,66300
20240102,10:36:07,398.25,50,66300
20240102,10:36:55,405.0,100,66300
20240102,10:37:18,408.1,200,66300
20240102,10:38:21,408.1,100,66300
20240102,10:39:03,408.0,50,66600
20240102,10:39:16,409.85,500,66600
20240102,10:39:49,412.15,300,66600
20240102,10:39:59,412.45,300,66600
20240102,10:40:11,412.45,250,66600
20240102,10:40:32,412.9,50,66600
20240102,10:40:42,414.0,50,66600
20240102,10:40:53,414.0,50,66600
20240102,10:41:04,413.15,50,66600
20240102,10:41:15,415.0,200,66600
20240102,10:41:57,415.0,50,67800
20240102,10:43:43,402.7,100,67800
20240102,10:44:14,400.0,50,67800
20240102,10:44:45,400.75,150,67800
20240102,10:45:06,399.0,150,67650
20240102,10:45:36,402.95,50,67650
20240102,10:46:55,398.45,100,67650
20240102,10:47:06,398.45,500,67650
20240102,10:48:28,396.05,600,67450
20240102,10:49:29,395.15,50,67450
20240102,10:49:59,393.65,100,67450
20240102,10:50:32,394.55,100,67450
20240102,10:50:42,395.0,50,67450
20240102,10:51:21,396.1,200,67150
20240102,10:52:10,398.1,50,67150
20240102,10:52:50,398.1,200,67150
20240102,10:52:59,398.1,50,67150
20240102,10:53:57,396.0,50,67400
20240102,10:55:03,395.0,50,67400
20240102,10:55:12,394.35,50,67400
20240102,10:56:09,394.35,50,67400
20240102,10:56:27,397.5,100,67400
20240102,10:57:16,397.15,50,67350
20240102,10:57:36,398.1,250,67350
20240102,11:00:11,393.25,200,67650
20240102,11:00:58,393.0,200,67650
20240102,11:05:12,394.95,50,67800
20240102,11:06:27,396.6,50,67800
20240102,11:06:47,399.0,150,67800
20240102,11:07:15,399.0,200,67800
20240102,11:08:20,398.35,100,67800
20240102,11:10:30,400.0,300,67950
20240102,11:12:29,398.35,50,68250
20240102,11:12:38,398.05,50,68250
20240102,11:12:56,398.15,50,68250
20240102,11:13:05,398.0,50,68250
20240102,11:13:24,400.0,300,68250
20240102,11:14:04,400.55,50,68250
20240102,11:14:14,400.5,50,68250
20240102,11:14:23,399.5,50,68250
20240102,11:14:33,400.95,50,68250
20240102,11:14:42,401.0,200,68250
20240102,11:15:21,401.45,50,68400
20240102,11:15:41,404.7,50,68400
20240102,11:16:02,405.0,100,68400
20240102,11:17:19,406.0,200,68400
20240102,11:17:28,404.95,50,68400
20240102,11:18:06,402.0,1200,68600
20240102,11:18:34,403.45,50,68600
20240102,11:20:32,401.0,650,68600
20240102,11:20:50,404.15,50,68600
20240102,11:23:12,396.55,50,67050
20240102,11:25:30,396.95,150,67050
20240102,11:25:40,399.0,500,67050
20240102,11:26:17,396.85,50,67050
20240102,11:26:35,398.6,150,67050
20240102,11:26:45,400.2,150,67050
20240102,11:26:54,401.15,50,67150
20240102,11:27:03,401.1,250,67150
20240102,11:27:21,400.1,250,67150
20240102,11:27:58,399.15,50,67150
20240102,11:28:35,399.1,100,67150
20240102,11:28:44,399.1,50,67150
20240102,11:28:53,399.1,50,67150
20240102,11:29:11,398.1,50,67150
20240102,11:29:21,399.5,250,67150
20240102,11:29:30,396.75,50,67150
20240102,11:30:24,397.1,50,68200
20240102,11:32:03,402.0,50,68200
20240102,11:35:03,400.35,50,68200
20240102,11:35:40,403.75,50,68200
20240102,11:35:48,403.65,50,68200
20240102,11:36:06,404.4,100,68200
20240102,11:36:15,405.85,50,68200
20240102,11:36:43,404.95,550,68200
20240102,11:37:30,406.5,50,68200
20240102,11:37:59,404.5,50,68200
20240102,11:39:34,397.1,100,68600
20240102,11:39:43,396.15,200,68600
20240102,11:39:52,396.45,50,68600
20240102,11:40:10,396.15,50,68600
20240102,11:40:55,396.6,100,68600
20240102,11:41:04,397.75,50,68600
20240102,11:41:23,400.0,150,68600
20240102,11:42:13,405.1,50,68950
20240102,11:43:10,404.1,50,68950
20240102,11:43:57,403.1,50,68950
20240102,11:44:07,402.1,50,68950
20240102,11:44:53,401.15,250,69200
20240102,11:46:07,402.05,50,69200
20240102,11:46:54,403.0,50,69200
20240102,11:49:48,403.4,50,69400
20240102,11:49:57,405.15,800,69400
20240102,11:50:24,405.5,250,69400
20240102,11:50:42,403.1,100,69400
20240102,11:50:50,403.05,1400,71450
20240102,11:50:59,405.7,600,71450
20240102,11:51:08,404.3,600,71450
20240102,11:51:26,404.3,50,71450
20240102,11:51:35,402.05,1050,71450
20240102,11:51:54,404.0,450,71450
20240102,11:52:03,403.95,250,71450
20240102,11:52:40,403.0,650,71450
20240102,11:52:49,403.85,200,71450
20240102,11:52:58,401.35,1050,71450
20240102,11:53:07,401.75,50,71450
20240102,11:53:16,401.35,200,71450
20240102,11:53:25,402.55,100,71450
20240102,11:53:33,402.25,150,71450
20240102,11:53:42,400.4,100,71450
20240102,11:54:09,401.0,450,74600
20240102,11:54:27,401.0,300,74600
20240102,11:54:36,400.0,100,74600
20240102,11:54:44,400.0,50,74600
20240102,11:54:53,400.0,50,74600
20240102,11:55:02,401.0,250,74600
20240102,11:55:55,401.0,50,74600
20240102,11:56:04,399.05,50,74600
20240102,11:57:39,402.4,100,75850
20240102,11:58:05,402.4,100,75850
20240102,11:58:14,402.4,150,75850
20240102,11:58:57,400.35,50,75850
20240102,11:59:06,400.65,100,75850
20240102,11:59:24,401.0,100,75850
20240102,11:59:41,400.2,100,75850
20240102,12:00:34,397.45,50,76300
20240102,12:05:11,398.6,50,76300
20240102,12:06:22,396.45,500,76300
20240102,12:08:05,397.1,200,76300
20240102,12:08:31,395.6,150,76300
20240102,12:10:51,394.4,650,76300
20240102,12:12:57,395.95,50,76350
20240102,12:13:06,396.1,150,76350
20240102,12:13:14,395.85,100,76350
20240102,12:13:57,397.0,50,76350
20240102,12:14:06,397.0,50,76350
20240102,12:14:32,397.0,100,76350
20240102,12:14:49,397.0,100,76350
20240102,12:14:58,395.85,250,76350
20240102,12:15:07,396.7,100,76800
20240102,12:15:15,395.1,50,76800
20240102,12:15:33,395.0,100,76800
20240102,12:16:03,390.95,100,76800
20240102,12:16:13,392.0,350,76800
20240102,12:16:34,388.05,200,76800
20240102,12:16:45,388.25,150,76800
20240102,12:17:04,388.0,100,76800
20240102,12:17:15,385.05,100,76800
20240102,12:17:26,386.1,250,76800
20240102,12:17:36,386.0,50,76800
20240102,12:17:45,385.65,50,76800
20240102,12:17:54,385.65,100,77650
20240102,12:18:04,386.55,250,77650
20240102,12:18:23,387.05,100,77650
20240102,12:19:21,385.0,50,77650
20240102,12:19:42,383.8,150,77650
20240102,12:19:52,382.95,100,77650
20240102,12:20:28,383.3,650,77650
20240102,12:20:38,383.85,300,77650
20240102,12:20:47,384.5,400,77650
20240102,12:20:56,384.7,100,77950
20240102,12:21:06,385.15,450,77950
20240102,12:21:16,385.6,100,77950
20240102,12:21:35,385.9,50,77950
20240102,12:21:45,387.8,150,77950
20240102,12:21:54,387.0,300,77950
20240102,12:22:14,388.0,50,77950
20240102,12:22:23,388.0,50,77950
20240102,12:22:32,388.0,50,77950
20240102,12:22:58,389.0,50,77950
20240102,12:23:07,389.0,50,77950
20240102,12:23:16,386.3,150,77950
20240102,12:23:34,388.05,100,77950
20240102,12:27:10,387.85,100,79000
20240102,12:27:18,387.85,50,79000
20240102,12:27:54,388.2,300,79000
20240102,12:28:11,388.5,300,79000
20240102,12:28:30,388.45,300,79000
20240102,12:28:48,388.5,50,79000
20240102,12:29:06,388.4,100,79000
20240102,12:29:24,389.25,50,79000
20240102,12:29:33,388.0,150,79000
20240102,12:29:50,387.9,100,79000
20240102,12:30:25,388.15,50,79900
20240102,12:34:44,386.0,100,79900
20240102,12:36:10,383.45,50,79850
20240102,12:36:39,383.6,300,79850
20240102,12:37:14,384.35,750,79850
20240102,12:37:49,382.35,50,79850
20240102,12:37:58,382.85,100,79850
20240102,12:38:06,383.9,50,79850
20240102,12:38:16,386.0,350,79850
20240102,12:38:25,386.0,150,79850
20240102,12:38:34,382.95,50,79850
20240102,12:38:51,383.4,100,79850
20240102,12:39:00,382.45,150,80400
20240102,12:39:18,383.35,300,80400
20240102,12:39:26,382.6,50,80400
20240102,12:39:43,385.45,50,80400
20240102,12:40:08,382.65,50,80400
20240102,12:40:27,381.35,50,80400
20240102,12:40:36,381.85,50,80400
20240102,12:40:45,383.0,100,80400
20240102,12:40:53,382.65,50,80400
20240102,12:41:01,382.65,50,80400
20240102,12:41:35,382.0,50,80400
20240102,12:42:04,379.6,300,80900
20240102,12:42:13,380.45,250,80900
20240102,12:42:22,381.65,50,80900
20240102,12:42:31,381.65,50,80900
20240102,12:42:48,381.1,100,80900
20240102,12:43:14,381.65,100,80900
20240102,12:43:23,382.0,150,80900
20240102,12:43:32,382.0,100,80900
20240102,12:43:50,380.85,200,80900
20240102,12:43:58,382.4,100,80900
20240102,12:44:07,383.0,200,80900
20240102,12:44:24,383.6,100,80900
20240102,12:44:41,385.05,200,80900
20240102,12:44:50,385.0,100,80900
20240102,12:45:07,384.5,50,81050
20240102,12:45:16,386.0,600,81050
20240102,12:45:42,385.1,50,81050
20240102,12:46:08,383.9,250,81050
20240102,12:47:18,384.15,100,81050
20240102,12:48:39,386.3,150,81500
20240102,12:48:48,386.75,150,81500
20240102,12:49:50,386.5,50,81500
20240102,12:49:58,386.8,100,81500
20240102,12:50:06,386.25,50,81500
20240102,12:50:15,386.25,50,81500
20240102,12:50:25,386.85,150,81500
20240102,12:50:34,387.25,150,81500
20240102,12:50:52,387.85,50,81500
20240102,12:51:09,385.65,50,82250
20240102,12:51:28,387.05,50,82250
20240102,12:51:56,384.95,100,82250
20240102,12:52:22,385.0,50,82250
20240102,12:52:56,386.35,50,82250
20240102,12:54:22,384.05,50,82450
20240102,12:55:31,385.0,100,82450
20240102,12:56:14,386.0,100,82450
20240102,12:58:33,389.25,100,82550
20240102,13:00:19,390.0,150,82550
20240102,13:01:27,393.2,100,82550
20240102,13:01:36,393.75,50,82550
20240102,13:01:55,394.4,100,82550
20240102,13:02:12,395.5,50,82550
20240102,13:02:22,392.05,50,82550
20240102,13:02:31,392.05,50,82550
20240102,13:02:41,393.35,150,82550
20240102,13:02:51,396.1,100,82550
20240102,13:03:01,394.1,300,82550
20240102,13:03:37,396.6,100,82450
20240102,13:03:47,396.95,100,82450
20240102,13:03:57,397.0,250,82450
20240102,13:04:39,397.2,50,82450
20240102,13:04:49,396.85,100,82450
20240102,13:04:59,396.35,100,82450
20240102,13:06:29,393.25,50,82350
20240102,13:07:57,393.0,50,82350
20240102,13:11:33,396.7,50,82450
20240102,13:11:51,394.2,100,82450
20240102,13:12:00,395.0,50,82450
20240102,13:12:52,394.4,50,82550
20240102,13:13:01,395.35,100,82550
20240102,13:16:11,395.0,50,82700
20240102,13:17:36,393.8,50,82700
20240102,13:21:00,396.55,50,82700
20240102,13:21:17,395.0,50,82650
20240102,13:22:16,394.9,50,82650
20240102,13:22:25,395.1,50,82650
20240102,13:23:08,396.8,50,82650
20240102,13:23:17,396.75,50,82650
20240102,13:24:09,395.15,50,82800
20240102,13:25:01,393.25,50,82800
20240102,13:25:19,392.3,50,82800
20240102,13:25:47,392.9,100,82800
20240102,13:25:55,391.85,300,82800
20240102,13:26:04,392.05,50,82800
20240102,13:26:12,393.05,100,82800
20240102,13:27:05,392.65,50,82800
20240102,13:27:30,393.0,100,82700
20240102,13:28:29,395.4,150,82700
20240102,13:28:38,395.55,150,82700
20240102,13:29:28,393.8,100,82700
20240102,13:30:45,393.8,50,83000
20240102,13:30:54,395.0,100,83000
20240102,13:31:03,393.0,100,83000
20240102,13:31:30,394.55,200,83000
20240102,13:34:12,390.55,50,82800
20240102,13:34:30,390.0,150,82800
20240102,13:35:08,388.6,50,82800
20240102,13:46:30,390.0,50,82800
20240102,13:47:38,389.0,200,82800
20240102,13:51:05,384.9,150,82850
20240102,13:51:40,385.1,50,83000
20240102,13:52:08,386.4,150,83000
20240102,13:53:12,387.65,50,83000
20240102,13:53:22,388.85,200,83000
20240102,13:53:32,390.45,250,83000
20240102,13:53:51,388.85,50,83000
20240102,13:54:20,385.75,50,83350
20240102,13:55:07,387.45,50,83350
20240102,13:55:42,388.15,200,83350
20240102,13:56:25,388.15,50,83350
20240102,13:56:51,388.75,50,83350
20240102,13:57:00,387.85,50,83350
20240102,13:57:34,390.0,250,83400
20240102,13:57:52,390.0,250,83400
20240102,13:58:59,390.0,50,83400
20240102,13:59:34,387.95,50,83400
20240102,14:00:10,389.05,50,83400
20240102,14:00:18,389.15,50,83600
20240102,14:01:10,387.7,50,83600
20240102,14:01:27,387.3,350,83600
20240102,14:02:54,385.8,50,83600
20240102,14:03:02,386.35,50,83600
20240102,14:03:11,385.0,200,83600
20240102,14:06:20,388.8,50,83750
20240102,14:09:06,384.7,50,83750
20240102,14:09:17,384.65,50,83750
20240102,14:09:54,383.95,250,83700
20240102,14:10:05,380.9,50,83700
20240102,14:10:18,378.45,200,83700
20240102,14:10:38,379.55,50,83700
20240102,14:10:48,378.55,150,83700
20240102,14:11:21,375.3,50,83700
20240102,14:11:42,375.4,50,83700
20240102,14:12:02,376.8,250,83700
20240102,14:12:41,377.3,50,83600
20240102,14:12:51,375.5,100,83600
20240102,14:14:24,370.8,500,83600
20240102,14:15:13,371.25,100,83600
20240102,14:15:23,372.3,500,83850
20240102,14:16:10,376.3,50,83850
20240102,14:17:13,375.05,50,83850
20240102,14:18:01,377.5,50,83850
20240102,14:18:40,378.45,100,83350
20240102,14:19:00,381.25,200,83350
20240102,14:19:32,383.15,50,83350
20240102,14:20:30,376.45,50,83350
20240102,14:21:17,379.95,50,83350
20240102,14:25:23,376.15,50,83350
20240102,14:26:35,378.25,50,83550
20240102,14:27:38,380.0,150,83450
20240102,14:30:29,376.0,100,83500
20240102,14:31:17,375.25,1800,83500
20240102,14:33:15,375.0,100,83500
20240102,14:34:55,373.1,100,83700
20240102,14:35:13,375.0,50,83700
20240102,14:35:23,378.7,100,83700
20240102,14:36:54,375.0,150,83750
20240102,14:38:01,370.0,250,83750
20240102,14:38:13,367.6,50,83750
20240102,14:40:41,365.0,100,83700
20240102,14:41:13,366.0,50,83700
20240102,14:43:26,369.85,50,83650
20240102,14:44:54,370.9,50,83650
20240102,14:47:45,367.3,200,83550
20240102,14:47:54,367.3,100,83550
20240102,14:48:31,367.35,400,83700
20240102,14:48:40,367.35,50,83700
20240102,14:49:45,367.35,400,83700
20240102,14:49:54,367.35,1000,83700
20240102,14:51:57,367.35,450,85500
20240102,14:52:07,367.35,150,85500
20240102,14:52:17,370.0,5200,85500
20240102,14:52:27,368.7,50,85500
20240102,14:53:24,367.65,50,85500
20240102,14:53:33,367.1,50,85500
20240102,14:54:01,369.7,50,85500
20240102,14:54:31,370.55,150,86900
20240102,14:55:11,371.45,250,86900
20240102,14:55:31,373.6,50,86900
20240102,14:55:50,372.15,100,86900
20240102,14:55:59,373.25,50,86900
20240102,14:56:09,373.25,50,86900
20240102,14:56:56,370.25,100,86900
20240102,14:58:05,372.05,100,86550
20240102,14:58:23,373.45,50,86550
20240102,14:58:41,372.1,50,86550
20240102,14:59:19,374.95,50,86550
20240102,14:59:29,375.0,50,86550
20240102,14:59:40,376.0,100,86550
20240102,15:00:10,375.2,50,86550
20240102,15:00:31,369.0,650,86450
20240102,15:04:24,369.0,150,86250
20240102,15:04:35,369.0,50,86250
20240102,15:04:45,371.65,50,86250
20240102,15:05:24,372.85,100,86250
20240102,15:06:04,370.25,200,86250
20240102,15:06:25,373.0,100,86250
20240102,15:08:03,379.95,100,86100
20240102,15:08:16,382.85,50,86100
20240102,15:08:28,379.95,50,86100
20240102,15:09:42,383.0,50,86100
20240102,15:10:04,384.05,250,86100
20240102,15:10:28,384.9,50,86100
20240102,15:15:08,380.85,50,86150
20240102,15:15:51,380.0,50,86100
20240102,15:17:19,380.6,200,86100
20240102,15:19:35,384.0,50,86100
20240102,15:19:55,384.35,50,86100
20240102,15:20:06,384.8,100,86100
20240102,15:21:38,382.95,50,86050
20240102,15:22:24,385.0,50,86050
20240102,15:22:52,385.0,100,86050
20240102,15:23:12,385.0,200,86050
20240102,15:24:29,384.95,250,86000
20240102,15:24:39,384.95,100,86000
20240102,15:25:48,385.45,300,86000
20240102,15:25:59,385.45,50,86000
20240102,15:27:07,385.45,450,86000
20240102,15:27:26,385.45,50,86000
20240102,15:29:38,383.6,150,86100
20240103,09:15:25,390.0,1,85650
20240103,09:15:25,390.0,50,85650
20240103,09:15:34,395.0,50,85650
20240103,09:16:19,395.0,200,85650
20240103,09:17:31,398.85,50,85650
20240103,09:18:06,398.85,50,85900
20240103,09:18:40,395.2,50,85900
20240103,09:20:02,395.0,50,85900
20240103,09:20:13,395.2,50,85900
20240103,09:20:18,395.0,100,85900
20240103,09:21:11,395.0,50,85750
20240103,09:22:26,398.0,700,85750
20240103,09:24:47,397.0,50,85750
20240103,09:24:56,400.0,50,85750
20240103,09:25:22,400.0,100,85750
20240103,09:25:48,398.0,250,85750
20240103,09:25:57,398.0,150,85750
20240103,09:27:26,398.0,300,86050
20240103,09:28:03,394.2,150,86050
20240103,09:28:39,394.2,150,86050
20240103,09:30:09,395.05,200,86200
20240103,09:31:04,395.05,50,86200
20240103,09:32:41,394.0,200,86200
20240103,09:32:51,394.0,50,86150
20240103,09:33:46,395.0,100,86150
20240103,09:34:04,396.0,1700,86150
20240103,09:35:34,398.0,100,86150
20240103,09:35:43,397.4,100,86250
20240103,09:37:04,400.0,50,86250
20240103,09:38:17,404.0,50,86250
20240103,09:38:56,404.0,50,86450
20240103,09:39:23,404.0,250,86450
20240103,09:40:09,403.0,300,86450
20240103,09:40:18,402.0,700,86450
20240103,09:40:52,403.0,100,86450
20240103,09:41:31,404.0,100,86450
20240103,09:41:53,406.25,100,87050
20240103,09:43:00,407.7,50,87050
20240103,09:43:59,408.0,200,87050
20240103,09:44:08,408.0,800,87050
20240103,09:45:33,408.95,350,87350
20240103,09:49:07,408.95,250,87300
20240103,09:50:28,401.0,300,87300
20240103,09:51:22,404.0,50,87150
20240103,09:51:32,404.95,100,87150
20240103,09:51:40,404.6,500,87150
20240103,09:53:08,400.0,700,87150
20240103,09:54:36,399.0,1500,87450
20240103,09:55:37,401.0,50,87450
20240103,09:55:54,401.0,200,87450
20240103,09:56:29,398.0,400,87450
20240103,09:57:41,397.05,50,86750
20240103,09:57:58,397.05,100,86750
20240103,10:02:14,400.15,250,86700
20240103,10:02:31,400.15,50,86700
20240103,10:03:15,403.1,500,87000
20240103,10:03:23,404.55,50,87000
20240103,10:03:32,404.55,300,87000
20240103,10:03:41,404.45,150,87000
20240103,10:03:50,403.0,250,87000
20240103,10:04:09,400.0,250,87000
20240103,10:04:19,397.05,50,87000
20240103,10:04:42,392.75,100,87000
20240103,10:04:53,393.45,100,87000
20240103,10:05:03,396.9,50,87000
20240103,10:05:13,400.1,100,87000
20240103,10:05:24,404.45,100,87000
20240103,10:10:56,394.45,150,87100
20240103,10:11:05,394.35,100,87100
20240103,10:13:57,400.0,100,87050
20240103,10:14:14,400.0,50,87050
20240103,10:15:38,399.5,50,87100
20240103,10:18:09,399.5,200,87100
20240103,10:18:51,399.5,50,87100
20240103,10:20:20,404.6,150,87100
20240103,10:20:29,404.6,50,87100
20240103,10:20:47,405.0,650,87000
20240103,10:21:09,409.65,400,87000
20240103,10:21:49,409.65,50,87000
20240103,10:21:58,409.65,50,87000
20240103,10:22:07,410.1,150,87000
20240103,10:22:25,411.3,50,87000
20240103,10:22:56,411.3,50,87000
20240103,10:23:06,411.8,100,87000
20240103,10:23:51,411.8,50,87000
20240103,10:25:09,411.25,50,87350
20240103,10:25:18,409.0,200,87350
20240103,10:25:44,407.2,50,87350
20240103,10:26:02,406.0,200,87350
20240103,10:27:49,401.7,50,87350
20240103,10:28:17,400.0,50,87350
20240103,10:32:14,401.25,50,87350
20240103,10:32:32,398.05,200,87350
20240103,10:33:33,401.6,50,87250
20240103,10:33:50,399.2,100,87250
20240103,10:34:33,398.0,100,87250
20240103,10:35:09,396.15,50,87250
20240103,10:35:27,396.15,50,87250
20240103,10:36:01,396.2,150,87400
20240103,10:36:52,396.15,50,87400
20240103,10:37:02,396.1,300,87400
20240103,10:37:29,397.4,150,87400
20240103,10:40:11,397.0,50,87250
20240103,10:40:20,398.0,100,87250
20240103,10:41:03,399.0,50,87250
20240103,10:41:54,398.7,50,87250
20240103,10:46:18,407.0,100,87350
20240103,10:49:23,407.0,850,87350
20240103,10:49:31,408.35,650,87350
20240103,10:49:48,406.65,50,87350
20240103,10:49:56,406.0,50,87350
20240103,10:50:12,408.0,50,87350
20240103,10:50:29,406.55,200,87350
20240103,10:50:55,404.8,150,86700
20240103,10:51:19,407.95,50,86700
20240103,10:52:28,407.0,100,86700
20240103,10:53:29,406.0,50,86700
20240103,10:53:54,405.0,100,86700
20240103,10:55:17,402.0,150,86750
20240103,10:55:25,402.0,100,86750
20240103,10:55:34,402.0,50,86750
20240103,10:56:09,401.0,50,86750
20240103,10:56:35,402.0,250,86750
20240103,10:56:43,403.15,50,86750
20240103,10:57:34,402.6,100,86850
20240103,10:57:51,402.6,100,86850
20240103,10:58:50,402.6,50,86850
20240103,10:59:16,402.6,250,86850
20240103,10:59:58,402.6,50,86850
20240103,11:00:15,403.85,50,86850
20240103,11:01:03,403.4,50,86850
20240103,11:02:00,403.55,50,86850
20240103,11:02:40,400.0,250,86850
20240103,11:02:48,405.1,100,86850
20240103,11:03:04,400.75,100,86850
20240103,11:04:17,402.5,250,86850
20240103,11:08:51,402.1,50,86850
20240103,11:09:40,403.35,50,86850
20240103,11:09:57,403.0,50,86850
20240103,11:11:02,403.7,50,86850
20240103,11:11:19,403.3,200,86850
20240103,11:11:27,403.4,50,86850
20240103,11:11:35,403.8,50,86850
20240103,11:11:43,403.5,50,86850
20240103,11:12:08,403.6,50,86900
20240103,11:12:16,403.6,250,86900
20240103,11:12:24,403.45,800,86900
20240103,11:12:33,402.25,50,86900
20240103,11:12:49,402.7,50,86900
20240103,11:13:04,403.45,50,86900
20240103,11:13:12,403.3,50,86900
20240103,11:13:28,398.45,500,86900
20240103,11:13:37,400.0,100,86900
20240103,11:13:45,402.55,50,86900
20240103,11:13:53,400.95,100,86900
20240103,11:15:21,400.0,100,87000
20240103,11:15:52,400.0,100,87000
20240103,11:16:39,401.9,250,87000
20240103,11:17:13,403.3,50,87000
20240103,11:18:02,402.8,50,86950
20240103,11:22:06,396.0,100,86900
20240103,11:22:31,396.0,200,86900
20240103,11:23:13,398.0,150,86900
20240103,11:23:30,396.85,50,86900
20240103,11:23:38,396.05,100,86900
20240103,11:24:19,396.4,50,86600
20240103,11:25:24,396.4,200,86600
20240103,11:26:54,397.15,200,86600
20240103,11:27:03,398.6,450,86250
20240103,11:28:16,400.0,600,86250
20240103,11:29:13,399.2,50,86250
20240103,11:29:30,401.55,50,86250
20240103,11:29:37,400.7,250,86250
20240103,11:29:45,400.85,50,86250
20240103,11:30:25,401.95,50,86250
20240103,11:33:27,405.0,50,86250
20240103,11:33:53,404.1,300,86250
20240103,11:34:42,404.1,300,86250
20240103,11:37:06,403.95,200,86600
20240103,11:38:25,400.25,50,86600
20240103,11:39:21,403.0,250,86400
20240103,11:39:29,402.0,250,86400
20240103,11:40:07,402.0,50,86400
20240103,11:40:56,401.7,100,86400
20240103,11:41:19,402.0,250,86400
20240103,11:41:35,402.1,100,86400
20240103,11:41:58,402.0,50,86400
20240103,11:42:14,401.0,50,86900
20240103,11:42:23,401.0,200,86900
20240103,11:42:46,401.0,250,86900
20240103,11:43:02,400.05,50,86900
20240103,11:43:10,400.0,50,86900
20240103,11:43:18,400.0,50,86900
20240103,11:45:31,398.05,750,87000
20240103,11:45:39,398.5,150,87000
20240103,11:46:21,399.0,100,87000
20240103,11:46:30,398.0,200,87000
20240103,11:46:54,399.55,50,87000
20240103,11:47:39,394.75,100,87000
20240103,11:47:57,394.05,150,87000
20240103,11:48:15,394.0,100,88250
20240103,11:48:32,394.0,150,88250
20240103,11:49:00,392.85,50,88250
20240103,11:49:34,391.0,350,88250
20240103,11:49:52,390.55,50,88250
20240103,11:50:09,391.85,400,88250
20240103,11:50:43,392.0,50,88250
20240103,11:51:41,392.0,50,88300
20240103,11:51:49,393.35,100,88300
20240103,11:53:02,393.3,50,88300
20240103,11:54:26,390.4,100,88250
20240103,11:58:11,393.3,50,88300
20240103,11:58:20,394.5,50,88300
20240103,11:59:44,394.75,100,88300
20240103,12:01:59,389.0,100,88350
20240103,12:03:54,389.0,300,88350
20240103,12:04:10,393.4,50,88350
20240103,12:06:03,395.0,50,88350
20240103,12:06:21,397.0,50,88550
20240103,12:06:57,396.15,300,88550
20240103,12:07:23,394.8,50,88550
20240103,12:09:25,400.45,50,88800
20240103,12:09:50,401.0,50,88800
20240103,12:10:24,398.45,150,88800
20240103,12:10:40,398.45,100,88800
20240103,12:14:02,401.0,50,89100
20240103,12:14:19,402.0,50,89100
20240103,12:15:11,398.4,100,89100
20240103,12:15:35,400.1,50,89100
20240103,12:15:51,401.25,50,89100
20240103,12:16:24,401.2,50,89100
20240103,12:17:05,400.0,100,89100
20240103,12:17:29,400.0,400,89100
20240103,12:19:41,396.0,100,89100
20240103,12:21:02,399.0,50,89100
20240103,12:21:55,400.8,350,89050
20240103,12:22:04,401.85,100,89050
20240103,12:22:49,405.0,50,89050
20240103,12:23:26,407.0,150,89050
20240103,12:23:52,406.0,50,89050
20240103,12:24:01,405.25,900,89050
20240103,12:24:12,408.85,200,89400
20240103,12:24:23,413.2,250,89400
20240103,12:24:54,413.2,50,89400
20240103,12:25:15,412.1,50,89400
20240103,12:25:24,412.5,100,89400
20240103,12:25:43,409.75,150,89400
20240103,12:25:52,407.55,50,89400
20240103,12:26:01,407.8,100,89400
20240103,12:26:12,407.8,50,89400
20240103,12:26:23,409.85,50,89400
20240103,12:26:43,415.05,800,89400
20240103,12:26:52,415.0,500,89400
20240103,12:27:02,413.55,200,89400
20240103,12:27:13,415.55,100,89400
20240103,12:27:23,416.1,50,90800
20240103,12:27:51,416.9,50,90800
20240103,12:28:17,416.9,100,90800
20240103,12:28:26,413.05,50,90800
20240103,12:28:35,413.05,150,90800
20240103,12:28:53,415.0,150,90800
20240103,12:29:02,415.0,200,90800
20240103,12:29:11,414.05,100,90800
20240103,12:29:29,414.05,50,90800
20240103,12:29:38,414.05,50,90800
20240103,12:29:46,415.0,450,90800
20240103,12:29:55,414.0,450,90800
20240103,12:30:31,413.85,50,91650
20240103,12:31:13,414.4,200,91650
20240103,12:31:31,413.6,50,91650
20240103,12:31:48,416.0,200,91650
20240103,12:32:22,415.85,50,91650
20240103,12:32:33,416.7,50,91650
20240103,12:32:43,418.0,550,91650
20240103,12:33:18,414.0,50,92400
20240103,12:33:26,412.4,50,92400
20240103,12:33:53,411.65,50,92400
20240103,12:34:02,410.15,100,92400
20240103,12:34:11,410.0,50,92400
20240103,12:34:21,412.6,100,92400
20240103,12:34:29,410.8,50,92400
20240103,12:34:38,412.15,100,92400
20240103,12:36:12,413.85,50,92500
20240103,12:36:30,413.85,50,92500
20240103,12:40:17,410.0,50,92550
20240103,12:40:52,411.0,100,92550
20240103,12:42:33,411.0,50,92500
20240103,12:42:58,407.55,50,92500
20240103,12:47:22,410.5,100,92500
20240103,12:47:55,409.75,50,92500
20240103,12:50:42,408.75,100,92500
20240103,12:51:51,404.0,50,92500
20240103,12:54:07,402.05,550,92500
20240103,12:54:16,403.0,250,92500
20240103,12:54:25,402.0,250,92550
20240103,12:54:34,401.0,250,92550
20240103,12:54:51,400.0,50,92550
20240103,12:55:00,400.45,100,92550
20240103,12:55:08,400.7,50,92550
20240103,12:55:17,402.0,250,92550
20240103,12:55:59,401.1,100,92550
20240103,12:56:16,401.15,50,92550
20240103,12:56:24,401.1,50,92550
20240103,12:56:32,401.1,50,92550
20240103,12:56:41,400.1,50,92550
20240103,12:57:06,400.15,50,92550
20240103,12:59:21,400.0,100,93250
20240103,12:59:30,401.1,50,93250
20240103,12:59:56,400.1,100,93250
20240103,13:00:13,399.85,100,93250
20240103,13:00:21,399.95,50,93250
20240103,13:00:55,400.1,100,93250
20240103,13:01:04,398.1,250,93250
20240103,13:03:14,399.45,50,93250
20240103,13:03:22,399.95,50,93450
20240103,13:03:39,401.0,100,93450
20240103,13:03:47,401.0,850,93450
20240103,13:05:57,398.55,50,93450
20240103,13:07:06,401.25,50,92650
20240103,13:07:38,401.25,50,92650
20240103,13:07:47,400.25,50,92650
20240103,13:08:19,399.8,50,92650
20240103,13:09:18,399.8,100,92750
20240103,13:09:50,397.3,50,92750
20240103,13:13:43,398.0,50,92800
20240103,13:14:35,397.55,50,92800
20240103,13:15:43,399.15,150,92900
20240103,13:19:58,401.95,50,92900
20240103,13:20:15,400.0,50,92900
20240103,13:20:32,401.0,750,92900
20240103,13:21:31,399.05,100,92600
20240103,13:22:04,399.2,200,92600
20240103,13:23:08,399.0,50,92600
20240103,13:23:25,397.7,50,92600
20240103,13:27:24,397.7,50,92800
20240103,13:30:35,397.7,50,92750
20240103,13:31:28,397.5,50,92750
20240103,13:32:47,398.0,50,92750
20240103,13:33:13,401.0,250,92750
20240103,13:33:22,401.25,600,93200
20240103,13:34:14,399.65,50,93200
20240103,13:35:05,398.5,100,93200
20240103,13:35:22,397.8,50,93200
20240103,13:38:24,396.9,50,93150
20240103,13:38:40,397.1,500,93150
20240103,13:39:06,395.0,50,93150
20240103,13:39:41,395.0,800,93400
20240103,13:39:50,395.0,50,93400
20240103,13:40:33,392.3,50,93400
20240103,13:41:07,393.25,50,93400
20240103,13:41:25,394.0,50,93400
20240103,13:41:33,391.7,50,93400
20240103,13:42:22,391.8,150,93400
20240103,13:42:38,394.0,50,93800
20240103,13:43:18,394.0,200,93800
20240103,13:44:46,394.0,200,93800
20240103,13:45:28,396.4,150,93950
20240103,13:46:36,397.8,50,93950
20240103,13:47:36,396.95,200,93950
20240103,13:49:24,395.0,50,93850
20240103,13:53:09,393.65,50,93800
20240103,13:53:26,395.05,150,93800
20240103,13:55:46,399.55,200,93950
20240103,13:56:52,397.0,250,93950
20240103,13:57:09,398.5,150,93950
20240103,13:58:10,398.6,500,94300
20240103,13:58:27,398.55,50,94300
20240103,13:58:35,398.55,100,94300
20240103,13:58:44,398.5,50,94300
20240103,13:58:52,396.45,50,94300
20240103,13:59:00,396.45,50,94300
20240103,13:59:41,396.45,50,94300
20240103,14:02:33,396.25,200,94950
20240103,14:05:00,396.55,50,94800
20240103,14:05:16,395.25,50,94800
20240103,14:05:25,395.2,150,94800
20240103,14:05:33,395.3,50,94800
20240103,14:05:41,395.2,50,94800
20240103,14:05:58,395.1,50,94800
20240103,14:06:06,395.1,50,94800
20240103,14:06:57,396.5,250,94600
20240103,14:08:01,395.2,100,94600
20240103,14:08:18,394.95,100,94600
20240103,14:08:26,394.1,50,94600
20240103,14:08:34,394.95,50,94600
20240103,14:08:50,394.45,150,94600
20240103,14:10:31,394.25,50,94600
20240103,14:10:38,395.2,50,94600
20240103,14:11:19,394.55,200,94600
20240103,14:11:27,393.65,50,94600
20240103,14:11:50,394.65,50,94600
20240103,14:12:45,393.75,50,94800
20240103,14:15:48,396.65,150,94800
20240103,14:16:41,399.75,150,94800
20240103,14:17:06,399.15,100,94800
20240103,14:17:23,397.15,100,94800
20240103,14:17:32,399.55,200,94800
20240103,14:18:04,399.5,150,94800
20240103,14:18:53,401.1,200,95250
20240103,14:19:09,400.75,100,95250
20240103,14:19:26,400.3,200,95250
20240103,14:19:35,403.15,300,95250
20240103,14:20:10,403.6,150,95250
20240103,14:20:19,403.85,150,95250
20240103,14:20:55,399.8,50,95250
20240103,14:21:04,398.6,50,95250
20240103,14:21:12,403.8,200,95250
20240103,14:21:38,399.1,50,95550
20240103,14:21:56,398.75,50,95550
20240103,14:22:04,397.9,50,95550
20240103,14:22:31,399.9,200,95550
20240103,14:22:47,401.35,100,95550
20240103,14:23:21,402.0,250,95550
20240103,14:24:01,401.5,50,95550
20240103,14:24:26,402.65,100,95550
20240103,14:24:42,403.7,50,95500
20240103,14:24:50,401.25,150,95500
20240103,14:24:58,402.15,50,95500
20240103,14:26:27,401.7,50,95500
20240103,14:27:28,401.25,50,95500
20240103,14:28:44,401.25,50,95350
20240103,14:29:09,402.7,50,95350
20240103,14:29:56,400.8,50,95350
20240103,14:30:04,402.7,50,95350
20240103,14:30:12,401.35,50,95350
20240103,14:31:10,398.25,500,95350
20240103,14:31:35,402.85,200,95350
20240103,14:32:52,402.8,50,95350
20240103,14:33:08,401.55,50,95350
20240103,14:33:25,404.45,50,95350
20240103,14:34:15,400.0,500,95400
20240103,14:34:40,400.5,50,95400
20240103,14:35:14,402.0,500,95400
20240103,14:35:23,404.0,50,95400
20240103,14:35:42,405.0,650,95400
20240103,14:37:13,407.0,50,95950
20240103,14:38:13,407.0,50,95950
20240103,14:38:21,407.25,50,95950
20240103,14:39:21,408.0,50,95950
20240103,14:40:32,408.5,200,96050
20240103,14:40:50,407.7,50,96050
20240103,14:40:59,406.0,800,96050
20240103,14:41:26,404.0,100,96050
20240103,14:42:19,401.0,100,96050
20240103,14:42:53,402.0,50,96300
20240103,14:43:36,402.0,100,96300
20240103,14:45:44,401.0,50,96250
20240103,14:46:01,400.0,100,96250
20240103,14:46:19,400.0,250,96250
20240103,14:49:57,405.45,50,96300
20240103,14:52:12,403.4,100,96300
20240103,14:52:29,400.0,350,96300
20240103,14:54:39,396.0,50,96300
20240103,14:55:05,395.0,250,96300
20240103,14:56:32,394.05,50,96300
20240103,15:00:23,403.25,400,96250
20240103,15:00:52,400.45,100,96450
20240103,15:01:19,405.5,350,96450
20240103,15:01:37,408.2,50,96450
20240103,15:02:24,407.0,50,96450
20240103,15:02:51,405.05,500,96450
20240103,15:04:09,407.95,50,96850
20240103,15:05:43,408.0,250,96850
20240103,15:07:02,410.3,250,97150
20240103,15:07:56,411.5,50,97150
20240103,15:08:07,413.45,50,97150
20240103,15:08:28,411.55,50,97150
20240103,15:08:40,413.45,350,97150
20240103,15:09:21,412.3,50,97150
20240103,15:09:30,414.2,50,97150
20240103,15:09:48,413.0,100,97500
20240103,15:10:17,411.05,50,97500
20240103,15:10:26,411.55,100,97500
20240103,15:10:35,415.0,500,97500
20240103,15:11:48,411.45,300,97500
20240103,15:12:17,413.05,100,97500
20240103,15:12:39,410.0,200,97500
20240103,15:14:19,411.0,50,97400
20240103,15:14:54,414.0,50,97400
20240103,15:15:58,414.95,100,97400
20240103,15:17:13,415.0,100,97400
20240103,15:17:42,415.0,50,97400
20240103,15:17:59,416.7,50,97400
20240103,15:18:17,415.0,50,97400
20240103,15:18:52,413.0,200,97550
20240103,15:19:19,412.95,50,97550
20240103,15:19:28,413.1,200,97550
20240103,15:19:47,411.0,100,97550
20240103,15:20:06,413.0,500,97550
20240103,15:22:06,413.1,100,98300
20240103,15:24:01,410.05,50,98300
20240103,15:24:42,411.0,100,98200
20240103,15:25:35,412.05,50,98200
20240103,15:25:44,413.8,350,98200
20240103,15:25:53,413.8,50,98200
20240103,15:26:02,410.05,50,98200
20240103,15:27:38,412.55,150,98550
20240103,15:29:07,410.2,50,98550
20240103,15:29:16,414.2,100,98550
20240103,15:29:34,414.2,250,98550
20240104,09:15:05,412.0,1,98000
20240104,09:15:05,412.0,50,98000
20240104,09:15:30,364.6,50,98000
20240104,09:15:59,364.6,50,98000
20240104,09:16:46,384.85,50,98000
20240104,09:17:35,384.0,50,98050
20240104,09:17:44,385.0,50,98050
20240104,09:18:02,387.0,50,98050
20240104,09:18:13,386.0,200,98050
20240104,09:18:24,386.7,150,98050
20240104,09:18:33,384.05,50,98050
20240104,09:19:00,384.0,150,98050
20240104,09:20:21,380.25,50,98050
20240104,09:20:39,380.1,550,97650
20240104,09:21:11,383.7,200,97650
20240104,09:21:59,380.3,100,97650
20240104,09:22:31,384.9,500,97650
20240104,09:22:57,384.65,150,97650
20240104,09:23:05,384.0,150,97650
20240104,09:23:32,383.0,50,98250
20240104,09:24:07,381.5,350,98250
20240104,09:25:07,381.5,50,98250
20240104,09:26:01,383.95,100,98250
20240104,09:26:10,382.5,100,98250
20240104,09:26:28,383.95,50,98350
20240104,09:27:40,382.5,50,98350
20240104,09:28:29,384.0,50,98350
20240104,09:29:34,383.0,500,98650
20240104,09:29:53,383.0,250,98650
20240104,09:30:12,382.0,100,98650
20240104,09:30:50,381.0,50,98650
20240104,09:31:08,381.0,50,98650
20240104,09:33:06,385.6,150,98000
20240104,09:34:11,385.6,50,98000
20240104,09:35:50,386.45,100,98150
20240104,09:36:52,387.0,50,98150
20240104,09:37:27,386.0,450,98150
20240104,09:37:37,385.0,150,98150
20240104,09:37:48,385.0,950,98150
20240104,09:38:39,382.0,400,99450
20240104,09:40:40,385.0,50,99450
20240104,09:42:39,384.5,100,99500
20240104,09:42:49,384.0,50,99500
20240104,09:44:19,385.0,50,99500
20240104,09:44:37,385.0,200,99600
20240104,09:44:56,385.5,50,99600
20240104,09:46:02,385.0,250,99600
20240104,09:46:29,381.75,50,99600
20240104,09:48:39,385.0,50,99600
20240104,09:49:10,386.0,200,99600
20240104,09:49:20,386.0,250,99600
20240104,09:49:56,385.25,50,99600
20240104,09:50:05,385.55,300,99600
20240104,09:51:08,385.0,250,100000
20240104,09:51:36,382.95,100,100000
20240104,09:51:45,381.65,500,100000
20240104,09:51:54,382.35,100,100000
20240104,09:52:03,383.0,50,100000
20240104,09:52:12,382.15,50,100000
20240104,09:52:31,383.6,50,100000
20240104,09:52:40,385.45,100,100000
20240104,09:53:36,385.0,150,100000
20240104,09:53:45,383.0,150,100250
20240104,09:53:55,382.15,250,100250
20240104,09:54:32,383.0,50,100250
20240104,09:55:26,383.0,300,100250
20240104,09:55:44,382.45,50,100250
20240104,09:55:53,381.0,50,100250
20240104,09:56:20,380.3,100,100250
20240104,09:58:25,381.35,100,100350
20240104,09:58:53,382.45,200,100350
20240104,10:00:23,382.0,350,100350
20240104,10:00:33,382.0,50,100350
20240104,10:00:42,384.3,50,100350
20240104,10:01:00,382.0,50,100350
20240104,10:01:08,381.5,50,100350
20240104,10:01:35,381.95,100,100350
20240104,10:01:52,381.15,50,100350
20240104,10:02:01,381.15,50,100350
20240104,10:04:26,383.0,50,100450
20240104,10:04:54,380.3,150,100450
20240104,10:05:05,379.0,450,100450
20240104,10:05:55,378.3,200,100700
20240104,10:06:33,378.3,50,100700
20240104,10:06:42,378.15,50,100700
20240104,10:07:55,378.3,100,100700
20240104,10:08:58,378.15,200,100900
20240104,10:09:17,378.15,150,100900
20240104,10:09:26,378.2,50,100900
20240104,10:10:21,378.3,100,100900
20240104,10:10:39,378.3,50,100900
20240104,10:10:48,378.25,50,100900
20240104,10:11:05,378.25,200,100900
20240104,10:11:14,378.25,50,100900
20240104,10:11:23,378.2,50,100900
20240104,10:11:32,378.2,150,100900
20240104,10:11:41,378.2,100,100800
20240104,10:12:07,378.0,350,100800
20240104,10:12:35,376.55,50,100800
20240104,10:12:54,378.0,50,100800
20240104,10:13:22,378.45,100,100800
20240104,10:13:50,379.25,50,100800
20240104,10:14:08,378.7,250,100800
20240104,10:14:21,375.0,100,100800
20240104,10:14:43,373.9,50,100900
20240104,10:14:53,372.7,50,100900
20240104,10:15:02,372.0,250,100900
20240104,10:15:13,370.05,500,100900
20240104,10:15:36,370.0,100,100900
20240104,10:16:33,370.55,50,100900
20240104,10:16:42,370.9,100,100900
20240104,10:16:52,369.45,1150,100900
20240104,10:17:11,369.5,50,100900
20240104,10:17:29,371.05,100,100900
20240104,10:17:47,370.8,50,100850
20240104,10:17:56,369.05,50,100850
20240104,10:18:14,369.05,50,100850
20240104,10:18:32,369.0,150,100850
20240104,10:18:52,366.9,150,100850
20240104,10:19:02,366.25,300,100850
20240104,10:19:11,365.8,350,100850
20240104,10:19:21,365.75,150,100850
20240104,10:19:31,365.6,1200,100850
20240104,10:19:51,366.25,150,100850
20240104,10:20:45,365.35,250,102000
20240104,10:20:54,365.0,200,102000
20240104,10:21:15,365.0,400,102000
20240104,10:22:23,366.1,100,102000
20240104,10:22:51,366.95,50,102000
20240104,10:23:18,367.0,550,102000
20240104,10:23:37,365.85,150,102550
20240104,10:23:55,367.95,50,102550
20240104,10:24:05,367.55,50,102550
20240104,10:24:33,366.75,100,102550
20240104,10:24:52,366.75,50,102550
20240104,10:25:40,367.0,200,102550
20240104,10:26:35,368.85,100,102550
20240104,10:26:44,370.0,500,102750
20240104,10:26:53,370.45,450,102750
20240104,10:27:02,370.5,50,102750
20240104,10:27:11,368.0,50,102750
20240104,10:27:20,368.25,50,102750
20240104,10:27:29,368.95,50,102750
20240104,10:28:23,369.1,50,102750
20240104,10:28:41,369.1,150,102750
20240104,10:28:59,368.8,50,102750
20240104,10:29:17,368.0,250,102750
20240104,10:30:02,368.0,50,102050
20240104,10:30:11,366.55,250,102050
20240104,10:34:06,368.8,100,102100
20240104,10:35:59,368.65,150,102100
20240104,10:36:08,368.5,50,102100
20240104,10:36:18,368.5,100,102100
20240104,10:36:26,368.5,350,102100
20240104,10:38:17,368.55,100,102100
20240104,10:39:05,366.35,50,102050
20240104,10:39:15,366.75,50,102050
20240104,10:39:24,366.8,50,102050
20240104,10:40:08,368.95,100,102050
20240104,10:40:44,367.0,50,102050
20240104,10:41:02,366.5,50,102050
20240104,10:41:11,365.95,200,102050
20240104,10:41:21,365.95,100,102050
20240104,10:41:30,366.0,200,102050
20240104,10:41:39,365.95,250,102050
20240104,10:41:57,367.45,50,102850
20240104,10:42:05,366.0,50,102850
20240104,10:42:14,366.0,50,102850
20240104,10:47:57,366.9,50,102850
20240104,10:51:23,366.9,50,102850
20240104,10:53:18,368.3,100,102850
20240104,10:53:35,368.35,500,102850
20240104,10:53:45,368.35,50,103300
20240104,10:54:54,367.55,50,103300
20240104,11:00:41,366.0,850,103300
20240104,11:00:51,366.0,150,103300
20240104,11:01:55,366.95,50,103300
20240104,11:03:50,366.0,50,103250
20240104,11:03:59,366.0,400,103250
20240104,11:04:35,366.0,200,103250
20240104,11:04:44,366.0,600,103250
20240104,11:05:11,365.05,50,103250
20240104,11:05:38,365.0,100,103250
20240104,11:07:36,365.0,300,103400
20240104,11:07:44,365.0,200,103400
20240104,11:08:03,365.0,200,103400
20240104,11:08:14,364.15,650,103400
20240104,11:08:52,364.15,50,102700
20240104,11:09:10,364.15,50,102700
20240104,11:09:19,364.85,50,102700
20240104,11:09:28,366.25,700,102700
20240104,11:09:55,364.35,50,102700
20240104,11:10:13,364.2,50,102700
20240104,11:10:31,364.15,200,102700
20240104,11:11:41,365.65,200,102700
20240104,11:12:33,365.7,100,102850
20240104,11:13:00,365.7,50,102850
20240104,11:14:08,365.65,50,102850
20240104,11:14:18,364.2,50,102850
20240104,11:14:46,364.15,50,102850
20240104,11:16:12,364.15,650,102850
20240104,11:16:22,364.15,250,102850
20240104,11:16:32,364.15,250,102850
20240104,11:17:45,365.0,50,102850
20240104,11:18:30,364.15,150,102850
20240104,11:18:39,364.15,150,102850
20240104,11:18:48,364.15,150,102850
20240104,11:19:17,366.0,100,102850
20240104,11:19:47,366.0,100,102850
20240104,11:20:06,366.0,150,102850
20240104,11:20:25,366.0,50,102850
20240104,11:22:53,365.0,50,102750
20240104,11:23:11,365.0,50,102750
20240104,11:23:30,365.0,50,102750
20240104,11:23:57,365.0,50,102700
20240104,11:24:06,365.0,150,102700
20240104,11:25:15,365.3,100,102700
20240104,11:25:34,366.7,50,102700
20240104,11:26:46,366.55,50,102700
20240104,11:27:12,365.25,50,102600
20240104,11:28:14,365.0,50,102600
20240104,11:28:23,365.15,100,102600
20240104,11:29:26,366.0,100,102600
20240104,11:29:44,365.0,100,102600
20240104,11:30:02,365.6,150,102500
20240104,11:30:37,365.0,50,102500
20240104,11:31:22,365.0,850,102500
20240104,11:34:05,364.85,50,102750
20240104,11:38:12,364.7,250,102750
20240104,11:41:37,364.7,300,102500
20240104,11:42:03,364.7,300,102200
20240104,11:42:21,365.95,50,102200
20240104,11:44:58,364.85,50,101900
20240104,11:45:22,366.25,50,101900
20240104,11:47:09,364.95,50,101900
20240104,11:47:41,364.95,350,101900
20240104,11:47:50,364.0,200,101900
20240104,11:49:16,364.0,400,101400
20240104,11:49:42,362.4,100,101400
20240104,11:55:23,362.4,50,101050
20240104,11:56:15,365.0,100,101050
20240104,11:56:56,362.15,50,101000
20240104,11:58:37,362.05,50,101000
20240104,11:59:34,362.05,50,101000
20240104,11:59:42,362.05,50,101000
20240104,12:00:30,362.0,1050,100950
20240104,12:00:40,362.0,50,100950
20240104,12:01:07,362.0,50,100950
20240104,12:03:20,362.0,150,100050
20240104,12:04:27,362.0,100,100050
20240104,12:05:19,362.0,50,100050
20240104,12:07:44,362.9,200,100100
20240104,12:10:57,362.9,50,100300
20240104,12:14:24,362.05,50,100350
20240104,12:15:23,364.0,300,100300
20240104,12:15:31,363.5,50,100300
20240104,12:15:40,364.1,100,100300
20240104,12:15:47,364.25,100,100300
20240104,12:15:55,364.1,50,100300
20240104,12:16:04,364.1,100,100300
20240104,12:16:21,364.1,50,100300
20240104,12:16:29,364.5,100,100300
20240104,12:17:01,365.0,100,100300
20240104,12:17:09,365.0,50,100300
20240104,12:17:25,364.1,250,100300
20240104,12:17:33,365.0,100,100300
20240104,12:18:39,362.1,50,100950
20240104,12:21:29,362.1,50,100900
20240104,12:21:46,362.0,300,100900
20240104,12:21:54,362.0,200,100900
20240104,12:22:03,363.6,150,100900
20240104,12:22:28,360.3,50,100900
20240104,12:22:36,360.3,150,100900
20240104,12:23:09,360.0,550,100900
20240104,12:23:49,360.0,350,100900
20240104,12:24:08,360.0,1200,100800
20240104,12:24:18,360.0,750,100800
20240104,12:24:55,356.8,150,100800
20240104,12:25:05,356.8,150,100800
20240104,12:25:14,358.65,150,100800
20240104,12:25:50,357.7,50,100800
20240104,12:26:07,357.7,200,100800
20240104,12:26:52,356.85,100,100800
20240104,12:27:01,356.5,300,99950
20240104,12:27:27,357.0,100,99950
20240104,12:27:44,356.2,100,99950
20240104,12:27:53,356.0,550,99950
20240104,12:28:10,358.2,200,99950
20240104,12:28:44,356.05,100,99950
20240104,12:31:10,356.05,200,99550
20240104,12:31:20,356.0,150,99550
20240104,12:31:37,358.75,50,99550
20240104,12:31:54,358.0,200,99550
20240104,12:32:02,357.85,50,99550
20240104,12:32:18,358.75,50,99550
20240104,12:32:27,356.2,100,99550
20240104,12:32:35,356.2,100,99550
20240104,12:32:57,356.25,100,99550
20240104,12:34:41,360.3,1000,99300
20240104,12:36:00,360.3,250,99400
20240104,12:36:41,360.5,50,99400
20240104,12:37:21,360.35,100,99400
20240104,12:37:29,360.3,50,99400
20240104,12:38:17,358.05,50,99400
20240104,12:38:42,358.05,50,99400
20240104,12:38:50,358.0,50,99400
20240104,12:40:37,357.1,50,99550
20240104,12:40:54,356.8,50,99550
20240104,12:41:19,358.05,100,99550
20240104,12:41:53,358.2,50,99550
20240104,12:42:10,358.25,50,99650
20240104,12:45:09,358.2,100,99700
20240104,12:45:26,358.25,150,99700
20240104,12:45:43,358.2,100,99700
20240104,12:47:58,358.2,50,99700
20240104,12:53:23,358.2,100,99750
20240104,13:00:01,356.5,500,99800
20240104,13:00:19,358.2,150,100200
20240104,13:02:01,358.0,50,100200
20240104,13:02:37,357.05,50,100200
20240104,13:02:46,357.0,50,100200
20240104,13:03:03,357.0,50,100400
20240104,13:05:58,357.0,100,100400
20240104,13:06:24,357.0,150,100300
20240104,13:07:51,357.0,50,100300
20240104,13:09:02,358.9,50,100250
20240104,13:09:19,357.0,50,100250
20240104,13:09:38,358.9,50,100250
20240104,13:10:29,356.05,100,100250
20240104,13:10:39,356.05,100,100250
20240104,13:11:07,357.1,100,100250
20240104,13:11:16,357.5,100,100250
20240104,13:11:33,358.0,100,100250
20240104,13:11:42,357.1,200,100250
20240104,13:12:07,356.0,100,100450
20240104,13:12:41,357.85,150,100450
20240104,13:13:06,356.85,150,100450
20240104,13:13:47,356.35,100,100450
20240104,13:15:27,356.35,50,100550
20240104,13:16:03,356.0,100,100550
20240104,13:16:46,356.0,50,100550
20240104,13:16:55,356.8,100,100550
20240104,13:17:30,356.6,50,100550
20240104,13:17:47,356.6,50,100550
20240104,13:18:15,356.5,50,100500
20240104,13:18:40,356.75,50,100500
20240104,13:18:57,357.25,50,100500
20240104,13:19:41,356.95,200,100500
20240104,13:19:49,357.0,50,100500
20240104,13:21:30,357.0,150,100700
20240104,13:21:39,357.0,200,100700
20240104,13:22:03,357.0,150,100700
20240104,13:23:50,356.05,50,100700
20240104,13:26:03,356.0,50,100800
20240104,13:27:23,356.25,50,100800
20240104,13:28:04,356.0,50,100800
20240104,13:28:21,357.5,50,100800
20240104,13:28:48,356.05,50,100800
20240104,13:28:57,356.05,50,100800
20240104,13:29:15,356.05,50,100800
20240104,13:29:56,356.45,50,100800
20240104,13:30:48,356.45,50,100950
20240104,13:31:14,357.7,50,100950
20240104,13:32:07,357.05,50,100950
20240104,13:32:17,358.0,550,100950
20240104,13:32:26,357.0,50,100950
20240104,13:32:34,357.65,100,100950
20240104,13:32:43,358.5,50,100950
20240104,13:33:00,358.0,400,100950
20240104,13:33:09,358.0,600,101200
20240104,13:33:17,358.0,750,101200
20240104,13:33:33,358.0,250,101200
20240104,13:33:42,358.0,50,101200
20240104,13:33:51,358.0,850,101200
20240104,13:34:09,356.3,50,101200
20240104,13:34:18,356.3,50,101200
20240104,13:34:27,357.1,200,101200
20240104,13:34:44,358.5,350,101200
20240104,13:35:28,356.2,50,101200
20240104,13:35:54,356.1,100,101200
20240104,13:37:12,356.0,200,103250
20240104,13:37:40,353.85,250,103250
20240104,13:38:06,353.75,100,103250
20240104,13:38:49,353.1,100,103250
20240104,13:38:59,353.05,50,103250
20240104,13:39:08,353.05,100,103300
20240104,13:39:18,353.05,50,103300
20240104,13:39:27,351.8,150,103300
20240104,13:39:37,351.8,100,103300
20240104,13:40:54,351.8,200,103300
20240104,13:42:25,351.95,50,103800
20240104,13:42:33,353.0,200,103800
20240104,13:42:42,351.95,100,103800
20240104,13:44:55,353.0,50,103800
20240104,13:45:55,352.1,50,104050
20240104,13:46:31,351.15,50,104050
20240104,13:55:50,351.15,200,104050
20240104,13:56:57,354.0,200,104050
20240104,13:58:06,355.0,50,104050
20240104,13:59:43,354.95,500,104050
20240104,14:01:12,354.95,50,104100
20240104,14:03:13,355.0,50,104100
20240104,14:03:48,355.0,50,104100
20240104,14:04:22,353.8,50,104100
20240104,14:05:04,354.85,50,104100
20240104,14:06:05,355.0,500,104100
20240104,14:06:13,353.35,50,104100
20240104,14:07:44,355.0,50,104000
20240104,14:08:01,353.35,200,104000
20240104,14:09:25,355.5,550,103950
20240104,14:10:22,355.0,150,103950
20240104,14:10:41,353.5,50,103950
20240104,14:10:51,353.5,50,103950
20240104,14:11:27,353.35,50,103950
20240104,14:12:26,351.0,100,104500
20240104,14:13:39,351.0,50,104500
20240104,14:14:21,351.0,50,104500
20240104,14:16:10,357.2,100,104650
20240104,14:19:35,354.05,100,104650
20240104,14:26:45,354.05,50,104750
20240104,14:27:04,355.95,50,104750
20240104,14:27:58,356.0,50,104750
20240104,14:28:47,358.45,50,104750
20240104,14:30:48,358.05,50,104750
20240104,14:31:07,355.05,150,104750
20240104,14:31:16,354.45,250,104750
20240104,14:33:06,354.0,50,104750
20240104,14:33:42,358.0,250,105050
20240104,14:35:25,355.45,50,105050
20240104,14:37:58,356.0,300,104950
20240104,14:41:47,355.4,50,104950
20240104,14:42:40,354.15,50,105000
20240104,14:44:14,356.45,50,105000
20240104,14:44:25,356.0,400,105000
20240104,14:45:17,355.35,50,105200
20240104,14:45:25,355.35,50,105200
20240104,14:46:56,355.0,100,105200
20240104,14:48:13,353.8,100,105200
20240104,14:51:31,356.0,50,105500
20240104,14:51:50,354.05,50,105500
20240104,14:52:30,356.0,100,105500
20240104,14:52:38,354.45,50,105500
20240104,14:53:56,353.5,300,105500
20240104,14:54:30,353.5,100,105550
20240104,14:56:18,353.6,100,105550
20240104,14:58:20,354.35,50,105550
20240104,14:58:45,354.05,150,105550
20240104,14:58:54,354.05,100,105550
20240104,14:59:02,354.05,400,105550
20240104,14:59:48,353.3,150,105550
20240104,15:00:08,351.95,100,105550
20240104,15:00:21,351.4,150,106600
20240104,15:00:32,351.0,300,106600
20240104,15:00:42,353.0,100,106600
20240104,15:01:23,352.95,50,106600
20240104,15:02:31,351.05,50,106600
20240104,15:03:24,353.5,50,106700
20240104,15:03:32,352.9,100,106700
20240104,15:05:06,351.4,50,106700
20240104,15:06:54,351.0,300,106750
20240104,15:07:04,351.0,350,106750
20240104,15:07:15,350.1,300,106750
20240104,15:07:25,350.0,150,106750
20240104,15:08:58,350.0,50,106750
20240104,15:09:17,351.0,50,106750
20240104,15:09:44,349.7,1000,107800
20240104,15:10:02,349.4,1000,107800
20240104,15:10:13,349.4,400,107800
20240104,15:10:23,349.5,600,107800
20240104,15:10:41,350.95,100,107800
20240104,15:13:39,348.05,50,106600
20240104,15:14:09,347.6,50,106600
20240104,15:14:47,346.9,150,106600
20240104,15:15:42,348.05,800,106600
20240104,15:15:53,348.0,1100,106600
20240104,15:16:03,348.0,50,106600
20240104,15:16:31,348.0,500,106600
20240104,15:16:49,348.0,50,106600
20240104,15:17:36,348.0,450,106600
20240104,15:17:46,348.9,100,106600
20240104,15:18:04,347.15,50,106600
20240104,15:19:17,347.15,50,107350
20240104,15:20:25,347.5,200,107350
20240104,15:20:35,347.5,300,107350
20240104,15:20:44,347.5,250,107350
20240104,15:20:54,347.5,200,107350
20240104,15:21:03,347.5,50,107350
20240104,15:21:21,347.5,400,107500
20240104,15:21:30,347.5,200,107500
20240104,15:21:40,347.15,50,107500
20240104,15:21:50,346.1,50,107500
20240104,15:22:10,345.05,250,107500
20240104,15:22:21,345.0,100,107500
20240104,15:23:10,343.6,150,107500
20240104,15:23:19,343.6,700,107500
20240104,15:23:40,343.6,150,107500
20240104,15:23:51,343.5,100,107500
20240104,15:24:02,343.3,50,107500
20240104,15:24:13,342.8,200,107500
20240104,15:24:33,343.3,100,108350
20240104,15:24:43,343.4,100,108350
20240104,15:25:23,343.0,300,108350
20240104,15:25:56,342.15,100,108350
20240104,15:26:16,342.15,100,108350
20240104,15:26:26,341.4,50,108350
20240104,15:26:37,341.4,100,108350
20240104,15:26:58,341.3,50,108350
20240104,15:27:21,341.3,150,108850
20240104,15:27:56,341.75,100,108850
20240104,15:28:08,341.7,350,108850
20240104,15:28:18,341.75,200,108850
20240104,15:28:38,342.0,500,108850
20240104,15:28:48,341.6,600,108850
20240104,15:28:58,341.55,300,108850
20240104,15:29:07,341.2,700,108850
20240104,15:29:18,341.2,50,108850
20240104,15:29:29,340.85,50,108850
20240104,15:29:41,340.45,200,108850
20240104,15:29:52,340.1,150,108850
20240104,15:30:02,339.0,200,108850
20240105,09:15:13,340.1,1,108750
20240105,09:15:13,340.1,100,108750
20240105,09:15:30,340.15,150,108750
20240105,09:15:45,338.15,50,108750
20240105,09:16:09,333.05,50,108750
20240105,09:16:25,333.0,50,108750
20240105,09:16:32,332.95,250,108750
20240105,09:16:40,338.65,100,108750
20240105,09:16:47,331.3,50,108750
20240105,09:17:37,331.3,50,108550
20240105,09:18:14,333.65,100,108550
20240105,09:18:26,331.4,500,108550
20240105,09:18:50,332.3,50,108550
20240105,09:18:55,334.6,150,108550
20240105,09:19:09,334.95,50,108550
20240105,09:19:12,332.9,50,108550
20240105,09:19:19,331.95,50,108550
20240105,09:19:33,334.95,50,108550
20240105,09:19:51,334.95,200,108550
20240105,09:20:01,335.0,300,108550
20240105,09:20:11,335.9,100,108550
20240105,09:20:29,336.0,50,108900
20240105,09:21:15,335.45,50,108900
20240105,09:22:34,336.35,50,108900
20240105,09:22:44,337.45,50,108900
20240105,09:22:54,337.0,50,108900
20240105,09:23:03,337.0,50,108900
20240105,09:23:12,337.0,100,108900
20240105,09:23:21,337.5,200,108900
20240105,09:23:30,336.55,50,108900
20240105,09:24:17,338.0,150,108900
20240105,09:24:26,338.5,50,108900
20240105,09:24:46,338.5,50,108900
20240105,09:24:55,340.5,50,108900
20240105,09:25:35,342.7,100,108900
20240105,09:25:54,342.65,50,108900
20240105,09:26:23,342.65,200,108950
20240105,09:26:50,342.6,50,108950
20240105,09:27:25,341.2,50,108950
20240105,09:27:52,339.0,100,108950
20240105,09:28:10,338.0,100,108950
20240105,09:28:19,338.95,100,108950
20240105,09:28:28,338.95,100,108950
20240105,09:28:45,338.8,150,108950
20240105,09:28:54,339.0,50,108950
20240105,09:29:03,339.0,300,108950
20240105,09:29:38,338.8,50,109250
20240105,09:29:47,338.5,50,109250
20240105,09:30:22,336.45,50,109250
20240105,09:31:35,334.5,100,109250
20240105,09:32:02,335.3,150,109250
20240105,09:33:38,334.0,250,109200
20240105,09:33:56,335.5,200,109200
20240105,09:34:05,336.0,100,109200
20240105,09:35:29,334.15,150,109500
20240105,09:36:04,334.0,150,109500
20240105,09:36:40,335.85,100,109500
20240105,09:37:34,335.0,100,109500
20240105,09:37:43,334.0,200,109500
20240105,09:38:00,333.35,100,109500
20240105,09:38:17,334.95,150,109500
20240105,09:40:23,333.2,50,109850
20240105,09:42:55,334.35,200,109900
20240105,09:43:03,334.2,50,109900
20240105,09:43:39,333.9,50,109900
20240105,09:43:48,334.9,100,109900
20240105,09:43:57,335.0,2250,109900
20240105,09:44:32,334.4,50,110300
20240105,09:45:32,334.9,50,110300
20240105,09:45:41,335.0,900,110300
20240105,09:45:50,336.1,150,110300
20240105,09:45:59,337.6,700,110300
20240105,09:46:33,337.0,100,110300
20240105,09:47:17,336.1,150,110300
20240105,09:48:34,336.5,50,109850
20240105,09:48:43,335.2,50,109850
20240105,09:49:00,335.15,100,109850
20240105,09:50:14,336.1,50,109850
20240105,09:50:51,334.65,200,109700
20240105,09:52:26,334.65,50,109700
20240105,09:52:35,332.85,150,109700
20240105,09:53:11,335.1,50,109700
20240105,09:53:20,335.1,200,109700
20240105,09:54:13,333.15,50,109750
20240105,09:55:30,334.1,100,109750
20240105,09:55:39,334.1,100,109750
20240105,09:55:47,334.0,50,109750
20240105,09:56:15,334.0,50,109750
20240105,09:56:57,335.0,50,109750
20240105,09:58:05,334.1,100,109750
20240105,09:58:21,334.1,100,109750
20240105,09:59:01,334.1,50,109750
20240105,09:59:28,335.0,50,109750
20240105,10:01:35,337.1,150,110000
20240105,10:01:43,337.1,50,110000
20240105,10:02:00,336.5,150,110000
20240105,10:03:47,334.0,50,109950
20240105,10:03:56,337.4,100,109950
20240105,10:06:38,335.95,300,109900
20240105,10:11:27,335.5,150,110100
20240105,10:12:16,337.35,50,110100
20240105,10:13:11,335.55,200,110100
20240105,10:13:28,334.85,50,110100
20240105,10:14:30,334.9,50,110100
20240105,10:14:56,336.0,700,110250
20240105,10:15:50,334.85,50,110250
20240105,10:17:17,335.05,100,110250
20240105,10:17:25,336.8,200,110250
20240105,10:18:16,336.95,50,110450
20240105,10:18:26,336.95,50,110450
20240105,10:19:38,337.4,100,110450
20240105,10:22:29,335.35,50,110650
20240105,10:22:58,335.5,200,110650
20240105,10:24:00,337.95,50,110750
20240105,10:26:23,337.0,400,110750
20240105,10:26:40,337.0,50,110300
20240105,10:26:56,337.75,250,110300
20240105,10:27:12,335.25,750,110300
20240105,10:27:51,338.1,1150,110300
20240105,10:28:13,338.1,100,110300
20240105,10:28:43,338.1,350,110300
20240105,10:29:38,337.3,200,110400
20240105,10:31:16,335.25,150,110400
20240105,10:34:38,335.0,200,110350
20240105,10:37:07,334.5,100,110400
20240105,10:37:24,333.05,100,110400
20240105,10:37:41,334.95,100,110400
20240105,10:41:13,335.0,100,110300
20240105,10:41:38,335.55,100,110400
20240105,10:42:02,335.0,150,110400
20240105,10:42:52,335.55,50,110400
20240105,10:43:09,335.55,50,110400
20240105,10:43:27,335.05,200,110400
20240105,10:43:38,335.0,100,110400
20240105,10:43:47,336.65,200,110400
20240105,10:44:27,340.0,50,110400
20240105,10:45:54,342.0,100,110800
20240105,10:47:04,342.65,50,110800
20240105,10:47:35,344.95,50,110900
20240105,10:47:56,345.0,100,110900
20240105,10:48:15,345.0,150,110900
20240105,10:51:45,346.0,50,111000
20240105,10:51:54,346.8,50,111000
20240105,10:52:39,346.8,50,111000
20240105,10:53:05,346.75,150,111000
20240105,10:53:37,344.95,50,111000
20240105,10:54:17,351.0,250,111200
20240105,10:54:28,351.0,100,111200
20240105,10:55:42,354.0,50,111200
20240105,10:56:30,354.0,350,111200
20240105,10:59:21,343.1,400,111100
20240105,10:59:30,343.95,850,111100
20240105,11:01:22,349.55,150,112200
20240105,11:01:39,347.65,100,112200
20240105,11:02:40,347.65,50,112300
20240105,11:04:10,346.0,50,112300
20240105,11:04:55,343.4,50,112300
20240105,11:06:33,344.95,100,112300
20240105,11:07:45,344.0,250,112300
20240105,11:08:10,344.0,50,112300
20240105,11:09:03,342.05,100,112500
20240105,11:09:22,342.0,200,112500
20240105,11:11:17,341.0,50,112500
20240105,11:12:34,339.0,50,112500
20240105,11:13:43,340.0,100,112500
20240105,11:13:52,341.0,100,112500
20240105,11:14:18,343.55,50,112500
20240105,11:15:21,343.0,150,112500
20240105,11:16:50,342.95,100,112750
20240105,11:17:36,345.0,50,112750
20240105,11:18:55,350.0,50,112900
20240105,11:19:06,350.0,100,112900
20240105,11:19:16,351.7,50,112900
20240105,11:20:13,349.0,100,112900
20240105,11:23:18,349.0,150,113050
20240105,11:28:21,346.25,100,113050
20240105,11:28:48,346.5,50,113050
20240105,11:28:57,346.25,50,113050
20240105,11:30:10,345.15,50,113150
20240105,11:31:28,345.5,50,113150
20240105,11:31:47,346.95,50,113150
20240105,11:32:15,345.1,150,113150
20240105,11:33:43,344.5,50,113300
20240105,11:34:51,345.0,50,113300
20240105,11:35:43,348.5,50,113300
20240105,11:39:18,348.9,50,113400
20240105,11:40:34,350.2,50,113400
20240105,11:44:42,350.95,50,113400
20240105,11:47:05,351.55,50,113450
20240105,11:47:57,351.55,150,113400
20240105,11:48:57,351.45,50,113400
20240105,11:49:25,351.05,100,113400
20240105,11:49:43,350.3,100,113400
20240105,11:50:19,350.15,150,113400
20240105,11:53:35,349.65,200,113700
20240105,11:54:43,347.05,250,113650
20240105,11:56:36,346.1,150,113650
20240105,11:57:11,347.75,50,113800
20240105,11:59:36,347.5,50,113800
20240105,12:00:00,349.0,100,113700
20240105,12:00:51,346.95,200,113700
20240105,12:01:25,348.8,50,113700
20240105,12:01:34,348.4,50,113700
20240105,12:02:09,347.0,50,113700
20240105,12:03:50,348.85,50,113550
20240105,12:04:08,348.2,550,113550
20240105,12:04:44,347.05,100,113550
20240105,12:04:53,347.0,300,113550
20240105,12:05:12,343.0,250,113550
20240105,12:05:31,343.0,50,113550
20240105,12:08:23,345.45,550,112800
20240105,12:08:32,345.0,50,112800
20240105,12:08:40,342.45,200,112800
20240105,12:09:38,342.45,100,112500
20240105,12:09:49,342.2,50,112500
20240105,12:10:03,338.65,250,112500
20240105,12:10:04,341.65,50,112500
20240105,12:10:07,341.2,50,112500
20240105,12:10:08,341.35,100,112500
20240105,12:10:10,341.3,50,112500
20240105,12:10:19,341.15,50,112500
20240105,12:11:02,341.2,100,112500
20240105,12:11:03,341.2,100,112500
20240105,12:11:04,341.1,200,112500
20240105,12:11:05,340.9,200,112500
20240105,12:11:06,341.2,200,112500
20240105,12:12:26,342.95,100,111650
20240105,12:13:06,341.4,50,111650
20240105,12:16:21,341.25,150,111550
20240105,12:16:29,343.1,450,111550
20240105,12:16:45,342.55,600,111550
20240105,12:16:54,342.35,550,111550
20240105,12:17:03,340.95,50,111550
20240105,12:17:19,340.4,50,111550
20240105,12:17:28,340.15,50,111550
20240105,12:18:04,338.1,550,110900
20240105,12:18:47,338.2,50,110900
20240105,12:19:05,338.05,50,110900
20240105,12:19:32,339.0,50,110900
20240105,12:20:06,340.4,350,110900
20240105,12:20:32,338.6,350,110900
20240105,12:21:08,339.0,150,110850
20240105,12:22:30,339.0,150,110850
20240105,12:22:46,336.55,150,110850
20240105,12:22:56,338.95,300,110850
20240105,12:23:05,336.15,200,110850
20240105,12:23:15,338.35,100,110850
20240105,12:23:24,338.6,900,110850
20240105,12:24:24,338.05,100,111500
20240105,12:26:45,337.95,100,111500
20240105,12:28:39,339.85,100,111400
20240105,12:30:18,340.0,100,111450
20240105,12:35:43,341.65,100,111550
20240105,12:36:00,342.0,50,111650
20240105,12:36:25,341.6,100,111650
20240105,12:38:12,339.95,200,111650
20240105,12:39:21,341.0,350,111850
20240105,12:39:38,341.0,100,111850
20240105,12:40:58,341.0,50,111850
20240105,12:43:23,343.95,50,112050
20240105,12:45:04,343.0,300,112100
20240105,12:46:01,342.85,50,112100
20240105,12:48:53,343.05,200,112200
20240105,12:49:10,343.0,550,112200
20240105,12:55:08,343.4,50,112150
20240105,12:56:00,342.3,50,112150
20240105,12:58:04,342.0,50,112150
20240105,12:59:44,343.5,100,112250
20240105,13:02:00,343.5,50,112400
20240105,13:10:15,342.0,50,112400
20240105,13:13:43,341.0,200,112350
20240105,13:14:07,340.05,250,112350
20240105,13:17:41,343.4,50,112350
20240105,13:20:02,341.7,200,112350
20240105,13:22:43,340.3,50,112350
20240105,13:22:58,340.1,50,112350
20240105,13:27:50,340.05,50,112400
20240105,13:33:53,344.35,150,112450
20240105,13:35:03,344.35,50,112450
20240105,13:35:12,342.5,100,112450
20240105,13:35:28,342.5,100,112450
20240105,13:36:34,345.1,50,112850
20240105,13:40:25,345.6,150,112850
20240105,13:41:05,348.0,100,112850
20240105,13:41:15,348.35,200,112850
20240105,13:41:24,348.0,250,112850
20240105,13:41:44,348.05,50,112850
20240105,13:43:32,346.6,200,113300
20240105,13:47:16,343.0,50,113300
20240105,13:48:16,342.65,100,113300
20240105,13:48:34,342.25,100,113300
20240105,13:49:43,342.25,300,113300
20240105,13:49:51,341.45,100,113300
20240105,13:50:00,342.25,200,113300
20240105,13:50:07,341.9,100,113300
20240105,13:53:54,342.1,100,113200
20240105,13:58:21,342.0,300,113250
20240105,13:59:14,340.0,50,113250
20240105,14:00:22,339.4,1000,113350
20240105,14:00:40,342.0,600,113350
20240105,14:01:14,340.95,100,113350
20240105,14:03:32,346.6,50,115000
20240105,14:04:00,348.25,1850,115000
20240105,14:04:38,348.25,50,115000
20240105,14:05:24,348.0,50,115000
20240105,14:05:35,349.1,50,115000
20240105,14:06:13,349.1,50,113200
20240105,14:07:24,348.0,200,113200
20240105,14:07:33,348.0,100,113200
20240105,14:08:07,348.0,700,113200
20240105,14:09:07,350.0,100,113200
20240105,14:09:34,351.65,50,114100
20240105,14:09:58,354.3,500,114100
20240105,14:10:47,354.3,200,114100
20240105,14:11:16,352.9,50,114100
20240105,14:12:50,356.2,50,114000
20240105,14:14:50,356.9,200,114000
20240105,14:15:28,356.9,500,114150
20240105,14:15:37,356.9,50,114150
20240105,14:15:46,355.9,50,114150
20240105,14:17:09,355.0,50,114150
20240105,14:17:47,357.0,150,114150
20240105,14:17:58,357.0,50,114150
20240105,14:18:09,360.05,100,113750
20240105,14:19:11,361.5,300,113750
20240105,14:19:52,361.5,100,113750
20240105,14:20:03,360.05,50,113750
20240105,14:21:05,364.95,400,113750
20240105,14:21:57,364.95,50,113450
20240105,14:22:27,364.25,50,113450
20240105,14:23:53,360.0,50,113450
20240105,14:24:11,360.0,100,113450
20240105,14:24:20,358.05,50,113500
20240105,14:24:30,355.0,100,113500
20240105,14:24:50,356.5,50,113500
20240105,14:24:59,357.25,100,113500
20240105,14:25:18,357.5,50,113500
20240105,14:25:28,359.95,100,113500
20240105,14:26:51,360.55,50,113500
20240105,14:27:00,362.0,50,113500
20240105,14:28:54,360.3,150,113950
20240105,14:29:02,361.0,50,113950
20240105,14:30:52,359.5,500,114150
20240105,14:32:03,355.95,50,114150
20240105,14:32:21,353.7,50,114150
20240105,14:32:38,353.85,100,114150
20240105,14:33:36,355.75,100,114150
20240105,14:33:45,353.0,50,114150
20240105,14:35:45,354.0,800,114150
20240105,14:36:09,356.95,200,114150
20240105,14:36:34,356.35,100,115000
20240105,14:37:32,359.0,50,115000
20240105,14:39:19,353.0,400,115050
20240105,14:39:46,352.0,50,115050
20240105,14:41:46,352.45,50,115050
20240105,14:43:09,351.4,50,115350
20240105,14:45:22,346.0,50,115350
20240105,14:46:16,346.0,50,115350
20240105,14:46:25,344.0,100,115350
20240105,14:49:45,340.0,300,115400
20240105,14:50:28,333.6,500,115400
20240105,14:50:39,333.45,50,115400
20240105,14:50:51,333.0,200,115400
20240105,14:51:02,332.6,50,115400
20240105,14:51:13,331.0,200,116200
20240105,14:51:24,331.6,50,116200
20240105,14:51:35,334.7,150,116200
20240105,14:51:56,334.55,50,116200
20240105,14:52:25,333.8,200,116200
20240105,14:52:36,333.0,300,116200
20240105,14:52:55,331.4,350,116200
20240105,14:53:06,330.05,200,116200
20240105,14:53:27,330.05,50,116200
20240105,14:55:04,330.05,400,116650
20240105,14:55:15,331.25,200,116650
20240105,14:55:35,331.4,150,116650
20240105,14:56:04,330.0,50,116650
20240105,14:56:54,330.0,100,116650
20240105,14:57:12,332.6,50,116650
20240105,14:58:00,331.0,100,116800
20240105,14:58:27,331.05,150,116800
20240105,14:58:36,331.05,50,116800
20240105,14:58:46,333.0,50,116800
20240105,15:00:02,332.0,150,116800
20240105,15:00:24,325.45,1150,116700
20240105,15:01:26,325.05,100,116700
20240105,15:01:47,325.0,100,116700
20240105,15:02:18,325.0,50,116700
20240105,15:02:28,322.4,100,116700
20240105,15:02:40,322.15,150,116700
20240105,15:02:50,322.15,500,116700
20240105,15:03:01,324.85,100,116700
20240105,15:03:11,325.0,150,116700
20240105,15:03:42,325.0,200,116100
20240105,15:03:52,326.45,100,116100
20240105,15:04:41,326.45,50,116100
20240105,15:05:01,326.0,50,116100
20240105,15:05:11,325.0,750,116100
20240105,15:05:30,323.0,550,116100
20240105,15:06:50,328.25,50,116550
20240105,15:08:45,325.0,50,116550
20240105,15:08:54,323.0,50,116550
20240105,15:10:02,326.0,50,116700
20240105,15:10:12,326.3,100,116700
20240105,15:11:19,325.1,200,116700
20240105,15:11:28,325.05,500,116700
20240105,15:11:38,325.05,50,116700
20240105,15:11:57,326.4,50,116700
20240105,15:12:26,330.0,400,117400
20240105,15:12:56,328.4,100,117400
20240105,15:13:06,330.55,50,117400
20240105,15:14:11,328.4,50,117400
20240105,15:15:27,330.0,300,117250
20240105,15:16:16,330.05,50,117250
20240105,15:16:45,332.45,100,117250
20240105,15:17:25,334.0,50,117250
20240105,15:18:14,334.0,50,117000
20240105,15:19:05,334.5,300,117000
20240105,15:20:45,332.0,50,117000
20240105,15:20:55,331.0,350,117000
20240105,15:21:24,330.1,100,116800
20240105,15:22:37,328.3,100,116800
20240105,15:22:56,331.0,50,116800
20240105,15:23:15,331.05,50,116800
20240105,15:23:33,330.4,200,116800
20240105,15:23:42,331.05,200,116800
20240105,15:23:52,330.0,200,116800
20240105,15:24:01,330.2,650,116800
20240105,15:24:29,332.0,300,116700
20240105,15:24:38,333.0,1200,116700
20240105,15:25:33,332.0,200,116700
20240105,15:25:43,332.0,350,116700
20240105,15:25:52,331.8,50,116700
20240105,15:26:02,331.9,50,116700
20240105,15:26:14,332.15,650,116700
20240105,15:26:24,331.05,200,116700
20240105,15:26:26,331.15,50,116700
20240105,15:26:27,331.0,250,116700
20240105,15:26:28,331.0,50,116700
20240105,15:26:29,331.05,50,116700
20240105,15:26:30,331.05,100,116700
20240105,15:26:31,331.05,100,116700
20240105,15:26:32,330.85,50,116700
20240105,15:26:41,330.7,100,116700
20240105,15:26:45,330.15,100,116700
20240105,15:26:47,331.25,50,116700
20240105,15:27:06,331.25,300,116700
20240105,15:27:07,331.4,100,116700
20240105,15:27:29,330.45,100,116600
20240105,15:27:38,331.6,150,116600
20240105,15:27:48,331.0,50,116600
20240105,15:28:07,331.6,50,116600
20240105,15:28:16,331.9,1000,116600
20240105,15:28:35,331.0,50,116600
20240105,15:28:54,332.75,1000,116600
20240105,15:29:43,333.65,100,116600
20240105,15:29:44,333.0,100,116600
20240105,15:29:45,333.25,100,116600
20240105,15:29:50,334.55,100,116600
20240105,15:29:52,333.9,100,116600
20240108,09:15:18,335.3,1,116850
20240108,09:15:18,335.3,100,116850
20240108,09:17:28,330.55,650,116850
20240108,09:17:36,332.85,800,116850
20240108,09:18:07,331.15,50,116850
20240108,09:19:12,332.75,50,116850
20240108,09:20:06,334.0,550,116850
20240108,09:20:15,334.0,450,116850
20240108,09:20:24,335.0,100,116850
20240108,09:20:44,335.05,300,117800
20240108,09:20:53,336.1,100,117800
20240108,09:21:03,338.55,300,117800
20240108,09:23:04,338.55,50,117800
20240108,09:23:13,331.6,600,117800
20240108,09:23:23,333.0,50,117800
20240108,09:23:33,330.35,250,117900
20240108,09:23:53,329.25,400,117900
20240108,09:24:15,329.1,200,117900
20240108,09:24:26,329.1,50,117900
20240108,09:24:36,329.8,150,117900
20240108,09:25:15,326.85,100,117900
20240108,09:25:45,326.85,50,117900
20240108,09:25:55,327.0,50,117900
20240108,09:26:06,326.85,50,117900
20240108,09:26:35,329.0,50,117850
20240108,09:26:53,329.0,250,117850
20240108,09:28:06,327.75,200,117850
20240108,09:28:35,329.05,50,117850
20240108,09:28:46,330.3,250,117850
20240108,09:28:56,332.95,50,117850
20240108,09:29:53,333.0,550,117900
20240108,09:30:33,332.8,550,117900
20240108,09:31:11,333.9,100,117900
20240108,09:31:30,334.95,100,117900
20240108,09:31:39,333.5,50,117900
20240108,09:32:19,337.1,250,117900
20240108,09:32:28,336.0,50,118150
20240108,09:32:37,336.0,200,118150
20240108,09:33:24,337.7,50,118150
20240108,09:33:45,338.0,250,118150
20240108,09:35:25,341.05,350,118150
20240108,09:35:35,340.8,200,118250
20240108,09:35:46,341.3,200,118250
20240108,09:35:56,341.7,450,118250
20240108,09:36:16,342.55,800,118250
20240108,09:36:26,345.0,400,118250
20240108,09:37:07,345.0,50,118250
20240108,09:37:17,342.55,100,118250
20240108,09:37:56,342.55,200,118250
20240108,09:38:05,343.0,100,118250
20240108,09:38:15,342.55,600,118250
20240108,09:38:24,343.75,50,118250
20240108,09:38:34,345.0,400,118700
20240108,09:38:56,345.0,700,118700
20240108,09:40:37,348.0,250,118700
20240108,09:40:48,346.35,50,118700
20240108,09:40:59,350.0,100,118700
20240108,09:41:10,350.0,50,118700
20240108,09:41:20,350.0,100,118700
20240108,09:41:39,349.4,500,119350
20240108,09:41:59,348.25,50,119350
20240108,09:42:28,347.95,50,119350
20240108,09:42:37,345.85,100,119350
20240108,09:42:57,348.1,50,119350
20240108,09:43:36,350.0,100,119350
20240108,09:43:45,348.0,350,119350
20240108,09:44:22,348.0,150,119350
20240108,09:44:40,347.85,50,119650
20240108,09:44:50,349.45,50,119650
20240108,09:45:28,349.45,50,119650
20240108,09:46:00,351.5,50,119650
20240108,09:46:10,351.5,50,119650
20240108,09:46:30,351.5,300,119650
20240108,09:46:39,350.0,850,119650
20240108,09:46:49,351.4,250,119650
20240108,09:46:58,348.25,50,119650
20240108,09:47:07,351.4,50,119650
20240108,09:47:46,351.0,50,120700
20240108,09:48:25,352.75,50,120700
20240108,09:48:26,352.75,50,120700
20240108,09:49:11,352.75,300,120700
20240108,09:49:43,351.7,50,120700
20240108,09:51:59,350.0,50,120550
20240108,09:52:27,348.0,50,120550
20240108,09:52:36,346.25,50,120550
20240108,09:53:05,346.1,100,120550
20240108,09:53:15,345.95,50,120550
20240108,09:53:43,347.05,50,120650
20240108,09:54:20,345.35,50,120650
20240108,09:55:38,345.0,50,120650
20240108,09:55:56,345.0,50,120650
20240108,09:56:23,344.5,50,120650
20240108,09:56:32,345.95,50,120650
20240108,09:56:41,344.0,100,120600
20240108,09:56:51,342.5,100,120600
20240108,09:57:10,343.0,50,120600
20240108,09:57:49,343.35,350,120600
20240108,09:58:35,343.5,50,120600
20240108,09:58:53,345.5,150,120600
20240108,09:59:48,346.0,100,121250
20240108,10:00:07,345.0,150,121250
20240108,10:00:36,348.0,100,121250
20240108,10:02:22,340.0,50,121250
20240108,10:02:31,341.0,50,121250
20240108,10:02:50,342.0,100,121250
20240108,10:03:18,342.0,50,121250
20240108,10:03:37,340.0,50,121250
20240108,10:03:47,339.85,50,121250
20240108,10:04:05,340.0,250,121250
20240108,10:04:47,340.4,50,121250
20240108,10:05:06,340.7,100,121250
20240108,10:05:34,342.5,50,121250
20240108,10:06:01,343.0,100,121400
20240108,10:06:11,344.0,50,121400
20240108,10:06:39,344.9,50,121400
20240108,10:08:26,343.35,50,121400
20240108,10:08:43,342.0,50,121400
20240108,10:09:19,341.95,50,121450
20240108,10:10:10,341.85,50,121450
20240108,10:13:32,340.0,50,121450
20240108,10:14:00,340.0,50,121450
20240108,10:14:09,337.45,150,121450
20240108,10:15:13,337.6,100,121650
20240108,10:16:10,338.0,50,121650
20240108,10:16:11,338.0,200,121650
20240108,10:16:12,337.1,100,121650
20240108,10:18:06,341.8,150,122000
20240108,10:18:33,340.2,100,122000
20240108,10:20:09,345.9,50,122000
20240108,10:21:25,342.75,50,122100
20240108,10:21:34,344.0,50,122100
