date,time,tick_price,volume,open_interest
20240117,10:52:59,31.75,50,50
20240117,15:09:49,33.35,50,50
20240202,09:41:55,8.0,1,100
20240202,09:41:55,8.0,50,100
20240202,09:48:59,6.65,200,150
20240202,09:56:34,5.65,250,350
20240202,09:56:44,5.55,50,350
20240202,09:56:55,5.5,50,350
20240202,09:57:34,5.45,50,350
20240202,09:57:44,5.35,200,350
20240202,09:58:42,5.35,50,350
20240202,11:13:51,5.25,50,650
20240202,11:15:36,5.25,300,700
20240202,11:15:57,5.4,500,700
20240202,11:16:07,5.25,2750,700
20240202,11:16:18,5.2,2350,700
20240202,11:16:29,5.3,1000,700
20240202,11:16:41,5.25,50,700
20240202,11:16:52,5.15,450,700
20240202,11:17:03,5.1,400,700
20240202,11:17:14,5.1,200,700
20240202,11:17:25,5.2,100,700
20240202,11:17:36,5.0,300,6500
20240202,11:17:59,5.0,200,6500
20240202,11:19:19,5.1,50,6500
20240202,11:19:41,5.1,150,6500
20240202,11:20:03,4.95,150,6500
20240202,11:22:34,4.95,50,6750
20240202,11:22:45,5.1,150,6750
20240202,11:23:07,5.1,100,6750
20240202,11:23:18,5.1,50,6750
20240202,11:23:29,5.1,250,6750
20240202,11:25:04,5.2,50,7100
20240202,11:25:26,5.25,100,7100
20240202,11:26:19,5.25,50,7100
20240202,11:27:44,5.2,50,7150
20240202,11:27:54,5.25,100,7150
20240202,11:28:25,5.3,150,7150
20240202,11:28:46,5.25,50,7150
20240202,11:29:18,5.35,50,7150
20240202,11:30:57,5.6,1350,7050
20240202,11:31:10,5.55,50,7050
20240202,11:31:47,5.7,1250,7050
20240202,11:31:59,5.7,50,7050
20240202,11:32:11,5.8,150,7050
20240202,11:32:23,5.75,100,7050
20240202,11:33:09,5.85,50,9500
20240202,11:33:21,5.95,50,9500
20240202,11:35:08,6.05,50,9500
20240202,11:38:52,6.75,50,9650
20240202,11:40:05,7.2,50,9650
20240202,11:40:31,7.6,200,9650
20240202,11:40:43,7.7,150,9650
20240202,11:41:43,7.7,200,9750
20240202,11:41:54,8.0,50,9750
20240202,11:42:05,7.95,200,9750
20240202,11:42:16,8.0,100,9750
20240202,11:42:51,7.7,150,9750
20240202,11:43:03,8.45,400,9750
20240202,11:43:14,8.45,250,9750
20240202,11:43:26,6.45,150,9750
20240202,11:43:38,6.4,200,9750
20240202,11:43:49,6.35,50,9750
20240202,11:44:01,6.05,50,9750
20240202,11:44:12,6.3,100,9750
20240202,11:45:33,6.05,50,9750
20240202,11:46:08,6.1,50,9750
20240202,11:46:53,6.2,50,9750
20240202,11:50:08,5.9,250,9800
20240202,11:50:31,6.2,50,9800
20240202,11:53:52,5.85,50,9800
20240202,11:54:14,5.8,200,9650
20240202,11:54:25,5.7,300,9650
20240202,11:55:09,6.05,50,9650
20240202,11:56:23,6.2,50,9650
20240202,11:56:56,6.65,250,9500
20240202,11:57:07,6.2,200,9500
20240202,11:57:40,6.3,50,9500
20240202,11:58:46,6.65,100,9500
20240202,12:04:30,6.6,50,9600
20240202,12:07:52,6.2,100,9600
20240202,12:08:00,6.1,100,9600
20240202,12:08:16,6.15,50,9600
20240202,12:09:11,6.4,200,9600
20240202,12:10:12,6.1,150,9600
20240202,12:14:06,5.9,50,9550
20240202,12:14:13,5.95,50,9550
20240202,12:14:51,5.85,100,9550
20240202,12:16:33,6.1,200,9550
20240202,12:16:40,6.1,200,9550
20240202,12:17:31,6.1,2000,9550
20240202,12:20:31,6.3,100,11900
20240202,12:23:01,6.1,100,12000
20240202,12:23:30,6.2,50,12000
20240202,12:23:45,6.2,350,12150
20240202,12:27:31,5.6,200,12150
20240202,12:27:48,5.55,100,12150
20240202,12:29:43,5.55,50,12350
20240202,12:30:29,5.0,100,12350
20240202,12:31:55,4.5,150,12350
20240202,12:33:40,4.5,50,12250
20240202,12:40:40,4.8,100,12300
20240202,12:41:11,4.9,50,12300
20240202,12:41:22,4.85,50,12300
20240202,12:41:51,4.85,150,12250
20240202,12:42:01,4.7,150,12250
20240202,12:42:21,4.7,600,12250
20240202,12:43:29,4.8,100,12250
20240202,12:44:56,5.1,50,12150
20240202,12:46:05,5.05,50,12150
20240202,12:46:31,4.8,100,12150
20240202,12:47:19,4.9,100,12150
20240202,12:48:23,4.8,50,12050
20240202,12:49:55,4.65,50,12050
20240202,12:52:23,4.75,100,12050
20240202,12:53:44,4.75,500,12050
20240202,13:00:22,4.55,100,12050
20240202,13:00:56,4.45,100,12050
20240202,13:03:54,4.45,1000,12050
20240202,13:04:38,4.4,2000,12050
20240202,13:05:55,4.4,50,13000
20240202,13:06:11,4.4,200,13000
20240202,13:06:36,4.5,1500,13000
20240202,13:06:44,4.5,500,13000
20240202,13:08:56,4.6,350,12850
20240202,13:09:13,4.5,100,12850
20240202,13:09:30,4.5,100,12850
20240202,13:09:47,4.45,50,12850
20240202,13:10:30,4.5,50,12850
20240202,13:11:11,4.45,100,12850
20240202,13:11:28,4.5,100,12850
20240202,13:11:53,4.45,50,13350
20240202,13:12:02,4.5,900,13350
20240202,13:13:58,4.45,100,13350
20240202,13:14:07,4.5,100,13350
20240202,13:14:25,4.5,150,13350
20240202,13:14:34,4.5,50,13350
20240202,13:14:43,4.5,50,13350
20240202,13:15:46,4.3,150,14200
20240202,13:21:01,4.3,50,14100
20240202,13:24:44,4.4,50,14100
20240202,13:25:00,4.3,50,14100
20240202,13:26:07,4.25,50,14100
20240202,13:26:16,4.25,250,14100
20240202,13:26:25,4.25,200,14100
20240202,13:30:31,4.25,150,14050
20240202,13:31:49,4.2,50,14050
20240202,13:32:53,4.15,50,14150
20240202,13:44:06,4.1,50,14100
20240202,13:44:37,4.05,150,14100
20240202,13:45:00,4.05,50,14150
20240202,13:47:51,4.05,50,14200
20240202,13:49:39,4.0,50,14200
20240202,13:54:27,4.0,50,14250
20240202,14:02:20,4.1,150,14300
20240202,14:02:46,4.2,100,14300
20240202,14:03:03,4.15,250,14250
20240202,14:03:11,4.1,50,14250
20240202,14:04:04,4.15,200,14250
20240202,14:06:33,4.2,50,14350
20240202,14:07:37,4.2,50,14350
20240202,14:09:11,4.3,50,14350
20240202,14:09:48,4.3,750,14350
20240202,14:11:25,4.3,50,14350
20240202,14:11:50,4.4,300,14350
20240202,14:19:07,4.2,50,15200
20240202,14:19:22,4.25,50,15200
20240202,14:19:52,4.2,50,15200
20240202,14:19:59,4.2,50,15200
20240202,14:20:32,4.25,50,15200
20240202,14:20:38,4.2,650,15200
20240202,14:29:35,4.0,50,15250
20240202,14:34:40,3.9,50,15200
20240202,14:35:21,3.9,50,15200
20240202,14:35:27,3.9,50,15200
20240202,14:35:38,3.9,50,15200
20240202,14:36:05,3.9,200,15200
20240202,14:36:29,3.95,50,15200
20240202,14:36:35,3.95,1000,15200
20240202,14:38:47,4.35,550,15200
20240202,14:38:59,4.3,150,15750
20240202,14:39:06,4.2,100,15750
20240202,14:44:24,4.3,100,15850
20240202,14:50:03,4.3,100,15950
20240202,14:51:51,4.4,50,15950
20240202,14:52:12,4.35,50,15950
20240202,14:53:48,4.05,100,15950
20240202,14:55:02,4.0,50,15900
20240202,14:55:26,4.05,50,15900
20240202,14:56:57,3.9,200,15900
20240202,14:57:07,3.75,100,15850
20240202,14:57:17,3.65,150,15850
20240202,14:57:25,3.8,350,15850
20240202,14:57:35,3.75,250,15850
20240202,14:57:44,3.8,50,15850
20240202,14:58:12,3.8,100,15850
20240202,15:00:21,4.1,400,15950
20240202,15:00:41,4.2,550,15950
20240202,15:03:31,3.9,50,15250
20240202,15:03:40,3.9,200,15250
20240202,15:04:08,3.9,200,15250
20240202,15:08:08,4.05,50,15300
20240202,15:08:47,4.25,500,15300
20240202,15:12:20,4.2,200,15350
20240202,15:12:29,4.2,100,15350
20240202,15:13:57,4.15,500,15350
20240202,15:19:09,3.95,100,15400
20240202,15:19:44,4.05,50,15400
20240202,15:23:14,3.85,50,15350
20240202,15:23:37,3.85,50,15350
20240202,15:23:53,3.85,50,15350
20240202,15:25:42,3.85,250,15450
20240202,15:25:51,3.85,100,15450
20240202,15:26:08,3.85,500,15450
20240202,15:27:14,3.55,200,15550
20240202,15:28:24,3.55,200,15550
20240202,15:29:21,4.0,50,15550
20240205,09:15:56,4.1,1,15600
20240205,09:15:56,4.15,1,15600
20240205,09:15:56,4.1,850,15600
20240205,09:16:04,3.2,950,15600
20240205,09:16:23,3.75,450,15700
20240205,09:17:18,3.2,500,15700
20240205,09:17:37,4.15,50,15700
20240205,09:17:45,4.15,300,15700
20240205,09:18:23,4.25,200,15700
20240205,09:18:40,4.3,400,15700
20240205,09:19:14,4.3,50,15700
20240205,09:19:46,4.1,50,15700
20240205,09:20:09,4.0,300,15700
20240205,09:20:42,4.0,1050,15700
20240205,09:21:14,3.85,150,15700
20240205,09:21:22,3.85,100,15700
20240205,09:24:18,3.9,1600,17000
20240205,09:24:25,3.9,250,17000
20240205,09:24:33,3.9,300,17000
20240205,09:24:40,3.9,50,17000
20240205,09:24:48,3.9,400,17000
20240205,09:24:56,3.8,50,17000
20240205,09:25:12,3.85,100,17000
20240205,09:25:50,3.85,300,18600
20240205,09:25:57,3.9,50,18600
20240205,09:26:31,4.0,50,18600
20240205,09:27:04,4.05,50,18600
20240205,09:27:46,4.0,1000,18600
20240205,09:28:07,4.0,150,18600
20240205,09:28:59,3.6,150,19400
20240205,09:29:54,3.85,400,19400
20240205,09:31:55,3.85,50,19700
20240205,09:32:40,3.6,1100,19700
20240205,09:32:47,3.75,50,19700
20240205,09:33:19,3.7,50,19700
20240205,09:33:40,3.75,100,19700
20240205,09:34:05,3.7,50,19700
20240205,09:34:19,3.75,200,19050
20240205,09:34:33,3.75,50,19050
20240205,09:35:39,3.75,50,19050
20240205,09:36:40,3.8,50,19050
20240205,09:37:33,3.8,50,18750
20240205,09:37:47,3.8,250,18750
20240205,09:37:54,3.85,50,18750
20240205,09:38:44,3.85,650,18750
20240205,09:39:14,4.0,300,18750
20240205,09:39:28,3.9,50,18750
20240205,09:41:40,3.95,50,18700
20240205,09:41:47,3.9,100,18700
20240205,09:43:49,4.05,50,18650
20240205,09:44:17,4.05,100,18650
20240205,09:45:25,3.75,200,18650
20240205,09:45:32,3.95,150,18650
20240205,09:50:44,4.4,100,18500
20240205,09:55:32,4.4,600,18450
20240205,09:55:46,4.4,200,18450
20240205,09:56:14,4.2,100,18450
20240205,09:58:21,4.4,50,18000
20240205,09:58:53,4.55,50,18000
20240205,09:59:20,4.65,700,18000
20240205,09:59:45,4.6,50,18000
20240205,10:02:15,4.65,50,17600
20240205,10:02:29,4.65,50,17600
20240205,10:03:59,4.6,50,17600
20240205,10:05:34,4.4,50,17450
20240205,10:10:32,4.75,350,17450
20240205,10:12:43,4.75,50,17450
20240205,10:13:37,4.35,50,17550
20240205,10:16:27,4.6,100,17550
20240205,10:17:46,4.3,100,17500
20240205,10:18:48,4.15,50,17500
20240205,10:18:59,4.15,50,17500
20240205,10:19:09,4.1,400,17500
20240205,10:19:40,4.1,150,17300
20240205,10:19:50,4.05,150,17300
20240205,10:20:10,4.0,250,17300
20240205,10:20:19,4.0,300,17300
20240205,10:20:49,4.0,200,17300
20240205,10:21:58,4.15,50,17300
20240205,10:26:05,4.35,50,17900
20240205,10:28:12,4.0,400,17900
20240205,10:30:03,4.1,50,17550
20240205,10:35:40,4.05,3150,17500
20240205,10:40:57,4.2,50,14650
20240205,10:41:43,4.4,50,14650
20240205,10:43:00,4.1,1000,14650
20240205,10:48:05,4.45,50,13750
20240205,10:49:17,4.45,50,13750
20240205,10:53:39,4.35,50,13700
20240205,10:53:48,4.35,350,13700
20240205,10:57:37,4.5,50,13350
20240205,10:58:43,4.35,50,13400
20240205,11:09:36,4.25,50,13350
20240205,11:09:42,4.3,100,13350
20240205,11:10:15,4.25,50,13350
20240205,11:10:31,4.15,50,13300
20240205,11:11:31,4.2,50,13300
20240205,11:14:48,4.3,50,13300
20240205,11:18:11,4.4,50,13350
20240205,11:27:49,4.1,50,13300
20240205,11:28:33,4.1,200,13300
20240205,11:30:49,4.15,100,13300
20240205,11:32:10,4.15,450,13300
20240205,11:39:44,4.15,900,13300
20240205,11:39:54,4.15,150,13300
20240205,11:40:31,4.2,300,14300
20240205,11:40:39,4.2,300,14300
20240205,11:40:45,4.2,400,14300
20240205,11:41:17,4.15,100,14300
20240205,11:41:27,4.15,200,14300
20240205,11:41:36,4.15,50,14300
20240205,11:46:38,4.0,100,14450
20240205,11:54:31,4.0,50,14550
20240205,12:04:14,3.85,450,14600
20240205,12:06:55,3.85,100,15050
20240205,12:06:59,3.85,50,15050
20240205,12:09:16,3.65,250,15150
20240205,12:15:51,3.65,50,15150
20240205,12:16:52,3.7,400,15100
20240205,12:18:05,3.75,100,15100
20240205,12:18:45,3.75,50,15100
20240205,12:19:57,3.75,50,15200
20240205,12:22:30,3.7,300,15200
20240205,12:55:36,3.55,350,15250
20240205,12:55:41,3.6,50,15250
20240205,12:55:47,3.6,50,15250
20240205,13:08:12,3.75,50,15550
20240205,13:09:33,3.8,100,15600
20240205,13:15:16,3.85,850,15550
20240205,13:34:37,3.75,50,15550
20240205,13:38:47,3.5,50,15600
20240205,13:47:59,3.5,50,15550
20240205,13:54:51,3.65,150,15500
20240205,14:08:15,3.75,50,15600
20240205,14:09:35,3.5,50,15600
20240205,14:10:25,3.5,100,15600
20240205,14:13:39,3.5,50,15750
20240205,14:25:31,3.8,50,15750
20240205,14:26:27,3.9,50,15750
20240205,14:27:09,3.65,300,15750
20240205,14:29:48,3.8,50,15700
20240205,14:36:25,3.6,50,15750
20240205,14:48:08,3.7,200,15750
20240205,14:50:18,3.85,250,15550
20240205,14:51:08,3.7,100,15550
20240205,14:51:18,3.7,200,15550
20240205,14:52:51,3.55,500,15550
20240205,14:53:31,3.55,200,16100
20240205,14:54:56,3.55,500,16100
20240205,14:55:43,3.6,100,16100
20240205,14:55:53,3.6,150,16100
20240205,15:00:28,3.45,900,15950
20240205,15:04:42,3.7,600,15700
20240205,15:10:19,3.5,100,15200
20240205,15:10:28,3.55,200,15200
20240205,15:11:17,3.85,50,15400
20240205,15:14:57,3.3,50,15400
20240205,15:19:05,3.55,50,15400
20240205,15:25:31,3.7,50,15350
20240205,15:27:50,3.2,150,15350
20240205,15:27:58,3.25,50,15350
20240205,15:28:08,3.2,50,15350
20240206,09:15:05,3.55,1,15500
20240206,09:15:05,3.55,100,15500
20240206,09:21:40,3.2,50,15500
20240206,09:25:37,2.6,150,15500
20240206,09:27:11,2.6,50,15500
20240206,09:28:53,4.65,50,15500
20240206,09:31:56,3.05,50,15500
20240206,09:35:39,3.05,50,15500
20240206,09:39:15,4.05,300,15500
20240206,09:40:25,3.15,950,15500
20240206,09:40:37,3.1,100,15250
20240206,09:40:48,3.15,200,15250
20240206,09:42:31,3.1,50,15250
20240206,09:43:55,3.1,50,15450
20240206,09:45:39,3.15,500,15450
20240206,09:46:25,2.95,250,15450
20240206,09:46:46,3.05,50,15950
20240206,09:54:36,3.15,400,15950
20240206,09:56:12,3.1,200,16350
20240206,10:18:41,2.8,200,16350
20240206,10:30:55,2.8,850,16350
20240206,10:36:12,3.0,50,16350
20240206,10:55:54,2.8,100,16300
20240206,11:03:22,2.9,50,16300
20240206,11:04:08,2.9,50,16300
20240206,11:04:43,2.9,50,16300
20240206,11:06:02,3.05,50,16300
20240206,11:08:03,2.8,50,16300
20240206,11:09:12,2.95,50,16300
20240206,11:17:21,2.85,50,16250
20240206,11:17:51,2.85,50,16250
20240206,11:22:31,2.95,50,16300
20240206,11:23:01,2.95,200,16300
20240206,11:23:33,2.95,50,16300
20240206,11:32:57,2.95,150,16300
20240206,11:36:16,2.8,50,16350
20240206,11:36:41,2.8,400,16350
20240206,11:47:05,2.85,50,16400
20240206,12:01:47,3.05,50,16400
20240206,12:02:56,2.95,100,16450
20240206,12:03:09,2.85,350,16450
20240206,12:03:20,2.85,1150,16450
20240206,12:05:20,2.85,50,16450
20240206,12:06:52,2.8,100,16450
20240206,12:07:45,2.8,200,16450
20240206,12:08:27,2.8,100,16600
20240206,12:08:54,2.85,250,16600
20240206,12:09:36,2.85,300,16600
20240206,12:12:47,2.95,50,17250
20240206,12:13:52,2.85,50,17250
20240206,12:14:15,2.9,50,17300
20240206,12:18:30,2.9,950,17250
20240206,12:22:51,2.9,1000,18200
20240206,12:24:14,2.9,200,18200
20240206,12:25:10,2.9,250,18200
20240206,12:25:19,2.9,250,18200
20240206,12:28:15,2.85,200,18300
20240206,12:32:36,2.8,200,18400
20240206,12:40:00,2.85,150,18500
20240206,12:40:21,2.85,50,18500
20240206,12:40:48,2.85,50,18500
20240206,12:41:33,2.85,50,18550
20240206,12:45:10,2.85,100,18600
20240206,12:45:16,2.85,100,18600
20240206,12:55:11,2.8,50,18700
20240206,13:01:05,2.85,200,18750
20240206,13:01:10,2.8,100,18750
20240206,13:01:43,2.8,100,18750
20240206,13:02:31,2.8,200,19000
20240206,13:11:04,2.8,100,19200
20240206,13:13:43,2.8,300,19200
20240206,13:14:06,2.8,300,19650
20240206,13:17:07,2.75,50,19650
20240206,13:17:28,2.75,50,19650
20240206,13:31:34,2.85,50,19750
20240206,13:36:47,2.7,100,19800
20240206,13:44:21,2.75,100,19900
20240206,13:45:35,2.7,50,19900
20240206,13:45:58,2.7,50,19900
20240206,13:46:31,2.65,100,19900
20240206,13:53:34,2.65,200,20100
20240206,14:07:21,2.6,150,20200
20240206,14:26:10,2.75,50,20250
20240206,14:32:07,2.75,50,20300
20240206,14:37:02,2.7,350,20300
20240206,14:44:11,2.6,50,20100
20240206,14:53:18,2.7,100,20050
20240206,14:53:45,2.65,50,20050
20240206,14:53:51,2.65,100,20050
20240206,14:54:52,2.65,100,20050
20240206,14:55:00,2.65,100,20050
20240206,14:57:05,2.6,100,19600
20240206,15:04:43,2.45,250,19500
20240206,15:05:55,2.45,150,19650
20240206,15:14:16,2.7,100,19600
20240206,15:19:39,2.7,50,19550
20240206,15:21:20,2.7,50,19550
20240206,15:26:14,2.7,100,19550
20240206,15:26:24,2.7,350,19550
20240206,15:26:34,2.7,150,19200
20240206,15:26:45,2.7,50,19200
20240206,15:27:31,2.8,100,19200
20240206,15:28:08,2.8,100,19200
20240207,09:15:15,2.9,1,19100
20240207,09:15:15,2.9,100,19100
20240207,09:15:28,2.9,1000,19100
20240207,09:15:55,2.95,50,19100
20240207,09:16:49,3.05,100,19050
20240207,09:17:12,3.05,50,19050
20240207,09:17:24,2.95,100,19050
20240207,09:18:00,3.1,600,19050
20240207,09:18:33,3.1,100,19050
20240207,09:18:55,3.1,100,19050
20240207,09:19:16,2.95,50,19050
20240207,09:19:25,2.95,150,19050
20240207,09:19:43,2.95,200,18600
20240207,09:20:02,2.9,150,18600
20240207,09:20:12,3.0,50,18600
20240207,09:20:22,3.0,150,18600
20240207,09:20:33,3.0,150,18600
20240207,09:20:43,3.0,50,18600
20240207,09:20:52,2.9,400,18600
20240207,09:21:10,2.95,1550,18600
20240207,09:21:21,2.95,100,18600
20240207,09:21:52,2.95,100,18600
20240207,09:22:02,2.85,600,18600
20240207,09:22:12,2.8,50,18600
20240207,09:22:22,2.8,50,18600
20240207,09:22:32,2.75,50,18600
20240207,09:22:53,2.75,100,19450
20240207,09:23:04,2.8,100,19450
20240207,09:24:03,2.85,50,19450
20240207,09:24:14,2.75,50,19450
20240207,09:24:24,2.75,50,19450
20240207,09:24:35,2.8,50,19450
20240207,09:24:46,2.75,100,19450
20240207,09:24:57,2.8,50,19450
20240207,09:25:09,2.8,150,19450
20240207,09:25:21,2.7,650,19450
20240207,09:26:59,2.7,550,19400
20240207,09:27:43,2.75,50,19400
20240207,09:28:16,2.8,150,19400
20240207,09:28:38,2.8,150,19850
20240207,09:28:48,2.85,50,19850
20240207,09:28:58,2.85,100,19850
20240207,09:29:49,2.8,100,19850
20240207,09:29:59,2.8,50,19850
20240207,09:30:40,2.85,100,19850
20240207,09:31:10,2.8,50,19850
20240207,09:35:05,2.95,100,19750
20240207,09:35:16,2.8,200,19750
20240207,09:36:16,2.95,50,19750
20240207,09:37:41,2.95,100,19800
20240207,09:38:55,2.9,250,19800
20240207,09:41:06,2.95,50,19900
20240207,09:42:05,2.8,150,19900
20240207,09:42:47,2.8,50,19900
20240207,09:43:28,2.8,50,19900
20240207,09:44:19,2.75,100,20100
20240207,09:44:50,2.7,300,20100
20240207,09:45:00,2.7,200,20100
20240207,09:46:01,2.7,100,20100
20240207,09:46:19,2.65,100,20100
20240207,09:46:55,2.65,50,20450
20240207,09:47:15,2.65,50,20450
20240207,09:47:25,2.65,50,20450
20240207,09:47:35,2.65,50,20450
20240207,09:48:46,2.65,50,20450
20240207,09:48:55,2.8,900,20450
20240207,09:49:52,2.65,100,21450
20240207,09:50:01,2.65,1000,21450
20240207,09:50:11,2.65,300,21450
20240207,09:50:30,2.65,300,21450
20240207,09:50:59,2.7,500,21450
20240207,09:51:09,2.65,300,21450
20240207,09:51:19,2.65,50,21450
20240207,09:51:28,2.65,50,21450
20240207,09:51:46,2.65,100,21450
20240207,09:51:55,2.65,50,21450
20240207,09:52:24,2.65,50,21450
20240207,09:52:33,2.65,50,21450
20240207,09:52:41,2.65,200,23700
20240207,09:53:07,2.6,50,23700
20240207,09:54:18,2.6,50,23700
20240207,09:54:43,2.55,200,23700
20240207,09:54:50,2.55,50,23700
20240207,09:57:16,2.5,150,24150
20240207,09:57:25,2.55,50,24150
20240207,09:57:36,2.6,50,24150
20240207,09:57:54,2.65,300,24150
20240207,09:58:04,2.65,300,24150
20240207,09:58:14,2.65,200,24150
20240207,09:58:24,2.65,450,24150
20240207,09:58:35,2.7,150,24150
20240207,09:59:31,2.65,50,25150
20240207,10:00:26,2.65,50,25150
20240207,10:00:43,2.55,50,25150
20240207,10:01:37,2.6,50,25150
20240207,10:02:28,2.6,50,25300
20240207,10:02:37,2.6,50,25300
20240207,10:05:12,2.6,50,25300
20240207,10:06:02,2.55,50,25300
20240207,10:06:48,2.45,200,25300
20240207,10:07:41,2.45,50,25200
20240207,10:10:14,2.45,50,25200
20240207,10:14:18,2.45,50,25100
20240207,10:14:40,2.75,650,25100
20240207,10:15:25,2.8,250,25100
20240207,10:15:48,2.8,250,25100
20240207,10:19:23,2.75,200,24600
20240207,10:19:49,2.75,200,24600
20240207,10:19:57,2.75,50,24600
20240207,10:21:05,2.75,50,24600
20240207,10:21:11,2.75,1950,24600
20240207,10:21:46,2.8,50,24600
20240207,10:22:14,2.8,50,24600
20240207,10:22:55,2.75,100,22600
20240207,10:23:02,2.8,500,22600
20240207,10:23:25,2.8,1750,22600
20240207,10:23:32,2.8,1250,22600
20240207,10:23:47,2.8,50,22600
20240207,10:24:00,2.85,300,22600
20240207,10:24:48,2.8,1000,22600
20240207,10:26:00,2.8,250,19200
20240207,10:26:07,2.85,50,19200
20240207,10:27:14,2.85,1000,19200
20240207,10:27:21,2.8,100,19200
20240207,10:27:33,2.8,50,19200
20240207,10:29:12,2.85,50,18800
20240207,10:30:59,2.8,1200,18800
20240207,10:31:11,2.8,50,18800
20240207,10:31:31,2.8,50,18800
20240207,10:31:39,2.8,300,18800
20240207,10:32:05,2.85,50,20050
20240207,10:32:38,2.85,50,20050
20240207,10:33:08,2.85,50,20050
20240207,10:33:36,2.85,50,20050
20240207,10:33:44,2.85,100,20050
20240207,10:34:05,2.85,50,20050
20240207,10:34:11,2.85,50,20050
20240207,10:34:17,2.85,350,20050
20240207,10:34:36,2.85,50,20050
20240207,10:35:30,2.9,1000,19500
20240207,10:35:37,2.9,1000,19500
20240207,10:35:44,2.85,50,19500
20240207,10:37:20,2.8,450,19500
20240207,10:40:59,2.85,850,20700
20240207,10:42:03,2.85,100,20700
20240207,10:42:49,2.8,50,20700
20240207,10:43:42,2.85,700,20700
20240207,10:44:04,2.9,300,20400
20240207,10:44:25,2.85,50,20400
20240207,10:45:03,2.85,100,20400
20240207,10:45:51,2.9,650,20400
20240207,10:46:20,2.9,100,20400
20240207,10:46:35,2.9,500,20400
20240207,10:46:42,2.9,200,20400
20240207,10:47:11,2.9,50,19100
20240207,10:47:17,2.85,50,19100
20240207,10:47:33,2.9,50,19100
20240207,10:49:18,2.9,50,19100
20240207,10:49:35,2.85,100,19100
20240207,10:50:05,2.9,200,19050
20240207,10:52:27,2.85,50,19050
20240207,10:53:45,2.9,250,19050
20240207,10:55:28,2.95,50,19050
20240207,10:56:48,2.9,100,19000
20240207,10:57:35,3.0,100,19000
20240207,10:58:19,2.95,50,19000
20240207,10:58:35,2.85,50,19000
20240207,11:00:52,2.8,50,19100
20240207,11:02:50,2.95,100,19100
20240207,11:05:47,2.9,100,19200
20240207,11:07:00,2.8,50,19200
20240207,11:15:48,2.75,100,19100
20240207,11:16:16,2.85,50,19100
20240207,11:17:41,2.85,50,19150
20240207,11:17:45,2.85,50,19150
20240207,11:17:49,2.85,150,19150
20240207,11:17:54,2.85,50,19150
20240207,11:17:59,2.85,150,19150
20240207,11:18:08,2.85,100,19150
20240207,11:18:43,2.8,50,19150
20240207,11:20:09,2.85,150,19200
20240207,11:21:50,2.9,100,19200
20240207,11:23:29,2.8,50,19200
20240207,11:24:58,2.85,50,19200
20240207,11:27:12,2.9,750,19100
20240207,11:32:26,2.9,150,19100
20240207,11:32:52,2.85,50,19100
20240207,11:33:29,2.9,100,19100
20240207,11:33:39,2.9,100,19100
20240207,11:33:48,2.9,100,19100
20240207,11:34:04,2.95,100,19100
20240207,11:34:52,2.95,50,18800
20240207,11:35:00,2.95,50,18800
20240207,11:35:08,2.9,50,18800
20240207,11:35:17,2.95,100,18800
20240207,11:35:25,2.95,350,18800
20240207,11:35:42,2.85,200,18800
20240207,11:39:30,3.0,200,18300
20240207,11:40:05,2.95,100,18300
20240207,11:41:13,2.95,50,18350
20240207,11:41:43,2.95,300,18350
20240207,11:42:18,2.95,50,18350
20240207,11:42:25,2.95,50,18350
20240207,11:42:58,2.9,50,18350
20240207,11:48:01,2.85,100,18350
20240207,11:54:11,3.0,950,18400
20240207,11:55:36,3.05,150,18400
20240207,11:55:45,3.0,350,18400
20240207,12:01:08,2.85,450,18200
20240207,12:04:22,2.85,50,18200
20240207,12:04:30,2.9,50,18200
20240207,12:04:39,2.8,50,18200
20240207,12:04:47,2.85,50,18200
20240207,12:04:56,2.85,250,18200
20240207,12:05:04,2.85,100,18050
20240207,12:05:14,2.85,50,18050
20240207,12:05:39,2.85,100,18050
20240207,12:06:11,2.9,350,18050
20240207,12:08:26,2.8,100,17700
20240207,12:08:58,2.8,50,17700
20240207,12:09:36,2.8,50,17700
20240207,12:09:43,2.85,50,17700
20240207,12:10:28,2.8,50,17700
20240207,12:10:41,2.85,50,17700
20240207,12:10:47,2.85,150,17700
20240207,12:10:54,2.85,50,17700
20240207,12:11:51,2.85,50,17550
20240207,12:16:13,2.8,50,17500
20240207,12:17:04,2.8,50,17500
20240207,12:17:11,2.85,50,17500
20240207,12:19:05,2.8,100,17500
20240207,12:24:23,2.7,150,17450
20240207,12:24:29,2.75,50,17450
20240207,12:25:03,2.7,200,17450
20240207,12:28:41,2.7,300,17500
20240207,12:28:52,2.7,100,17500
20240207,12:29:45,2.7,300,17850
20240207,12:30:01,2.7,50,17850
20240207,12:31:33,2.7,250,17850
20240207,12:31:38,2.65,500,17850
20240207,12:33:13,2.7,250,18900
20240207,12:33:29,2.7,50,18900
20240207,12:34:05,2.7,50,18900
20240207,12:34:18,2.7,300,18900
20240207,12:34:24,2.65,650,18900
20240207,12:34:42,2.75,50,18900
20240207,12:39:54,2.7,50,19050
20240207,12:40:12,2.7,50,19050
20240207,12:40:18,2.7,50,19050
20240207,12:40:24,2.7,1000,19050
20240207,12:40:32,2.7,1000,19050
20240207,12:41:05,2.75,1750,19000
20240207,12:42:15,2.75,500,19000
20240207,12:45:01,2.75,550,17850
20240207,12:45:55,2.8,1000,17850
20240207,12:46:01,2.8,50,17850
20240207,12:46:22,2.8,550,17850
20240207,12:46:26,2.8,450,17850
20240207,12:46:31,2.85,50,17850
20240207,12:49:24,2.8,50,17150
20240207,12:49:41,2.75,850,17150
20240207,12:49:52,2.65,600,17150
20240207,12:50:20,2.65,1000,17900
20240207,12:50:26,2.65,1500,17900
20240207,12:50:39,2.6,1800,17900
20240207,12:50:46,2.55,1850,17900
20240207,12:50:51,2.6,2850,17900
20240207,12:51:12,2.6,200,17900
20240207,12:51:49,2.55,50,17900
20240207,12:52:00,2.5,400,17900
20240207,12:52:06,2.55,50,17900
20240207,12:52:23,2.5,350,17900
20240207,12:52:35,2.45,2400,17900
20240207,12:53:52,2.5,650,23600
20240207,12:54:17,2.5,50,23600
20240207,12:55:17,2.4,1200,23600
20240207,12:56:06,2.45,1250,23950
20240207,12:56:12,2.45,50,23950
20240207,12:57:05,2.4,1000,23950
20240207,12:58:20,2.45,700,23950
20240207,13:06:14,2.4,200,24350
20240207,13:07:01,2.4,1500,24350
20240207,13:07:09,2.4,50,24350
20240207,13:08:19,2.45,50,22800
20240207,13:10:09,2.5,50,22800
20240207,13:13:48,2.5,50,22800
20240207,13:13:53,2.5,50,22800
20240207,13:15:05,2.5,50,22750
20240207,13:15:17,2.55,150,22750
20240207,13:17:31,2.55,900,22550
20240207,13:17:55,2.55,100,22550
20240207,13:18:22,2.55,100,22550
20240207,13:19:57,2.6,100,22550
20240207,13:21:15,2.6,100,22100
20240207,13:25:52,2.55,700,22000
20240207,13:25:59,2.55,100,22000
20240207,13:28:28,2.5,200,21250
20240207,13:29:01,2.55,800,21250
20240207,13:35:05,2.55,100,21400
20240207,13:38:13,2.65,500,21450
20240207,13:39:07,2.55,50,21450
20240207,13:42:14,2.6,1050,21800
20240207,13:42:23,2.6,200,21800
20240207,13:42:34,2.6,50,21800
20240207,13:45:02,2.6,100,20700
20240207,13:45:21,2.6,50,20700
20240207,13:46:47,2.55,100,20700
20240207,13:47:22,2.55,50,20900
20240207,13:47:56,2.55,50,20900
20240207,13:49:12,2.55,150,20900
20240207,13:50:35,2.55,650,20950
20240207,13:51:08,2.5,450,20950
20240207,13:51:12,2.5,100,20950
20240207,13:51:23,2.55,50,20950
20240207,13:52:00,2.5,200,20950
20240207,13:52:13,2.55,250,20950
20240207,13:53:02,2.5,50,20950
20240207,13:54:07,2.5,50,20950
20240207,13:54:24,2.5,50,20650
20240207,13:54:43,2.5,500,20650
20240207,13:57:34,2.5,250,20900
20240207,13:58:50,2.5,100,20900
20240207,14:09:07,2.55,50,20550
20240207,14:09:56,2.5,50,20550
20240207,14:10:17,2.5,50,20550
20240207,14:10:50,2.45,1050,20550
20240207,14:10:57,2.45,200,20550
20240207,14:11:11,2.45,200,20550
20240207,14:11:24,2.5,50,21700
20240207,14:11:30,2.45,50,21700
20240207,14:11:44,2.4,650,21700
20240207,14:11:50,2.4,300,21700
20240207,14:11:57,2.4,400,21700
20240207,14:12:04,2.35,150,21700
20240207,14:12:32,2.35,100,21700
20240207,14:12:38,2.35,400,21700
20240207,14:12:45,2.35,50,21700
20240207,14:12:58,2.4,200,21700
20240207,14:13:17,2.35,100,21700
20240207,14:13:34,2.35,100,21700
20240207,14:14:41,2.4,550,21450
20240207,14:14:48,2.35,50,21450
20240207,14:15:08,2.35,550,21450
20240207,14:15:15,2.4,400,21450
20240207,14:15:22,2.35,50,21450
20240207,14:15:43,2.45,100,21450
20240207,14:16:02,2.45,200,21450
20240207,14:17:54,2.4,100,22400
20240207,14:20:41,2.4,50,22400
20240207,14:21:01,2.45,200,22400
20240207,14:21:17,2.45,500,22400
20240207,14:22:10,2.5,250,22400
20240207,14:22:47,2.45,600,22400
20240207,14:22:53,2.55,300,22400
20240207,14:23:08,2.45,200,22400
20240207,14:23:36,2.5,50,22550
20240207,14:23:57,2.55,50,22550
20240207,14:24:05,2.6,200,22550
20240207,14:24:12,2.6,1200,22550
20240207,14:24:18,2.6,100,22550
20240207,14:24:56,2.55,50,22550
20240207,14:25:09,2.6,100,22550
20240207,14:27:13,2.5,50,23450
20240207,14:27:45,2.55,50,23450
20240207,14:28:47,2.6,50,23450
20240207,14:28:54,2.6,600,23450
20240207,14:29:23,2.65,50,22800
20240207,14:34:36,2.35,150,22800
20240207,14:34:44,2.35,700,22800
20240207,14:38:15,2.25,50,22600
20240207,14:38:36,2.25,50,22600
20240207,14:38:42,2.25,100,22600
20240207,14:38:50,2.25,50,22600
20240207,14:39:05,2.2,50,22600
20240207,14:39:37,2.2,300,22600
20240207,14:39:42,2.15,50,22600
20240207,14:39:54,2.15,50,22600
20240207,14:42:26,2.2,50,22450
20240207,14:42:52,2.2,50,22450
20240207,14:43:49,2.25,450,22450
20240207,14:43:54,2.25,200,22450
20240207,14:44:00,2.25,100,22450
20240207,14:44:05,2.25,200,22450
20240207,14:44:30,2.2,350,23400
20240207,14:44:35,2.2,100,23400
20240207,14:44:46,2.2,150,23400
20240207,14:44:52,2.25,250,23400
20240207,14:45:10,2.2,450,23400
20240207,14:45:15,2.25,500,23400
20240207,14:45:20,2.25,50,23400
20240207,14:45:25,2.25,850,23400
20240207,14:45:30,2.25,1100,23400
20240207,14:45:35,2.25,500,23400
20240207,14:45:39,2.25,850,23400
20240207,14:45:45,2.25,1250,23400
20240207,14:45:51,2.25,800,23400
20240207,14:45:56,2.25,50,23400
20240207,14:46:02,2.25,700,23400
20240207,14:46:13,2.25,850,23400
20240207,14:46:18,2.25,250,23400
20240207,14:46:23,2.3,400,23400
20240207,14:46:28,2.3,250,23400
20240207,14:46:35,2.3,1450,23400
20240207,14:46:46,2.3,950,23400
20240207,14:46:51,2.3,1250,23400
20240207,14:46:56,2.3,1150,23400
20240207,14:47:01,2.3,1000,23400
20240207,14:47:06,2.3,300,23400
20240207,14:47:11,2.35,450,23400
20240207,14:47:15,2.35,300,23400
20240207,14:47:25,2.35,400,35650
20240207,14:47:33,2.35,600,35650
20240207,14:47:37,2.35,750,35650
20240207,14:47:41,2.35,1350,35650
20240207,14:47:44,2.35,250,35650
20240207,14:47:49,2.3,1900,35650
20240207,14:47:53,2.3,900,35650
20240207,14:47:56,2.3,250,35650
20240207,14:48:01,2.35,550,35650
20240207,14:48:05,2.3,1250,35650
20240207,14:48:10,2.4,1200,35650
20240207,14:48:14,2.4,350,35650
20240207,14:48:19,2.35,850,35650
20240207,14:48:27,2.4,350,35650
20240207,14:48:32,2.4,150,35650
20240207,14:48:36,2.35,1100,35650
20240207,14:48:49,2.4,700,35650
20240207,14:48:54,2.4,1100,35650
20240207,14:48:58,2.35,2750,35650
20240207,14:49:04,2.4,700,35650
20240207,14:49:09,2.35,200,35650
20240207,14:49:14,2.3,400,35650
20240207,14:49:24,2.4,50,35650
20240207,14:49:29,2.35,500,35650
20240207,14:49:35,2.35,800,35650
20240207,14:49:45,2.35,100,35650
20240207,14:49:50,2.4,1250,35650
20240207,14:50:02,2.35,900,35650
20240207,14:50:07,2.35,650,35650
20240207,14:50:12,2.35,400,35650
20240207,14:50:17,2.4,400,35650
20240207,14:50:26,2.35,400,47200
20240207,14:50:36,2.4,600,47200
20240207,14:50:54,2.35,100,47200
20240207,14:51:26,2.35,250,47200
20240207,14:51:35,2.35,500,47200
20240207,14:51:41,2.4,350,47200
20240207,14:51:51,2.4,300,47200
20240207,14:51:55,2.35,50,47200
20240207,14:53:58,2.35,250,47800
20240207,14:54:08,2.35,150,47800
20240207,14:54:45,2.35,50,47800
20240207,14:55:12,2.4,150,47800
20240207,14:55:28,2.35,200,47800
20240207,14:55:34,2.35,1200,47800
20240207,14:55:40,2.35,100,47800
20240207,14:55:56,2.35,700,47800
20240207,14:56:02,2.4,200,47800
20240207,14:56:49,2.4,50,49900
20240207,14:56:54,2.4,600,49900
20240207,14:56:59,2.4,950,49900
20240207,14:57:04,2.45,300,49900
20240207,14:57:09,2.45,700,49900
20240207,14:57:14,2.45,200,49900
20240207,14:57:23,2.4,650,49900
20240207,14:57:28,2.45,300,49900
20240207,14:57:33,2.45,250,49900
20240207,14:57:38,2.45,400,49900
20240207,14:57:42,2.45,850,49900
20240207,14:57:51,2.4,50,49900
20240207,14:58:09,2.35,300,49900
20240207,14:58:27,2.4,200,49900
20240207,14:58:32,2.4,200,49900
20240207,14:58:38,2.4,50,49900
20240207,14:58:43,2.45,500,49900
20240207,14:59:08,2.45,50,49900
20240207,14:59:14,2.45,1500,49900
20240207,14:59:19,2.35,300,49900
20240207,14:59:24,2.45,1150,55450
20240207,14:59:30,2.45,600,55450
20240207,14:59:36,2.45,500,55450
20240207,14:59:42,2.4,450,55450
20240207,14:59:48,2.4,150,55450
20240207,14:59:53,2.4,100,55450
20240207,15:00:20,2.4,100,55450
20240207,15:00:31,2.35,900,55450
20240207,15:01:02,2.4,200,55450
20240207,15:01:21,2.35,250,55450
20240207,15:01:27,2.4,250,55450
20240207,15:01:33,2.45,650,55450
20240207,15:01:38,2.45,300,55450
20240207,15:01:44,2.45,300,55450
20240207,15:01:49,2.45,150,55450
20240207,15:01:59,2.35,100,55450
20240207,15:02:05,2.4,1050,55450
20240207,15:02:10,2.4,850,55450
20240207,15:02:15,2.4,700,55450
20240207,15:02:20,2.35,250,55450
20240207,15:02:31,2.4,1350,60550
20240207,15:02:36,2.4,1300,60550
20240207,15:02:41,2.4,950,60550
20240207,15:02:45,2.35,450,60550
20240207,15:02:50,2.4,450,60550
20240207,15:02:56,2.35,50,60550
20240207,15:03:02,2.4,50,60550
20240207,15:03:07,2.35,300,60550
20240207,15:03:19,2.35,150,60550
20240207,15:03:24,2.35,50,60550
20240207,15:03:44,2.35,200,60550
20240207,15:05:32,2.35,100,62500
20240207,15:05:55,2.35,150,62500
20240207,15:06:09,2.35,100,62500
20240207,15:06:14,2.3,300,62500
20240207,15:06:23,2.35,350,62500
20240207,15:06:33,2.35,50,62500
20240207,15:06:58,2.3,150,62500
20240207,15:07:03,2.3,50,62500
20240207,15:07:34,2.35,50,62500
20240207,15:07:38,2.4,250,62500
20240207,15:07:43,2.4,250,62500
20240207,15:07:48,2.4,300,62500
20240207,15:07:52,2.3,150,62500
20240207,15:07:56,2.35,450,62500
20240207,15:08:01,2.35,400,62500
20240207,15:08:05,2.4,800,62500
20240207,15:08:09,2.4,350,62500
20240207,15:08:14,2.4,450,62500
20240207,15:08:18,2.35,750,62500
20240207,15:08:22,2.4,550,66650
20240207,15:08:26,2.4,850,66650
20240207,15:08:30,2.4,1250,66650
20240207,15:08:35,2.4,2100,66650
20240207,15:09:13,2.4,750,66650
20240207,15:09:17,2.4,600,66650
20240207,15:09:21,2.35,150,66650
20240207,15:09:29,2.4,1150,66650
20240207,15:09:33,2.4,1300,66650
20240207,15:09:37,2.35,350,66650
20240207,15:09:55,2.35,100,66650
20240207,15:10:21,2.35,2100,66650
20240207,15:10:28,2.35,300,66650
20240207,15:10:33,2.3,200,66650
20240207,15:10:59,2.3,50,66650
20240207,15:11:49,2.3,250,72150
20240207,15:12:39,2.25,50,72150
20240207,15:12:50,2.25,50,72150
20240207,15:13:24,2.25,50,72150
20240207,15:13:30,2.3,100,72150
20240207,15:13:36,2.3,150,72150
20240207,15:13:58,2.3,100,72150
20240207,15:14:58,2.3,50,72400
20240207,15:15:04,2.3,200,72400
20240207,15:15:10,2.3,200,72400
20240207,15:15:17,2.3,300,72400
20240207,15:15:24,2.3,100,72400
20240207,15:15:29,2.3,350,72400
20240207,15:15:47,2.3,100,72400
20240207,15:17:12,2.25,50,72400
20240207,15:17:18,2.25,50,72400
20240207,15:18:21,2.25,750,72150
20240207,15:18:25,2.25,200,72150
20240207,15:18:37,2.25,150,72150
20240207,15:19:24,2.25,50,72150
20240207,15:21:03,2.2,100,72150
20240207,15:22:47,2.15,500,72150
20240207,15:22:51,2.1,1050,72150
20240207,15:23:24,2.15,100,72150
20240207,15:23:43,2.25,50,72400
20240207,15:24:42,2.15,50,72400
20240207,15:25:20,2.2,250,72400
20240207,15:25:49,2.15,200,72400
20240207,15:25:55,2.2,800,72400
20240207,15:26:01,2.2,750,72400
20240207,15:26:06,2.25,1900,72400
20240207,15:26:12,2.25,850,72400
20240207,15:26:23,2.25,50,72400
20240207,15:27:35,2.25,250,71850
20240207,15:27:55,2.25,1000,71850
20240207,15:28:01,2.25,400,71850
20240207,15:28:13,2.25,500,71850
20240207,15:28:19,2.25,50,71850
20240207,15:28:28,2.25,50,71850
20240207,15:28:38,2.15,250,71850
20240207,15:28:45,2.25,50,71850
20240207,15:29:05,2.3,400,71850
20240207,15:29:38,2.2,1150,72800
20240207,15:29:56,2.15,50,72800
20240208,09:16:13,2.4,1,72750
20240208,09:16:13,2.35,600,72750
20240208,09:16:30,2.2,50,72750
20240208,09:16:38,2.15,250,72750
20240208,09:16:46,2.15,200,73650
20240208,09:17:15,2.15,450,73650
20240208,09:17:27,2.15,500,73650
20240208,09:17:36,2.2,100,73650
20240208,09:17:57,2.15,250,73650
20240208,09:18:07,2.2,250,73650
20240208,09:18:19,2.1,200,73650
20240208,09:18:29,2.1,50,73650
20240208,09:18:59,2.05,1200,73650
20240208,09:19:09,2.05,200,73650
20240208,09:19:19,2.1,50,73650
20240208,09:19:38,2.1,100,73650
20240208,09:19:48,2.1,150,74700
20240208,09:20:06,2.05,400,74700
20240208,09:20:16,2.05,450,74700
20240208,09:20:26,1.95,250,74700
20240208,09:20:38,1.95,200,74700
20240208,09:21:13,2.0,700,74700
20240208,09:21:24,2.05,450,74700
20240208,09:21:35,2.05,550,74700
20240208,09:21:46,2.1,900,74700
20240208,09:22:08,2.05,200,74700
20240208,09:23:30,1.95,200,78200
20240208,09:23:40,2.0,50,78200
20240208,09:23:50,2.0,300,78200
20240208,09:24:41,1.95,100,78200
20240208,09:25:14,2.0,50,78200
20240208,09:28:24,1.95,1400,78550
20240208,09:29:01,1.95,500,79950
20240208,09:30:26,1.95,50,79950
20240208,09:30:55,1.9,100,79950
20240208,09:33:55,1.9,50,80300
20240208,09:38:25,1.85,250,80250
20240208,09:38:45,1.9,200,80250
20240208,09:38:55,1.9,450,80250
20240208,09:39:16,1.9,50,80250
20240208,09:41:46,1.9,100,80100
20240208,09:42:05,1.95,1450,80100
20240208,09:44:53,2.0,500,80100
20240208,09:45:31,1.95,200,80100
20240208,09:45:52,1.95,250,80100
20240208,09:46:32,2.0,50,80100
20240208,09:46:44,1.95,50,80100
20240208,09:47:14,1.95,250,80100
20240208,09:47:23,1.95,500,80100
20240208,09:47:33,1.95,50,80100
20240208,09:48:21,1.95,50,80100
20240208,09:54:24,1.9,800,79600
20240208,09:54:31,1.9,200,79600
20240208,09:54:38,1.9,400,79600
20240208,09:54:45,1.9,200,79600
20240208,09:54:53,1.95,250,79600
20240208,09:55:01,1.95,850,79600
20240208,09:55:09,1.95,50,79600
20240208,09:55:17,1.95,100,79600
20240208,09:55:25,1.95,50,79600
20240208,09:55:41,1.95,50,79600
20240208,09:56:34,2.0,200,80050
20240208,09:57:33,1.95,600,80050
20240208,09:59:51,1.9,400,79850
20240208,10:00:00,1.9,150,79850
20240208,10:00:10,2.0,650,79850
20240208,10:02:24,1.95,250,80250
20240208,10:03:41,1.9,1200,80250
20240208,10:04:45,1.85,150,80250
20240208,10:05:31,1.9,400,81150
20240208,10:05:42,1.9,50,81150
20240208,10:07:11,1.9,250,81150
20240208,10:08:58,1.9,300,81400
20240208,10:09:08,1.9,100,81400
20240208,10:09:19,1.9,1200,81400
20240208,10:10:18,1.9,100,81400
20240208,10:11:02,1.85,50,80100
20240208,10:12:42,1.85,1000,80100
20240208,10:12:51,1.85,450,80100
20240208,10:12:58,1.85,50,80100
20240208,10:13:14,1.85,50,80100
20240208,10:13:47,1.9,1050,80100
20240208,10:14:04,1.9,1300,79800
20240208,10:14:40,1.85,250,79800
20240208,10:14:48,1.85,100,79800
20240208,10:15:14,1.85,650,79800
20240208,10:15:22,1.85,150,79800
20240208,10:16:02,1.85,50,79800
20240208,10:16:48,1.85,50,79800
20240208,10:16:56,1.85,150,79100
20240208,10:17:05,1.85,100,79100
20240208,10:17:13,1.85,250,79100
20240208,10:17:21,1.9,50,79100
20240208,10:17:54,1.9,100,79100
20240208,10:18:10,1.85,50,79100
20240208,10:18:26,1.85,50,79100
20240208,10:18:42,1.85,50,79100
20240208,10:18:51,1.85,200,79100
20240208,10:19:08,1.85,600,79100
20240208,10:19:25,1.85,300,79100
20240208,10:19:33,1.85,150,79100
20240208,10:19:42,1.85,450,79100
20240208,10:20:07,1.85,500,78800
20240208,10:20:33,1.85,50,78800
20240208,10:20:42,1.85,50,78800
20240208,10:20:50,1.85,250,78800
20240208,10:21:39,1.85,250,78800
20240208,10:22:16,1.85,5700,78800
20240208,10:22:25,1.85,400,78800
20240208,10:22:33,1.8,200,78800
20240208,10:22:41,1.85,100,78800
20240208,10:22:50,1.85,100,78800
20240208,10:22:58,1.85,50,78250
20240208,10:23:08,1.85,650,78250
20240208,10:23:18,1.85,150,78250
20240208,10:26:36,1.8,100,78300
20240208,10:26:45,1.8,900,78300
20240208,10:30:23,1.8,50,78300
20240208,10:35:12,1.7,350,78300
20240208,10:35:39,1.75,50,78300
20240208,10:36:04,1.75,50,78300
20240208,10:38:40,1.75,250,78550
20240208,10:39:10,1.75,50,78550
20240208,10:39:18,1.75,50,78550
20240208,10:40:26,1.75,5350,78550
20240208,10:41:31,1.75,50,78600
20240208,10:41:41,1.8,50,78600
20240208,10:42:02,1.8,200,78600
20240208,10:42:39,1.8,1200,78600
20240208,10:42:59,1.7,5300,78600
20240208,10:43:51,1.75,50,78600
20240208,10:44:18,1.75,50,80450
20240208,10:44:28,1.7,850,80450
20240208,10:44:36,1.7,50,80450
20240208,10:45:03,1.7,100,80450
20240208,10:45:13,1.7,200,80450
20240208,10:45:31,1.65,200,80450
20240208,10:45:41,1.7,450,80450
20240208,10:46:00,1.7,50,80450
20240208,10:46:34,1.7,450,80450
20240208,10:46:43,1.7,100,80450
20240208,10:46:51,1.7,100,80450
20240208,10:51:05,1.65,2400,78850
20240208,10:51:15,1.65,250,78850
20240208,10:51:57,1.65,50,78850
20240208,10:52:52,1.65,1400,78850
20240208,10:54:24,1.6,300,80400
20240208,10:54:32,1.6,50,80400
20240208,10:57:36,1.55,1200,80400
20240208,10:58:54,1.55,150,80400
20240208,11:01:11,1.6,800,79800
20240208,11:01:49,1.6,250,79800
20240208,11:02:58,1.65,100,79250
20240208,11:04:20,1.7,100,79250
20240208,11:06:11,1.75,250,79100
20240208,11:06:31,1.75,50,79100
20240208,11:06:42,1.8,250,79100
20240208,11:07:12,1.8,550,79100
20240208,11:07:22,1.85,400,79100
20240208,11:07:32,1.85,100,79100
20240208,11:07:42,1.8,50,79100
20240208,11:08:12,1.8,50,78050
20240208,11:11:27,1.7,50,78050
20240208,11:12:04,1.7,50,78050
20240208,11:12:41,1.7,600,78050
20240208,11:13:07,1.65,500,78050
20240208,11:13:16,1.7,50,78050
20240208,11:13:24,1.7,150,78050
20240208,11:13:33,1.7,150,78050
20240208,11:13:59,1.75,100,78050
20240208,11:14:16,1.7,150,78700
20240208,11:14:25,1.7,50,78700
20240208,11:15:58,1.7,200,78700
20240208,11:17:15,1.75,50,78300
20240208,11:19:01,1.75,50,78300
20240208,11:19:52,1.75,650,78300
20240208,11:20:00,1.75,50,78300
20240208,11:20:08,1.75,250,78350
20240208,11:20:17,1.75,400,78350
20240208,11:20:26,1.75,3650,78350
20240208,11:20:50,1.8,250,78350
20240208,11:21:24,1.8,50,78350
20240208,11:21:32,1.8,250,78350
20240208,11:22:05,1.8,50,78350
20240208,11:22:13,1.8,100,78350
20240208,11:22:30,1.85,300,78350
20240208,11:22:55,1.8,50,78350
20240208,11:23:58,1.85,200,79700
20240208,11:25:34,1.9,200,79700
20240208,11:25:43,1.9,300,79700
20240208,11:26:01,1.85,1450,79700
20240208,11:26:25,1.9,50,78600
20240208,11:27:43,1.85,450,78600
20240208,11:27:52,1.9,200,78600
20240208,11:28:01,1.9,200,78600
20240208,11:28:37,1.9,50,78600
20240208,11:29:04,1.85,300,78600
20240208,11:30:36,1.8,100,78050
20240208,11:31:42,1.75,150,78050
20240208,11:32:55,1.8,50,78050
20240208,11:35:50,1.75,100,78050
20240208,11:35:57,1.75,1300,78000
20240208,11:36:20,1.75,100,78000
20240208,11:36:42,1.75,50,78000
20240208,11:37:05,1.7,200,78000
20240208,11:38:00,1.65,50,78000
20240208,11:43:13,1.7,50,79300
20240208,11:46:13,1.65,100,79300
20240208,11:49:35,1.7,50,79400
20240208,11:52:30,1.6,50,79400
20240208,11:56:54,1.65,200,79400
20240208,11:57:49,1.55,150,79400
20240208,11:57:56,1.6,250,79400
20240208,11:58:06,1.55,2100,79400
20240208,11:59:01,1.6,250,79400
20240208,11:59:51,1.6,250,80350
20240208,12:00:06,1.6,200,80350
20240208,12:00:30,1.6,50,80350
20240208,12:03:16,1.65,500,80400
20240208,12:03:58,1.7,100,80400
20240208,12:05:49,1.7,100,80900
20240208,12:06:05,1.7,50,80900
20240208,12:06:19,1.7,50,80900
20240208,12:06:55,1.7,50,80900
20240208,12:07:10,1.65,1850,80900
20240208,12:08:36,1.65,500,82850
20240208,12:11:02,1.7,50,82850
20240208,12:14:20,1.65,200,82850
20240208,12:14:48,1.6,50,82850
20240208,12:29:43,1.65,100,82850
20240208,12:30:21,1.6,300,82850
20240208,12:33:24,1.55,2050,82450
20240208,12:33:30,1.6,500,82450
20240208,12:33:35,1.6,100,82450
20240208,12:33:42,1.65,50,82450
20240208,12:37:16,1.55,250,82350
20240208,12:39:23,1.55,50,82150
20240208,12:39:30,1.55,300,82150
20240208,12:42:33,1.5,300,82150
20240208,12:42:49,1.5,200,82150
20240208,12:43:08,1.45,2600,82150
20240208,12:43:15,1.5,50,82150
20240208,12:45:18,1.55,100,82900
20240208,12:45:56,1.45,300,82900
20240208,12:47:36,1.45,100,82800
20240208,12:47:41,1.45,50,82800
20240208,12:52:44,1.45,100,82850
20240208,12:53:03,1.5,100,82850
20240208,12:54:04,1.45,200,82750
20240208,12:59:03,1.4,2700,82750
20240208,12:59:34,1.4,100,83200
20240208,13:00:00,1.45,300,83200
20240208,13:00:18,1.45,3250,83200
20240208,13:00:31,1.45,100,83200
20240208,13:00:37,1.4,750,83200
20240208,13:00:55,1.45,300,83200
20240208,13:01:05,1.45,250,83200
20240208,13:01:16,1.4,2050,83200
20240208,13:01:27,1.45,100,83200
20240208,13:06:05,1.5,900,83700
20240208,13:06:14,1.5,50,83700
20240208,13:06:33,1.55,100,83700
20240208,13:08:08,1.55,100,83700
20240208,13:10:11,1.5,100,83700
20240208,13:10:15,1.5,200,83700
20240208,13:10:42,1.5,100,83700
20240208,13:10:53,1.5,2900,83700
20240208,13:11:48,1.5,50,84150
20240208,13:12:02,1.5,50,84150
20240208,13:12:52,1.5,50,84150
20240208,13:12:59,1.5,500,84150
20240208,13:13:06,1.45,150,84150
20240208,13:18:34,1.5,3200,84050
20240208,13:19:35,1.55,3150,84050
20240208,13:20:57,1.55,50,84950
20240208,13:21:43,1.6,3050,84950
20240208,13:21:47,1.6,250,84950
20240208,13:22:04,1.6,250,84950
20240208,13:22:33,1.6,150,84950
20240208,13:26:39,1.5,50,85250
20240208,13:28:20,1.5,200,85250
20240208,13:29:34,1.45,1950,85050
20240208,13:29:39,1.4,400,85050
20240208,13:29:43,1.4,400,85050
20240208,13:31:02,1.4,350,85050
20240208,13:31:17,1.4,50,85050
20240208,13:32:05,1.35,100,85050
20240208,13:32:17,1.35,400,85050
20240208,13:32:37,1.3,2000,87700
20240208,13:32:42,1.3,1650,87700
20240208,13:32:45,1.3,450,87700
20240208,13:32:50,1.3,2950,87700
20240208,13:32:54,1.3,2550,87700
20240208,13:32:59,1.3,1850,87700
20240208,13:33:09,1.35,300,87700
20240208,13:33:14,1.4,50,87700
20240208,13:33:49,1.3,250,87700
20240208,13:34:33,1.3,1600,87700
20240208,13:34:37,1.25,50,87700
20240208,13:34:47,1.25,250,87700
20240208,13:35:03,1.25,1800,87700
20240208,13:35:22,1.25,5700,88800
20240208,13:35:26,1.2,1800,88800
20240208,13:35:30,1.2,3850,88800
20240208,13:35:33,1.2,1000,88800
20240208,13:35:44,1.15,2650,88800
20240208,13:35:47,1.15,3600,88800
20240208,13:35:50,1.15,2500,88800
20240208,13:35:54,1.15,100,88800
20240208,13:35:57,1.15,5000,88800
20240208,13:36:11,1.15,900,88800
20240208,13:36:15,1.1,2150,88800
20240208,13:37:49,1.2,50,88800
20240208,13:38:06,1.15,50,88800
20240208,13:39:21,1.1,3300,108050
20240208,13:39:26,1.1,4250,108050
20240208,13:40:59,1.05,10650,108050
20240208,13:41:04,1.1,3800,108050
20240208,13:41:09,1.1,4950,108050
20240208,13:41:13,1.1,8200,108050
20240208,13:41:16,1.1,100,108050
20240208,13:41:20,1.0,11450,108050
20240208,13:41:24,1.05,3950,143450
20240208,13:41:27,1.1,100,143450
20240208,13:41:32,1.05,11750,143450
20240208,13:41:37,1.05,3900,143450
20240208,13:41:42,1.05,5450,143450
20240208,13:41:46,1.05,500,143450
20240208,13:41:50,1.05,550,143450
20240208,13:41:55,1.05,50,143450
20240208,13:41:59,1.05,2700,143450
20240208,13:42:02,1.05,900,143450
20240208,13:42:06,1.05,100,143450
20240208,13:42:11,1.05,3500,143450
20240208,13:42:15,1.1,1300,143450
20240208,13:42:21,1.05,5800,143450
20240208,13:42:24,1.1,100,143450
20240208,13:42:28,1.1,100,143450
20240208,13:42:32,1.1,100,143450
20240208,13:42:35,1.1,50,143450
20240208,13:42:38,1.05,1950,143450
20240208,13:42:42,1.05,2600,143450
20240208,13:42:47,1.05,1150,143450
20240208,13:43:19,1.1,7750,143450
20240208,13:43:23,1.05,1800,143450
20240208,13:43:30,1.1,50,143450
20240208,13:43:38,1.1,200,143450
20240208,13:43:50,1.1,5400,143450
20240208,13:44:05,1.05,2000,143450
20240208,13:45:03,1.05,50,175800
20240208,13:45:10,1.15,22300,175800
20240208,13:45:13,1.15,250,175800
20240208,13:45:17,1.15,250,175800
20240208,13:45:24,1.15,1900,175800
20240208,13:45:43,1.15,1500,175800
20240208,13:45:47,1.15,3600,175800
20240208,13:46:25,1.15,50,175800
20240208,13:46:57,1.15,50,175800
20240208,13:47:14,1.15,50,175800
20240208,13:47:32,1.15,350,184100
20240208,13:48:09,1.15,1200,184100
20240208,13:48:17,1.15,2050,184100
20240208,13:48:20,1.15,250,184100
20240208,13:48:24,1.15,450,184100
20240208,13:48:29,1.15,3500,184100
20240208,13:48:33,1.15,3300,184100
20240208,13:48:37,1.15,1000,184100
20240208,13:50:27,1.2,50,190000
20240208,13:51:58,1.2,350,190000
20240208,13:53:52,1.15,50,189650
20240208,13:54:48,1.15,2400,189650
20240208,13:56:12,1.15,1000,189650
20240208,13:57:01,1.2,550,190900
20240208,13:57:17,1.2,600,190900
20240208,13:57:21,1.2,100,190900
20240208,13:57:25,1.2,100,190900
20240208,13:57:29,1.2,50,190900
20240208,13:57:33,1.2,100,190900
20240208,13:57:37,1.2,100,190900
20240208,13:57:41,1.2,100,190900
20240208,13:57:44,1.2,50,190900
20240208,13:57:48,1.2,100,190900
20240208,13:57:52,1.2,100,190900
20240208,13:57:56,1.2,100,190900
20240208,13:58:01,1.2,100,190900
20240208,13:58:06,1.2,100,190900
20240208,13:58:10,1.2,350,190900
20240208,13:58:15,1.2,100,190900
20240208,13:58:19,1.2,100,190900
20240208,13:58:23,1.2,100,190900
20240208,13:58:28,1.2,100,190900
20240208,13:58:32,1.2,100,190900
20240208,13:58:36,1.2,100,190900
20240208,13:58:40,1.2,100,190900
20240208,13:58:44,1.2,100,190900
20240208,13:58:48,1.2,50,190900
20240208,13:58:52,1.2,100,190900
20240208,13:58:55,1.2,50,190900
20240208,13:59:00,1.2,100,190900
20240208,13:59:05,1.2,150,190900
20240208,13:59:09,1.2,100,190900
20240208,13:59:14,1.2,1900,190900
20240208,13:59:19,1.2,100,190900
20240208,13:59:23,1.2,100,190900
20240208,13:59:27,1.2,50,191000
20240208,13:59:30,1.2,100,191000
20240208,13:59:34,1.2,100,191000
20240208,13:59:37,1.2,50,191000
20240208,13:59:39,1.2,50,191000
20240208,13:59:42,1.2,100,191000
20240208,13:59:45,1.2,50,191000
20240208,13:59:48,1.2,500,191000
20240208,13:59:52,1.2,100,191000
20240208,13:59:58,1.2,100,191000
20240208,14:00:02,1.2,100,191000
20240208,14:00:06,1.2,100,191000
20240208,14:00:10,1.2,100,191000
20240208,14:00:14,1.2,100,191000
20240208,14:00:18,1.2,100,191000
20240208,14:00:22,1.2,100,191000
20240208,14:00:26,1.2,100,191000
20240208,14:00:30,1.2,50,191000
20240208,14:00:34,1.2,100,191000
20240208,14:00:39,1.2,100,191000
20240208,14:00:43,1.2,100,191000
20240208,14:00:46,1.2,100,191000
20240208,14:00:50,1.2,100,191000
20240208,14:00:54,1.2,50,191000
20240208,14:00:57,1.2,100,191000
20240208,14:01:01,1.2,100,191000
20240208,14:01:05,1.2,50,191000
20240208,14:01:10,1.2,150,191000
20240208,14:01:16,1.2,2250,191000
20240208,14:01:20,1.2,100,191000
20240208,14:01:23,1.2,100,191000
20240208,14:01:27,1.2,100,191000
20240208,14:01:31,1.2,100,191000
20240208,14:01:35,1.2,2100,191000
20240208,14:01:39,1.2,550,191000
20240208,14:01:42,1.2,750,191000
20240208,14:01:45,1.2,2300,191000
20240208,14:01:49,1.2,50,191000
20240208,14:01:55,1.2,50,191000
20240208,14:01:57,1.25,100,191000
20240208,14:02:04,1.2,3350,191000
20240208,14:02:09,1.2,300,191000
20240208,14:02:12,1.2,50,191000
20240208,14:02:31,1.2,50,195200
20240208,14:02:36,1.2,100,195200
20240208,14:02:41,1.2,350,195200
20240208,14:02:44,1.2,700,195200
20240208,14:02:48,1.2,50,195200
20240208,14:03:49,1.15,1800,195200
20240208,14:04:53,1.2,100,195200
20240208,14:05:48,1.2,50,196400
20240208,14:06:23,1.2,950,196400
20240208,14:07:03,1.2,6000,196400
20240208,14:07:10,1.15,7200,196400
20240208,14:07:17,1.2,3800,196400
20240208,14:07:24,1.2,150,196400
20240208,14:07:38,1.15,1800,196400
20240208,14:07:44,1.15,3600,196400
20240208,14:07:51,1.15,1800,196400
20240208,14:08:17,1.15,5400,196400
20240208,14:10:10,1.15,50,209200
20240208,14:12:27,1.2,800,209150
20240208,14:12:35,1.15,28800,209150
20240208,14:12:41,1.15,9650,209150
20240208,14:12:47,1.2,2450,209150
20240208,14:12:53,1.2,15600,209150
20240208,14:13:00,1.15,4400,209150
20240208,14:13:06,1.25,6500,209150
20240208,14:13:12,1.2,4500,209150
20240208,14:13:19,1.25,5800,209150
20240208,14:13:25,1.25,3000,209150
20240208,14:13:32,1.2,4350,209150
20240208,14:13:38,1.2,3300,209150
20240208,14:13:44,1.2,5100,209150
20240208,14:13:51,1.25,1900,209150
20240208,14:13:58,1.25,2900,209150
20240208,14:14:06,1.25,1000,209150
20240208,14:14:41,1.2,1800,246150
20240208,14:14:56,1.25,100,246150
20240208,14:18:21,1.2,1800,247850
20240208,14:18:45,1.2,200,247850
20240208,14:18:52,1.2,1050,247850
20240208,14:19:30,1.2,500,247850
20240208,14:20:38,1.2,900,249100
20240208,14:20:45,1.2,1250,249100
20240208,14:21:41,1.2,4200,249100
20240208,14:22:01,1.25,200,249100
20240208,14:22:15,1.2,50,249100
20240208,14:23:05,1.2,1850,249100
20240208,14:24:42,1.2,50,252400
20240208,14:26:16,1.2,1800,252400
20240208,14:26:48,1.25,10250,251900
20240208,14:27:06,1.25,650,251900
20240208,14:27:31,1.3,550,251900
20240208,14:27:40,1.3,100,251900
20240208,14:27:49,1.3,100,251900
20240208,14:28:45,1.25,2050,251900
20240208,14:28:54,1.25,1450,251900
20240208,14:29:09,1.25,450,251900
20240208,14:29:24,1.3,2550,251900
20240208,14:29:38,1.3,1200,253600
20240208,14:29:45,1.3,2000,253600
20240208,14:29:52,1.3,11600,253600
20240208,14:30:00,1.25,1800,253600
20240208,14:30:07,1.3,3600,253600
20240208,14:30:14,1.3,100,253600
20240208,14:30:22,1.35,3750,253600
20240208,14:31:44,1.35,1400,253600
20240208,14:32:03,1.35,1000,253600
20240208,14:32:19,1.35,700,253600
20240208,14:32:28,1.35,250,253600
20240208,14:32:36,1.35,3000,256950
20240208,14:33:30,1.3,1800,256950
20240208,14:34:08,1.3,400,256950
20240208,14:34:16,1.35,150,256950
20240208,14:34:45,1.25,1950,256950
20240208,14:35:22,1.3,1950,256950
20240208,14:36:19,1.3,50,261450
20240208,14:36:53,1.35,400,261450
20240208,14:37:03,1.35,3000,261450
20240208,14:37:13,1.4,3500,261450
20240208,14:37:22,1.4,3150,261450
20240208,14:37:30,1.4,2700,261450
20240208,14:37:38,1.45,650,261450
20240208,14:37:47,1.45,3050,261450
20240208,14:37:56,1.45,2100,261450
20240208,14:38:05,1.45,350,261450
20240208,14:38:14,1.35,4150,261450
20240208,14:38:22,1.35,3250,261450
20240208,14:38:31,1.35,4600,261450
20240208,14:38:39,1.3,6400,278150
20240208,14:38:57,1.3,750,278150
20240208,14:39:07,1.3,2350,278150
20240208,14:39:16,1.3,450,278150
20240208,14:39:24,1.3,3600,278150
20240208,14:39:33,1.3,200,278150
20240208,14:39:42,1.3,50,278150
20240208,14:39:50,1.3,450,278150
20240208,14:40:15,1.35,50,278150
20240208,14:40:32,1.35,50,278150
20240208,14:40:48,1.35,50,278150
20240208,14:41:14,1.35,150,278150
20240208,14:41:22,1.3,6750,278150
20240208,14:41:31,1.3,19350,278150
20240208,14:41:40,1.35,850,297200
20240208,14:41:48,1.35,3150,297200
20240208,14:41:56,1.35,3950,297200
20240208,14:42:04,1.35,3700,297200
20240208,14:42:13,1.35,2850,297200
20240208,14:42:21,1.35,1450,297200
20240208,14:42:31,1.35,2900,297200
20240208,14:42:39,1.35,2800,297200
20240208,14:42:48,1.35,250,297200
20240208,14:42:56,1.3,500,297200
20240208,14:43:46,1.3,4600,297200
20240208,14:43:54,1.3,250,297200
20240208,14:44:35,1.3,3350,310100
20240208,14:44:43,1.3,3600,310100
20240208,14:45:31,1.3,5000,310100
20240208,14:46:23,1.3,7200,310100
20240208,14:46:39,1.3,100,310100
20240208,14:47:03,1.25,2950,310100
20240208,14:47:11,1.3,50,310100
20240208,14:47:19,1.3,2350,310100
20240208,14:47:34,1.35,50,310100
20240208,14:47:41,1.3,2800,321600
20240208,14:47:49,1.3,100,321600
20240208,14:48:20,1.3,550,321600
20240208,14:48:42,1.3,300,321600
20240208,14:48:49,1.3,50,321600
20240208,14:49:20,1.25,1850,321600
20240208,14:50:46,1.3,1050,323400
20240208,14:50:54,1.3,250,323400
20240208,14:51:16,1.25,400,323400
20240208,14:51:24,1.3,50,323400
20240208,14:52:10,1.35,7150,323400
20240208,14:53:09,1.35,100,323400
20240208,14:53:17,1.35,3650,323400
20240208,14:53:47,1.35,150,328800
20240208,14:53:54,1.35,50,328800
20240208,14:54:01,1.35,150,328800
20240208,14:54:09,1.35,3250,328800
20240208,14:54:17,1.35,6900,328800
20240208,14:54:25,1.4,150,328800
20240208,14:54:40,1.3,3600,328800
20240208,14:54:54,1.4,150,328800
20240208,14:55:48,1.35,950,328800
20240208,14:55:57,1.35,5600,328800
20240208,14:56:05,1.4,150,328800
20240208,14:56:13,1.4,1800,328800
20240208,14:56:46,1.4,50,339700
20240208,14:56:55,1.4,50,339700
20240208,14:57:04,1.4,50,339700
20240208,14:57:13,1.4,100,339700
20240208,14:57:20,1.35,2950,339700
20240208,14:58:07,1.4,6150,339700
20240208,14:58:15,1.35,1300,339700
20240208,14:58:23,1.35,2350,339700
20240208,14:58:31,1.3,7050,339700
20240208,14:58:40,1.35,450,339700
20240208,14:58:50,1.35,1800,339700
20240208,14:59:10,1.35,50,339700
20240208,14:59:19,1.35,650,339700
20240208,14:59:27,1.35,450,339700
20240208,14:59:44,1.35,300,349200
20240208,15:00:02,1.3,2400,349200
20240208,15:00:20,1.3,700,349200
20240208,15:00:46,1.3,300,349200
20240208,15:00:55,1.3,50,349200
20240208,15:01:05,1.3,2500,349200
20240208,15:01:23,1.35,50,349200
20240208,15:01:41,1.3,250,349200
20240208,15:02:20,1.35,250,349200
20240208,15:02:39,1.35,800,349200
20240208,15:02:49,1.35,10150,352800
20240208,15:02:59,1.35,4700,352800
20240208,15:03:09,1.4,100,352800
20240208,15:03:28,1.4,250,352800
20240208,15:03:38,1.35,2700,352800
20240208,15:03:57,1.3,200,352800
20240208,15:04:07,1.35,12000,352800
20240208,15:04:16,1.3,600,352800
20240208,15:04:24,1.35,100,352800
20240208,15:04:33,1.35,4600,352800
20240208,15:04:42,1.35,4650,352800
20240208,15:04:51,1.35,2800,352800
20240208,15:05:00,1.35,1000,352800
20240208,15:05:20,1.35,400,352800
20240208,15:06:39,1.35,1000,355800
20240208,15:06:48,1.3,450,355800
20240208,15:07:32,1.35,950,355800
20240208,15:07:42,1.35,1050,355800
20240208,15:08:08,1.35,1100,355800
20240208,15:09:09,1.35,1950,355800
20240208,15:09:18,1.35,700,355800
20240208,15:09:27,1.35,5050,355800
20240208,15:09:55,1.3,1300,355800
20240208,15:10:12,1.35,10000,355800
20240208,15:10:21,1.3,50,355800
20240208,15:10:29,1.3,150,355800
20240208,15:10:47,1.35,50,355800
20240208,15:10:56,1.3,1800,355800
20240208,15:11:04,1.3,800,355800
20240208,15:11:13,1.3,400,355800
20240208,15:11:21,1.3,450,355800
20240208,15:11:55,1.35,250,340100
20240208,15:12:11,1.3,1800,340100
20240208,15:12:19,1.3,1800,340100
20240208,15:12:27,1.35,1500,340100
20240208,15:12:51,1.4,200,340100
20240208,15:12:59,1.35,400,340100
20240208,15:13:08,1.4,6200,340100
20240208,15:13:16,1.35,50,340100
20240208,15:13:56,1.45,200,340100
20240208,15:14:04,1.4,750,340100
20240208,15:14:13,1.4,900,340100
20240208,15:14:22,1.45,200,340100
20240208,15:15:04,1.4,200,342050
20240208,15:15:13,1.4,300,342050
20240208,15:15:22,1.45,2150,342050
20240208,15:15:30,1.45,1850,342050
20240208,15:15:38,1.45,5750,342050
20240208,15:15:46,1.45,50,342050
20240208,15:16:11,1.45,2900,342050
20240208,15:17:53,1.4,900,343300
20240208,15:19:18,1.5,250,343300
20240208,15:19:26,1.45,1600,343300
20240208,15:20:41,1.5,100,343300
20240208,15:21:06,1.4,3050,342100
20240208,15:21:13,1.45,50,342100
20240208,15:21:29,1.45,1150,342100
20240208,15:21:37,1.45,550,342100
20240208,15:22:10,1.45,50,342100
20240208,15:22:35,1.45,1000,342100
20240208,15:23:08,1.4,300,342100
20240208,15:23:23,1.45,350,342100
20240208,15:23:39,1.45,2400,342100
20240208,15:23:53,1.5,200,342350
20240208,15:24:00,1.5,50,342350
20240208,15:24:08,1.5,5400,342350
20240208,15:24:45,1.5,3300,342350
20240208,15:25:34,1.45,150,342350
20240208,15:25:42,1.45,50,342350
20240208,15:26:14,1.45,100,342350
20240208,15:27:40,1.55,450,342200
20240208,15:27:49,1.5,1500,342200
20240208,15:28:08,1.5,1700,342200
20240208,15:28:26,1.5,250,342200
20240208,15:28:44,1.6,1800,342200
20240208,15:28:53,1.45,1100,342200
20240208,15:29:02,1.5,4300,342200
20240208,15:29:11,1.55,550,342200
20240208,15:29:19,1.5,2300,342200
20240208,15:29:27,1.55,200,342200
20240208,15:29:55,1.5,850,341600
20240209,09:15:00,1.45,1,341600
20240209,09:15:00,1.45,1000,341600
20240209,09:15:01,1.35,100,341600
20240209,09:15:02,1.35,50,341600
20240209,09:15:03,1.4,150,341600
20240209,09:15:04,1.45,900,341600
20240209,09:15:06,1.3,500,341600
20240209,09:15:07,1.25,2150,341600
20240209,09:15:08,1.45,3500,341600
20240209,09:15:09,1.4,50,341600
20240209,09:15:12,1.4,150,341600
20240209,09:15:13,1.4,700,341600
20240209,09:15:14,1.4,50,341600
20240209,09:15:15,1.4,150,341600
20240209,09:15:16,1.35,250,341600
20240209,09:15:18,1.35,350,341600
20240209,09:15:19,1.35,50,341600
20240209,09:15:23,1.3,200,341600
20240209,09:15:25,1.35,50,341600
20240209,09:15:29,1.35,150,341600
20240209,09:15:34,1.35,700,341600
20240209,09:15:34,1.3,250,341600
20240209,09:15:35,1.3,50,341600
20240209,09:15:37,1.3,1000,341600
20240209,09:15:42,1.3,1200,341600
20240209,09:15:43,1.3,50,341600
20240209,09:15:44,1.35,200,341600
20240209,09:15:46,1.25,1300,341600
20240209,09:15:56,1.3,50,341600
20240209,09:16:12,1.3,50,341600
20240209,09:16:13,1.3,100,341600
20240209,09:16:15,1.3,1700,341600
20240209,09:16:17,1.3,250,342250
20240209,09:16:18,1.3,100,342250
20240209,09:16:20,1.3,1550,342250
20240209,09:16:21,1.3,250,342250
20240209,09:16:22,1.3,1550,342250
20240209,09:16:27,1.35,500,342250
20240209,09:16:32,1.3,800,342250
20240209,09:16:37,1.35,100,342250
20240209,09:16:38,1.35,800,342250
20240209,09:16:55,1.3,250,342250
20240209,09:16:57,1.35,1500,342250
20240209,09:16:59,1.35,1500,342250
20240209,09:17:19,1.3,250,342250
20240209,09:17:25,1.3,7800,342250
20240209,09:17:26,1.3,2400,342250
20240209,09:17:27,1.3,50,342250
20240209,09:17:32,1.3,100,342250
20240209,09:17:34,1.3,1800,342250
20240209,09:17:40,1.3,1100,342250
20240209,09:17:41,1.3,50,342250
20240209,09:17:43,1.3,50,342250
20240209,09:17:49,1.25,3450,342250
20240209,09:17:53,1.25,350,342250
20240209,09:17:55,1.25,250,342250
20240209,09:17:59,1.25,150,342250
20240209,09:18:02,1.2,4050,342250
20240209,09:18:03,1.2,400,342250
20240209,09:18:04,1.2,350,342250
20240209,09:18:06,1.2,350,342250
20240209,09:18:08,1.2,50,342250
20240209,09:18:12,1.2,50,342250
20240209,09:18:39,1.2,900,342250
20240209,09:18:40,1.2,950,342250
20240209,09:18:42,1.2,2100,342250
20240209,09:18:46,1.2,400,342250
20240209,09:18:47,1.2,50,342250
20240209,09:18:51,1.2,50,342250
20240209,09:18:56,1.2,2600,342250
20240209,09:18:59,1.2,250,342250
20240209,09:19:00,1.2,3650,342250
20240209,09:19:01,1.2,3000,342250
20240209,09:19:05,1.2,150,342250
20240209,09:19:09,1.2,800,342250
20240209,09:19:10,1.2,1000,342250
20240209,09:19:11,1.2,150,342250
20240209,09:19:12,1.2,1500,342250
20240209,09:19:13,1.2,1650,342250
20240209,09:19:16,1.2,1650,342250
20240209,09:19:19,1.2,50,342250
20240209,09:19:20,1.2,50,349450
20240209,09:19:25,1.25,50,349450
20240209,09:20:00,1.2,600,349450
20240209,09:20:02,1.2,250,349450
20240209,09:20:12,1.25,50,349450
20240209,09:20:13,1.25,50,349450
20240209,09:20:15,1.25,400,349450
20240209,09:20:16,1.25,200,349450
20240209,09:20:17,1.25,200,349450
20240209,09:20:18,1.2,700,349450
20240209,09:20:19,1.25,200,349450
20240209,09:20:20,1.25,200,349450
20240209,09:20:21,1.25,200,349450
20240209,09:20:22,1.25,200,349450
20240209,09:20:23,1.25,200,349450
20240209,09:20:24,1.25,50,349450
20240209,09:20:25,1.25,200,349450
20240209,09:20:26,1.25,200,349450
20240209,09:20:27,1.25,200,349450
20240209,09:20:28,1.25,50,349450
20240209,09:20:29,1.25,50,349450
20240209,09:20:30,1.25,50,349450
20240209,09:20:31,1.25,200,349450
20240209,09:20:32,1.25,200,349450
20240209,09:20:33,1.25,200,349450
20240209,09:20:35,1.25,50,349450
20240209,09:20:36,1.25,50,349450
20240209,09:20:37,1.25,1050,349450
20240209,09:20:38,1.25,50,349450
20240209,09:20:39,1.25,50,349450
20240209,09:20:40,1.25,50,349450
20240209,09:20:41,1.25,50,349450
20240209,09:20:42,1.25,50,349450
20240209,09:20:43,1.25,50,349450
20240209,09:20:44,1.25,50,349450
20240209,09:20:45,1.25,50,349450
20240209,09:20:46,1.25,50,349450
20240209,09:20:50,1.25,50,349450
20240209,09:20:51,1.25,50,349450
20240209,09:20:52,1.25,50,349450
20240209,09:20:53,1.25,300,349450
20240209,09:20:54,1.25,50,349450
20240209,09:20:55,1.2,100,349450
20240209,09:20:59,1.25,50,349450
20240209,09:21:00,1.25,50,349450
20240209,09:21:01,1.25,50,349450
20240209,09:21:02,1.25,50,349450
20240209,09:21:03,1.25,50,349450
20240209,09:21:05,1.25,50,349450
20240209,09:21:06,1.25,350,349450
20240209,09:21:07,1.25,100,349450
20240209,09:21:26,1.25,450,349450
20240209,09:21:27,1.25,100,349450
20240209,09:21:28,1.25,50,349450
20240209,09:21:29,1.25,100,349450
20240209,09:21:33,1.25,100,349450
20240209,09:21:34,1.25,50,349450
20240209,09:21:35,1.25,100,349450
20240209,09:21:37,1.25,100,349450
20240209,09:21:39,1.25,100,349450
20240209,09:21:41,1.25,100,349450
20240209,09:21:42,1.25,50,349450
20240209,09:21:43,1.25,100,349450
20240209,09:21:45,1.25,100,349450
20240209,09:21:47,1.25,100,349450
20240209,09:21:48,1.25,50,349450
20240209,09:21:49,1.25,50,349450
20240209,09:21:56,1.2,1350,349450
20240209,09:22:04,1.25,50,349450
20240209,09:22:19,1.25,50,351250
20240209,09:22:26,1.25,50,351250
20240209,09:22:35,1.2,800,351250
20240209,09:22:35,1.2,1000,351250
20240209,09:22:36,1.2,250,351250
20240209,09:23:00,1.2,150,351250
20240209,09:23:02,1.2,150,351250
20240209,09:23:04,1.15,500,351250
20240209,09:23:05,1.2,300,351250
20240209,09:23:09,1.15,50,351250
20240209,09:23:11,1.15,200,351250
20240209,09:23:15,1.15,100,351250
20240209,09:23:16,1.15,150,351250
20240209,09:23:17,1.15,100,351250
20240209,09:23:20,1.15,50,351250
20240209,09:23:22,1.15,50,351250
20240209,09:23:26,1.15,50,351250
20240209,09:23:35,1.15,50,351250
20240209,09:23:41,1.2,50,351250
20240209,09:23:42,1.15,50,351250
20240209,09:23:48,1.2,50,351250
20240209,09:23:49,1.15,50,351250
20240209,09:23:52,1.15,100,351250
20240209,09:24:02,1.15,50,351250
20240209,09:24:03,1.2,50,351250
20240209,09:24:04,1.15,100,351250
20240209,09:24:08,1.15,100,351250
20240209,09:24:10,1.2,50,351250
20240209,09:24:27,1.15,1500,351250
20240209,09:24:34,1.15,1500,351250
20240209,09:24:53,1.2,50,351250
20240209,09:24:54,1.2,50,351250
20240209,09:25:02,1.2,100,351250
20240209,09:25:03,1.2,500,351250
20240209,09:25:04,1.2,100,351250
20240209,09:25:05,1.2,400,351250
20240209,09:25:06,1.2,200,351250
20240209,09:25:07,1.2,1750,351250
20240209,09:25:08,1.2,700,351250
20240209,09:25:09,1.2,650,351250
20240209,09:25:10,1.2,200,351250
20240209,09:25:11,1.2,100,351250
20240209,09:25:12,1.2,100,351250
20240209,09:25:18,1.15,800,351350
20240209,09:25:19,1.15,200,351350
20240209,09:25:20,1.15,200,351350
20240209,09:25:21,1.15,800,351350
20240209,09:25:40,1.15,500,351350
20240209,09:25:43,1.15,250,351350
20240209,09:25:45,1.15,250,351350
20240209,09:25:46,1.15,50,351350
20240209,09:25:58,1.15,250,351350
20240209,09:26:03,1.15,400,351350
20240209,09:26:04,1.2,150,351350
20240209,09:26:08,1.2,100,351350
20240209,09:26:24,1.15,150,351350
20240209,09:26:25,1.2,50,351350
20240209,09:26:36,1.15,250,351350
20240209,09:26:37,1.15,250,351350
20240209,09:26:38,1.15,500,351350
20240209,09:26:39,1.15,250,351350
20240209,09:26:43,1.15,550,351350
20240209,09:26:45,1.15,250,351350
20240209,09:26:50,1.15,250,351350
20240209,09:26:52,1.15,200,351350
20240209,09:26:53,1.15,1000,351350
20240209,09:27:03,1.2,50,351350
20240209,09:27:04,1.2,500,351350
20240209,09:27:05,1.2,100,351350
20240209,09:27:07,1.2,50,351350
20240209,09:27:08,1.2,50,351350
20240209,09:27:22,1.15,200,351350
20240209,09:27:22,1.15,1000,351350
20240209,09:27:23,1.15,800,351350
20240209,09:28:00,1.15,100,351350
20240209,09:28:03,1.2,50,351350
20240209,09:28:04,1.2,250,351350
20240209,09:28:05,1.15,3000,351350
20240209,09:28:06,1.2,100,351350
20240209,09:28:07,1.2,350,351350
20240209,09:28:08,1.2,300,351350
20240209,09:28:09,1.2,600,351350
20240209,09:28:14,1.2,50,351350
20240209,09:28:15,1.2,50,351350
20240209,09:28:16,1.2,50,351350
20240209,09:28:17,1.2,50,351350
20240209,09:28:18,1.15,250,351350
20240209,09:28:19,1.2,300,359200
20240209,09:28:20,1.2,200,359200
20240209,09:28:21,1.2,3800,359200
20240209,09:28:22,1.2,1700,359200
20240209,09:28:23,1.2,200,359200
20240209,09:28:24,1.2,200,359200
20240209,09:28:28,1.2,50,359200
20240209,09:28:29,1.2,50,359200
20240209,09:28:30,1.2,50,359200
20240209,09:28:31,1.2,50,359200
20240209,09:28:32,1.2,50,359200
20240209,09:28:33,1.2,50,359200
20240209,09:28:34,1.2,700,359200
20240209,09:28:35,1.2,50,359200
20240209,09:28:36,1.2,50,359200
20240209,09:28:37,1.2,50,359200
20240209,09:28:38,1.15,100,359200
20240209,09:28:39,1.2,50,359200
20240209,09:28:40,1.2,50,359200
20240209,09:28:41,1.2,50,359200
20240209,09:28:42,1.2,50,359200
20240209,09:28:43,1.2,200,359200
20240209,09:28:44,1.2,50,359200
20240209,09:28:45,1.2,50,359200
20240209,09:28:46,1.2,50,359200
20240209,09:28:47,1.2,200,359200
20240209,09:28:48,1.2,200,359200
20240209,09:28:51,1.2,100,359200
20240209,09:29:03,1.2,100,359200
20240209,09:29:04,1.2,500,359200
20240209,09:29:05,1.2,150,359200
20240209,09:29:06,1.2,250,359200
20240209,09:29:07,1.2,50,359200
20240209,09:29:08,1.2,100,359200
20240209,09:29:09,1.2,150,359200
20240209,09:29:10,1.2,50,359200
20240209,09:29:11,1.2,50,359200
20240209,09:29:14,1.15,600,359200
20240209,09:29:16,1.15,200,359200
20240209,09:29:24,1.2,50,359200
20240209,09:29:26,1.2,50,359200
20240209,09:29:27,1.2,50,359200
20240209,09:29:28,1.2,50,359200
20240209,09:29:29,1.2,50,359200
20240209,09:29:30,1.2,50,359200
20240209,09:29:31,1.2,50,359200
20240209,09:29:32,1.2,50,359200
20240209,09:29:33,1.2,50,359200
20240209,09:29:34,1.2,50,359200
20240209,09:29:35,1.2,50,359200
20240209,09:29:36,1.2,50,359200
20240209,09:29:37,1.2,50,359200
20240209,09:29:38,1.2,50,359200
20240209,09:29:39,1.2,50,359200
20240209,09:29:40,1.2,50,359200
20240209,09:29:44,1.2,50,359200
20240209,09:30:03,1.2,50,359200
20240209,09:30:04,1.15,2100,359200
20240209,09:30:05,1.2,50,359200
20240209,09:30:06,1.2,200,359200
20240209,09:30:07,1.2,50,359200
20240209,09:30:08,1.2,200,359200
20240209,09:30:09,1.2,50,359200
20240209,09:30:10,1.2,50,359200
20240209,09:30:11,1.2,50,359200
20240209,09:30:12,1.2,50,359200
20240209,09:30:13,1.2,50,359200
20240209,09:30:14,1.2,50,359200
20240209,09:30:15,1.2,100,359200
20240209,09:30:16,1.2,50,359200
20240209,09:30:17,1.2,50,359200
20240209,09:30:18,1.2,50,359200
20240209,09:30:19,1.2,50,359200
20240209,09:30:20,1.2,50,359200
20240209,09:30:21,1.2,200,359200
20240209,09:30:22,1.2,50,359200
20240209,09:30:23,1.2,50,359200
20240209,09:30:24,1.2,50,359200
20240209,09:30:25,1.2,50,359200
20240209,09:30:27,1.2,100,359200
20240209,09:30:28,1.2,50,359200
20240209,09:30:29,1.2,50,359200
20240209,09:30:30,1.2,50,359200
20240209,09:30:31,1.2,50,359200
20240209,09:30:51,1.2,1950,359200
20240209,09:30:53,1.2,1350,359200
20240209,09:31:03,1.2,100,359200
20240209,09:31:04,1.2,300,359200
20240209,09:31:05,1.25,150,359200
20240209,09:31:06,1.25,100,359200
20240209,09:31:07,1.25,1100,359200
20240209,09:31:08,1.25,250,359200
20240209,09:31:13,1.2,900,359200
20240209,09:31:15,1.2,150,359200
20240209,09:31:18,1.2,50,359200
20240209,09:31:18,1.2,100,359200
20240209,09:31:21,1.2,250,365500
20240209,09:31:33,1.2,50,365500
20240209,09:31:37,1.2,100,365500
20240209,09:31:59,1.15,300,365500
20240209,09:32:02,1.2,200,365500
20240209,09:32:04,1.2,200,365500
20240209,09:32:05,1.2,100,365500
20240209,09:32:06,1.2,200,365500
20240209,09:32:07,1.2,200,365500
20240209,09:32:09,1.15,250,365500
20240209,09:32:16,1.2,100,365500
20240209,09:32:26,1.2,100,365500
20240209,09:32:30,1.2,50,365500
20240209,09:32:56,1.15,200,365500
20240209,09:32:57,1.2,50,365500
20240209,09:33:02,1.2,200,365500
20240209,09:33:03,1.2,100,365500
20240209,09:33:04,1.2,300,365500
20240209,09:33:06,1.2,400,365500
20240209,09:33:06,1.2,200,365500
20240209,09:33:08,1.2,100,365500
20240209,09:33:09,1.2,100,365500
20240209,09:33:18,1.2,100,365500
20240209,09:33:32,1.2,50,365500
20240209,09:33:44,1.15,50,365500
20240209,09:33:51,1.15,100,365500
20240209,09:34:04,1.2,100,365500
20240209,09:34:05,1.2,100,365500
20240209,09:34:26,1.2,100,367450
20240209,09:34:44,1.2,200,367450
20240209,09:35:04,1.2,450,367450
20240209,09:35:05,1.2,850,367450
20240209,09:35:06,1.2,50,367450
20240209,09:35:07,1.2,1650,367450
20240209,09:35:08,1.2,1350,367450
20240209,09:35:09,1.2,1500,367450
20240209,09:35:10,1.2,850,367450
20240209,09:35:11,1.2,400,367450
20240209,09:35:12,1.2,400,367450
20240209,09:35:13,1.2,100,367450
20240209,09:36:06,1.2,300,367450
20240209,09:36:44,1.2,100,367450
20240209,09:36:46,1.2,100,367450
20240209,09:36:48,1.2,100,367450
20240209,09:36:50,1.2,150,367450
20240209,09:36:50,1.2,50,367450
20240209,09:36:52,1.2,100,367450
20240209,09:37:11,1.2,200,367450
20240209,09:37:14,1.2,200,367450
20240209,09:37:39,1.15,50,367450
20240209,09:37:40,1.15,200,367450
20240209,09:37:41,1.15,200,367450
20240209,09:37:42,1.15,200,367450
20240209,09:37:43,1.2,300,367450
20240209,09:37:44,1.15,200,367450
20240209,09:37:45,1.15,200,367450
20240209,09:37:46,1.15,200,367450
20240209,09:37:48,1.2,150,367450
20240209,09:37:49,1.15,50,367450
20240209,09:37:50,1.15,150,367450
20240209,09:37:51,1.15,200,367450
20240209,09:37:52,1.15,400,367450
20240209,09:37:53,1.15,200,367450
20240209,09:37:54,1.2,50,367450
20240209,09:37:55,1.2,150,367450
20240209,09:37:56,1.15,50,367450
20240209,09:37:57,1.15,100,367450
20240209,09:37:58,1.2,150,367450
20240209,09:37:59,1.15,50,367450
20240209,09:38:00,1.2,150,367450
20240209,09:38:01,1.15,50,367450
20240209,09:38:02,1.15,250,367450
20240209,09:38:03,1.15,250,367450
20240209,09:38:04,1.15,300,367450
20240209,09:38:05,1.15,250,367450
20240209,09:38:06,1.15,200,367450
20240209,09:38:07,1.15,150,367450
20240209,09:38:08,1.15,50,367450
20240209,09:38:09,1.15,50,367450
20240209,09:38:10,1.15,150,367450
20240209,09:38:11,1.15,50,367450
20240209,09:38:12,1.1,6350,367450
20240209,09:38:13,1.1,300,367450
20240209,09:38:14,1.15,350,367450
20240209,09:38:15,1.15,300,367450
20240209,09:38:16,1.1,50,367450
20240209,09:38:21,1.1,150,367450
20240209,09:38:22,1.1,50,367450
20240209,09:38:23,1.1,50,367450
20240209,09:38:24,1.1,50,367450
20240209,09:38:25,1.1,50,367450
20240209,09:38:30,1.1,50,367450
20240209,09:38:31,1.1,50,367450
20240209,09:38:32,1.1,50,367450
20240209,09:38:33,1.1,50,367450
20240209,09:38:34,1.1,50,367450
20240209,09:38:35,1.1,200,367450
20240209,09:38:36,1.1,200,367450
20240209,09:38:37,1.1,2000,367450
20240209,09:38:40,1.1,50,367450
20240209,09:38:41,1.1,50,367450
20240209,09:38:42,1.1,50,367450
20240209,09:38:43,1.1,200,367450
20240209,09:38:44,1.1,200,367450
20240209,09:38:46,1.15,100,367450
20240209,09:39:19,1.1,900,367450
20240209,09:39:20,1.1,450,367450
20240209,09:39:51,1.1,400,367450
20240209,09:39:54,1.1,5400,367450
20240209,09:39:57,1.1,200,367450
20240209,09:39:58,1.1,200,367450
20240209,09:39:59,1.1,150,367450
20240209,09:40:03,1.15,300,367450
20240209,09:40:06,1.1,250,367450
20240209,09:40:07,1.15,300,367450
20240209,09:40:10,1.15,1100,367450
20240209,09:40:11,1.15,600,367450
20240209,09:40:12,1.1,150,367450
20240209,09:40:13,1.1,150,367450
20240209,09:40:14,1.1,150,367450
20240209,09:40:15,1.1,150,367450
20240209,09:40:16,1.1,150,367450
20240209,09:40:17,1.1,150,367450
20240209,09:40:18,1.1,150,367450
20240209,09:40:19,1.1,150,367450
20240209,09:40:20,1.1,150,367450
20240209,09:40:21,1.1,250,367750
20240209,09:40:22,1.1,150,367750
20240209,09:40:23,1.1,250,367750
20240209,09:40:24,1.1,150,367750
20240209,09:40:25,1.1,150,367750
20240209,09:40:26,1.1,350,367750
20240209,09:40:27,1.1,150,367750
20240209,09:40:28,1.1,150,367750
20240209,09:40:29,1.1,150,367750
20240209,09:40:30,1.1,150,367750
20240209,09:40:33,1.15,100,367750
20240209,09:40:35,1.15,100,367750
20240209,09:40:46,1.15,100,367750
20240209,09:40:56,1.15,50,367750
20240209,09:41:01,1.15,100,367750
20240209,09:41:04,1.15,100,367750
20240209,09:41:07,1.1,2500,367750
20240209,09:41:16,1.15,500,367750
20240209,09:41:23,1.1,1800,367750
20240209,09:41:33,1.15,100,367750
20240209,09:41:34,1.15,50,367750
20240209,09:41:53,1.15,50,367750
20240209,09:42:03,1.05,7400,367750
20240209,09:42:04,1.05,300,367750
20240209,09:42:14,1.1,2100,367750
20240209,09:42:17,1.15,50,367750
20240209,09:42:49,1.1,300,367750
20240209,09:43:12,1.05,3600,367750
20240209,09:43:13,1.1,50,367750
20240209,09:43:15,1.1,50,367750
20240209,09:43:18,1.05,50,367750
20240209,09:43:21,1.1,100,367750
20240209,09:43:21,1.1,200,380200
20240209,09:43:51,1.1,50,380200
20240209,09:43:52,1.1,100,380200
20240209,09:44:10,1.05,1450,380200
20240209,09:44:15,1.1,100,380200
20240209,09:44:43,1.05,50,380200
20240209,09:44:44,1.05,1800,380200
20240209,09:45:39,1.05,50,380200
20240209,09:46:00,1.1,50,380200
20240209,09:46:28,1.05,50,381700
20240209,09:46:31,1.1,50,381700
20240209,09:46:47,1.1,50,381700
20240209,09:47:04,1.05,50,381700
20240209,09:47:10,1.05,1800,381700
20240209,09:47:55,1.1,200,381700
20240209,09:48:04,1.1,50,381700
20240209,09:49:02,1.1,600,381700
20240209,09:49:03,1.1,350,381700
20240209,09:49:04,1.1,300,381700
20240209,09:49:05,1.1,500,381700
20240209,09:49:06,1.1,2650,381700
20240209,09:49:07,1.1,400,381700
20240209,09:49:08,1.1,350,381700
20240209,09:49:30,1.05,50,383550
20240209,09:50:05,1.1,700,383550
20240209,09:50:06,1.1,200,383550
20240209,09:50:07,1.1,150,383550
20240209,09:50:20,1.1,400,383550
20240209,09:51:01,1.05,350,383550
20240209,09:51:06,1.05,50,383550
20240209,09:51:07,1.05,50,383550
20240209,09:51:45,1.1,400,383550
20240209,09:51:47,1.1,1200,383550
20240209,09:51:50,1.1,250,383550
20240209,09:51:52,1.1,4050,383550
20240209,09:51:54,1.1,150,383550
20240209,09:51:57,1.1,300,383550
20240209,09:52:01,1.1,50,383550
20240209,09:52:05,1.1,50,383550
20240209,09:52:09,1.1,1800,383550
20240209,09:52:33,1.15,100,385750
20240209,09:52:36,1.1,1800,385750
20240209,09:52:37,1.1,3600,385750
20240209,09:52:39,1.1,650,385750
20240209,09:52:43,1.05,50,385750
20240209,09:53:31,1.1,1950,385750
20240209,09:53:51,1.15,50,385750
20240209,09:54:09,1.15,50,385750
20240209,09:54:10,1.15,50,385750
20240209,09:54:11,1.15,50,385750
20240209,09:54:12,1.15,50,385750
20240209,09:54:13,1.15,50,385750
20240209,09:54:14,1.15,50,385750
20240209,09:54:16,1.15,100,385750
20240209,09:54:17,1.15,100,385750
20240209,09:54:18,1.15,100,385750
20240209,09:54:19,1.15,100,385750
20240209,09:54:20,1.15,100,385750
20240209,09:54:21,1.15,150,385750
20240209,09:54:23,1.15,300,385750
20240209,09:54:24,1.15,2100,385750
20240209,09:54:26,1.15,2100,385750
20240209,09:54:27,1.15,1950,385750
20240209,09:54:28,1.15,1950,385750
20240209,09:54:30,1.2,3400,385750
20240209,09:54:56,1.15,1800,385750
20240209,09:54:58,1.15,50,385750
20240209,09:55:04,1.15,50,385750
20240209,09:55:06,1.15,100,385750
20240209,09:55:07,1.15,50,385750
20240209,09:55:08,1.15,2050,385750
20240209,09:55:09,1.15,250,385750
20240209,09:55:46,1.15,50,385300
20240209,09:55:59,1.15,50,385300
20240209,09:56:00,1.15,50,385300
20240209,09:56:01,1.15,50,385300
20240209,09:56:03,1.15,100,385300
20240209,09:56:04,1.15,50,385300
20240209,09:56:05,1.15,50,385300
20240209,09:56:10,1.15,4100,385300
20240209,09:56:29,1.15,1800,385300
20240209,09:56:30,1.15,2100,385300
20240209,09:56:36,1.15,1000,385300
20240209,09:56:40,1.1,50,385300
20240209,09:56:41,1.15,500,385300
20240209,09:56:42,1.15,50,385300
20240209,09:59:27,1.1,50,384550
20240209,09:59:28,1.1,200,384550
20240209,09:59:29,1.1,200,384550
20240209,09:59:30,1.1,200,384550
20240209,09:59:31,1.1,200,384550
20240209,09:59:32,1.1,200,384550
20240209,09:59:33,1.1,200,384550
20240209,09:59:34,1.1,50,384550
20240209,09:59:35,1.1,50,384550
20240209,09:59:36,1.1,200,384550
20240209,09:59:37,1.1,200,384550
20240209,09:59:38,1.1,200,384550
20240209,09:59:40,1.1,3600,384550
20240209,09:59:47,1.1,200,384550
20240209,09:59:48,1.1,150,384550
20240209,09:59:49,1.1,150,384550
20240209,10:00:13,1.1,1200,384550
20240209,10:00:23,1.1,250,384550
20240209,10:00:41,1.15,1800,384550
20240209,10:01:06,1.15,450,384550
20240209,10:01:12,1.15,1800,384550
20240209,10:01:13,1.15,4500,384550
20240209,10:01:25,1.15,250,387350
20240209,10:02:07,1.15,1800,387350
20240209,10:02:09,1.15,250,387350
20240209,10:02:10,1.15,900,387350
20240209,10:02:11,1.15,50,387350
20240209,10:02:13,1.15,250,387350
20240209,10:04:19,1.15,50,387350
20240209,10:06:37,1.15,50,389650
20240209,10:06:38,1.15,50,389650
20240209,10:06:39,1.15,100,389650
20240209,10:06:40,1.15,100,389650
20240209,10:06:41,1.15,100,389650
20240209,10:06:42,1.15,200,389650
20240209,10:06:44,1.15,250,389650
20240209,10:06:45,1.15,150,389650
20240209,10:06:46,1.15,150,389650
20240209,10:06:47,1.15,150,389650
20240209,10:06:48,1.15,150,389650
20240209,10:06:49,1.15,150,389650
20240209,10:06:50,1.15,150,389650
20240209,10:06:52,1.15,200,389650
20240209,10:06:53,1.15,50,389650
20240209,10:06:54,1.15,50,389650
20240209,10:06:55,1.15,50,389650
20240209,10:06:56,1.15,50,389650
20240209,10:06:57,1.15,50,389650
20240209,10:08:26,1.1,50,389650
20240209,10:08:33,1.15,50,389650
20240209,10:08:39,1.1,50,389650
20240209,10:08:41,1.1,50,389650
20240209,10:08:42,1.1,50,389650
20240209,10:08:44,1.1,50,389650
20240209,10:08:45,1.1,50,389650
20240209,10:08:48,1.1,50,389650
20240209,10:08:49,1.1,50,389650
20240209,10:08:50,1.1,50,389650
20240209,10:08:51,1.1,50,389650
20240209,10:08:52,1.1,50,389650
20240209,10:08:53,1.1,50,389650
20240209,10:09:11,1.15,350,389650
20240209,10:09:14,1.1,250,389650
20240209,10:09:40,1.1,50,389650
20240209,10:09:41,1.1,50,389650
20240209,10:09:42,1.1,200,389650
20240209,10:09:43,1.1,600,389650
20240209,10:09:44,1.1,200,389650
20240209,10:09:45,1.1,250,389650
20240209,10:09:46,1.1,200,389650
20240209,10:09:47,1.1,200,389650
20240209,10:09:48,1.1,50,389650
20240209,10:09:49,1.1,3950,389650
20240209,10:09:50,1.1,150,389650
20240209,10:09:51,1.05,50,389650
20240209,10:09:52,1.1,400,389650
20240209,10:09:59,1.05,500,389650
20240209,10:10:00,1.05,250,389650
20240209,10:10:05,1.05,3000,389650
20240209,10:10:11,1.1,300,389650
20240209,10:11:45,1.05,1800,386300
20240209,10:12:00,1.05,500,386300
20240209,10:12:31,1.05,50,386300
20240209,10:14:37,1.1,50,386300
20240209,10:14:38,1.1,50,385550
20240209,10:14:48,1.05,50,385550
20240209,10:15:05,1.1,500,385550
20240209,10:15:39,1.05,250,385550
20240209,10:15:43,1.05,1800,385550
20240209,10:15:44,1.05,3600,385550
20240209,10:16:15,1.05,50,385550
20240209,10:16:55,1.05,2000,391100
20240209,10:17:05,1.05,250,391100
20240209,10:18:43,1.0,50,391100
20240209,10:18:44,1.0,500,391100
20240209,10:18:44,1.0,100,391100
20240209,10:18:58,1.0,100,391100
20240209,10:18:59,1.0,150,391100
20240209,10:19:01,1.0,100,391100
20240209,10:19:27,1.0,150,391100
20240209,10:19:50,1.05,250,391350
20240209,10:19:52,1.05,200,391350
20240209,10:20:04,1.0,250,391350
20240209,10:20:10,1.0,100,391350
20240209,10:20:11,1.0,50,391350
20240209,10:20:18,1.0,50,391350
20240209,10:20:19,1.0,200,391350
20240209,10:20:22,1.0,50,391350
20240209,10:20:23,1.0,100,391350
20240209,10:20:24,1.0,200,391350
20240209,10:20:25,1.0,150,391350
20240209,10:20:26,1.0,200,391350
20240209,10:20:27,1.0,200,391350
20240209,10:20:30,1.0,14400,391350
20240209,10:20:31,1.0,100,391350
20240209,10:20:32,1.0,50,391350
20240209,10:20:33,1.0,2000,391350
20240209,10:20:36,1.0,50,391350
20240209,10:20:37,1.0,50,391350
20240209,10:20:38,1.0,200,391350
20240209,10:20:39,1.0,200,391350
20240209,10:20:40,1.0,150,391350
20240209,10:20:45,1.0,850,391350
20240209,10:20:48,1.0,100,391350
20240209,10:20:49,1.0,50,391350
20240209,10:20:50,1.0,50,391350
20240209,10:20:51,1.0,150,391350
20240209,10:20:52,1.0,50,391350
20240209,10:20:53,1.0,150,391350
20240209,10:20:55,1.0,800,391350
20240209,10:21:01,1.0,300,391350
20240209,10:21:02,1.0,300,391350
20240209,10:21:05,1.0,100,391350
20240209,10:21:06,1.0,350,391350
20240209,10:21:08,1.0,750,391350
20240209,10:21:09,1.0,600,391350
20240209,10:21:10,1.0,350,391350
20240209,10:21:11,1.0,550,391350
20240209,10:21:12,1.0,300,391350
20240209,10:21:13,1.0,350,391350
20240209,10:21:14,1.0,250,391350
20240209,10:21:16,1.0,350,391350
20240209,10:21:17,1.0,200,391350
20240209,10:21:18,1.0,1350,391350
20240209,10:21:19,1.0,950,391350
20240209,10:21:20,1.0,350,391350
20240209,10:21:21,1.0,200,391350
20240209,10:21:23,1.0,50,391350
20240209,10:21:23,1.0,150,391350
20240209,10:21:24,1.0,400,391350
20240209,10:21:25,1.0,200,391350
20240209,10:21:26,1.0,100,391350
20240209,10:21:27,1.0,150,391350
20240209,10:21:28,1.0,500,391350
20240209,10:21:30,1.0,100,391350
20240209,10:21:31,1.0,2300,391350
20240209,10:21:34,1.0,450,391350
20240209,10:21:41,1.0,250,391350
20240209,10:21:42,1.0,50,391350
20240209,10:21:43,1.0,50,391350
20240209,10:21:48,1.0,50,391350
20240209,10:21:50,1.0,250,391350
20240209,10:21:52,1.0,100,391350
20240209,10:21:53,1.0,150,391350
20240209,10:21:56,1.0,700,391350
20240209,10:22:05,1.0,50,391350
20240209,10:22:05,1.0,100,391350
20240209,10:22:06,1.0,200,391350
20240209,10:22:13,1.0,50,391350
20240209,10:22:14,1.0,150,391350
20240209,10:22:15,1.0,250,391350
20240209,10:22:17,1.0,700,391350
20240209,10:22:17,1.0,1050,391350
20240209,10:22:18,1.0,300,391350
20240209,10:22:19,1.0,450,391350
20240209,10:22:20,1.0,100,391350
20240209,10:22:21,1.0,100,391350
20240209,10:22:25,1.0,150,391350
20240209,10:22:26,1.0,50,391350
20240209,10:22:27,1.0,200,393700
20240209,10:22:30,1.0,100,393700
20240209,10:22:31,1.0,700,393700
20240209,10:22:33,1.0,400,393700
20240209,10:22:34,1.0,250,393700
20240209,10:22:35,1.0,300,393700
20240209,10:22:36,1.0,200,393700
20240209,10:22:39,1.0,150,393700
20240209,10:22:42,1.0,800,393700
20240209,10:22:43,1.0,150,393700
20240209,10:22:45,1.0,150,393700
20240209,10:22:49,1.0,500,393700
20240209,10:22:49,1.0,50,393700
20240209,10:22:50,1.0,350,393700
20240209,10:22:55,1.0,100,393700
20240209,10:22:55,1.0,50,393700
20240209,10:22:56,1.0,200,393700
20240209,10:22:57,1.0,600,393700
20240209,10:22:58,1.0,50,393700
20240209,10:22:59,1.0,100,393700
20240209,10:23:01,1.0,100,393700
20240209,10:23:02,1.0,100,393700
20240209,10:23:03,1.0,50,393700
20240209,10:23:04,1.0,250,393700
20240209,10:23:14,1.0,350,393700
20240209,10:23:15,0.95,7950,393700
20240209,10:23:16,1.0,50,393700
20240209,10:23:21,1.0,250,393700
20240209,10:23:25,0.95,50,393700
20240209,10:24:23,1.0,1800,393700
20240209,10:24:30,1.0,1500,393700
20240209,10:24:33,1.0,400,393700
20240209,10:24:41,0.95,100,393700
20240209,10:25:14,1.0,1800,393700
20240209,10:25:17,1.0,1500,393700
20240209,10:25:19,1.0,1500,393700
20240209,10:25:24,0.95,1800,393700
20240209,10:26:22,0.95,50,397700
20240209,10:26:35,0.95,50,397700
20240209,10:26:36,0.95,100,397700
20240209,10:26:39,0.95,300,397700
20240209,10:26:41,0.95,100,397700
20240209,10:26:43,0.95,250,397700
20240209,10:26:44,0.95,100,397700
20240209,10:26:46,0.95,400,397700
20240209,10:26:58,0.95,150,397700
20240209,10:27:07,0.95,100,397700
20240209,10:27:10,0.95,50,397700
20240209,10:27:12,0.95,50,397700
20240209,10:27:16,0.95,150,397700
20240209,10:27:18,0.95,600,397700
20240209,10:27:19,0.95,1200,397700
20240209,10:27:20,1.0,50,397700
20240209,10:27:23,1.0,800,397700
20240209,10:27:33,1.0,100,397700
20240209,10:27:56,0.95,1800,397700
20240209,10:28:03,1.0,600,397700
20240209,10:28:04,1.0,200,397700
20240209,10:28:17,1.0,50,397700
20240209,10:29:07,1.0,50,396500
20240209,10:29:08,0.95,50,396500
20240209,10:29:08,1.0,1800,396500
20240209,10:29:09,1.0,8450,396500
20240209,10:29:11,1.0,100,396500
20240209,10:29:11,1.0,50,396500
20240209,10:29:17,1.0,100,396500
20240209,10:29:27,1.0,1000,396500
20240209,10:29:32,1.05,50,396500
20240209,10:29:47,1.05,50,396500
20240209,10:29:53,1.05,50,396500
20240209,10:30:09,1.0,50,396500
20240209,10:30:13,1.0,1800,396500
20240209,10:30:34,1.0,200,396500
20240209,10:30:50,1.05,50,396500
20240209,10:31:13,1.0,1800,396500
20240209,10:31:14,1.0,4850,396500
20240209,10:31:19,1.0,1500,396500
20240209,10:31:23,1.0,1500,396500
20240209,10:31:27,1.0,250,396500
20240209,10:31:29,1.0,1000,403400
20240209,10:31:40,1.0,100,403400
20240209,10:32:15,1.0,50,403400
20240209,10:32:51,0.95,1300,403400
20240209,10:33:27,1.0,500,403400
20240209,10:33:54,1.0,1800,403400
20240209,10:34:28,1.0,4800,403400
20240209,10:34:35,1.0,200,403250
20240209,10:34:37,1.0,50,403250
20240209,10:34:57,0.95,100,403250
20240209,10:35:43,1.0,500,403250
20240209,10:37:51,1.0,1800,403250
20240209,10:37:53,1.0,3600,403250
20240209,10:37:54,1.0,3600,403250
20240209,10:37:56,1.0,3850,403250
20240209,10:37:57,1.0,250,403250
20240209,10:37:57,1.0,1800,403250
20240209,10:38:11,1.0,50,403250
20240209,10:38:17,1.0,8600,403250
20240209,10:38:18,1.0,250,403250
20240209,10:38:19,1.0,500,403250
20240209,10:38:20,1.0,250,403250
20240209,10:38:50,1.0,1800,403250
20240209,10:38:51,1.0,1850,403250
20240209,10:38:53,1.0,100,403250
20240209,10:38:55,1.0,500,403250
20240209,10:38:59,1.0,50,403250
20240209,10:39:32,1.05,50,403250
20240209,10:39:40,1.0,50,403250
20240209,10:40:03,1.05,1800,403250
20240209,10:40:04,1.05,1800,403250
20240209,10:40:07,1.05,1800,403250
20240209,10:40:09,1.05,1800,403250
20240209,10:40:48,1.0,1000,405700
20240209,10:41:05,1.05,50,405700
20240209,10:41:06,1.05,50,405700
20240209,10:41:07,1.05,50,405700
20240209,10:41:14,1.05,50,405700
20240209,10:41:15,1.05,50,405700
20240209,10:41:16,1.05,50,405700
20240209,10:41:26,1.05,50,405700
20240209,10:41:30,1.05,50,405700
20240209,10:41:31,1.05,50,405700
20240209,10:41:32,1.05,50,405700
20240209,10:41:43,1.0,1000,405700
20240209,10:41:45,1.0,1000,405700
20240209,10:41:46,1.0,50,405700
20240209,10:41:47,1.0,750,405700
20240209,10:41:56,1.0,1000,405700
20240209,10:41:58,1.0,1000,405700
20240209,10:42:00,1.0,4400,405700
20240209,10:42:01,1.0,50,405700
20240209,10:42:02,1.0,1100,405700
20240209,10:42:03,1.05,50,405700
20240209,10:42:04,1.05,100,405700
20240209,10:42:05,1.05,1050,405700
20240209,10:42:06,1.05,100,405700
20240209,10:42:07,1.05,50,405700
20240209,10:42:08,1.05,50,405700
20240209,10:42:09,1.05,50,405700
20240209,10:42:10,1.05,50,405700
20240209,10:42:11,1.05,50,405700
20240209,10:42:21,1.0,1900,405700
20240209,10:42:30,1.0,50,405700
20240209,10:42:37,0.95,200,405700
20240209,10:42:55,1.0,50,405700
20240209,10:43:14,1.0,50,405700
20240209,10:43:16,0.95,1000,405700
20240209,10:43:19,0.95,1000,405700
20240209,10:43:23,0.95,1000,405700
20240209,10:43:31,0.95,1000,404700
20240209,10:43:37,1.0,50,404700
20240209,10:43:55,1.0,1800,404700
20240209,10:45:32,1.0,50,404700
20240209,10:45:34,1.0,250,404700
20240209,10:45:40,0.95,50,404700
20240209,10:45:41,0.95,50,404700
20240209,10:45:42,0.95,50,404700
20240209,10:45:49,0.95,50,404700
20240209,10:45:50,0.95,50,404700
20240209,10:45:59,0.95,50,404700
20240209,10:46:00,0.95,50,404700
20240209,10:46:01,0.95,50,404700
20240209,10:46:03,0.95,50,404700
20240209,10:46:06,0.95,50,404700
20240209,10:46:11,0.95,50,404700
20240209,10:46:24,1.0,50,404700
20240209,10:46:27,0.95,50,404700
20240209,10:46:28,0.95,200,404700
20240209,10:46:29,0.95,200,404700
20240209,10:47:32,1.0,50,404700
20240209,10:47:38,1.0,100,405300
20240209,10:47:39,1.0,50,405300
20240209,10:47:40,1.0,50,405300
20240209,10:47:41,1.0,50,405300
20240209,10:47:42,1.0,50,405300
20240209,10:47:43,1.0,50,405300
20240209,10:47:44,1.0,100,405300
20240209,10:47:45,1.0,9600,405300
20240209,10:47:46,1.0,1100,405300
20240209,10:47:47,1.0,600,405300
20240209,10:47:48,1.05,150,405300
20240209,10:47:49,1.05,150,405300
20240209,10:47:50,1.05,50,405300
20240209,10:47:51,1.05,50,405300
20240209,10:47:52,1.05,50,405300
20240209,10:47:53,1.0,150,405300
20240209,10:47:54,1.05,50,405300
20240209,10:47:55,1.05,150,405300
20240209,10:47:56,1.05,150,405300
20240209,10:47:57,1.05,150,405300
20240209,10:48:00,1.05,50,405300
20240209,10:48:01,1.05,50,405300
20240209,10:48:02,1.05,50,405300
20240209,10:48:03,1.05,50,405300
20240209,10:48:04,1.05,50,405300
20240209,10:48:05,1.05,50,405300
20240209,10:48:06,1.05,250,405300
20240209,10:48:07,1.05,150,405300
20240209,10:48:08,1.05,150,405300
20240209,10:48:09,1.05,50,405300
20240209,10:48:10,1.05,50,405300
20240209,10:48:11,1.05,150,405300
20240209,10:48:12,1.05,150,405300
20240209,10:48:13,1.05,50,405300
20240209,10:48:15,1.05,50,405300
20240209,10:48:19,1.05,1800,405300
20240209,10:48:20,1.05,50,405300
20240209,10:48:21,1.05,50,405300
20240209,10:48:22,1.05,50,405300
20240209,10:48:23,1.05,50,405300
20240209,10:48:24,1.05,50,405300
20240209,10:48:27,1.05,50,405300
20240209,10:48:28,1.05,50,405300
20240209,10:48:32,1.05,50,405300
20240209,10:48:33,1.05,50,405300
20240209,10:48:34,1.05,50,405300
20240209,10:48:35,1.05,50,405300
20240209,10:48:36,1.05,50,405300
20240209,10:48:37,1.05,50,405300
20240209,10:48:38,1.05,50,405300
20240209,10:48:39,1.05,50,405300
20240209,10:48:40,1.05,50,405300
20240209,10:48:41,1.05,50,405300
20240209,10:48:42,1.05,50,405300
20240209,10:48:43,1.05,50,405300
20240209,10:48:44,1.05,50,405300
20240209,10:48:46,1.05,4250,405300
20240209,10:48:48,1.05,50,405300
20240209,10:48:48,1.05,900,405300
20240209,10:48:49,1.05,3700,405300
20240209,10:48:50,1.1,50,405300
20240209,10:48:51,1.1,50,405300
20240209,10:48:52,1.1,50,405300
20240209,10:48:53,1.1,1650,405300
20240209,10:48:54,1.1,150,405300
20240209,10:48:57,1.1,50,405300
20240209,10:48:58,1.1,50,405300
20240209,10:48:59,1.1,50,405300
20240209,10:49:00,1.1,50,405300
20240209,10:49:01,1.05,150,405300
20240209,10:49:02,1.1,50,405300
20240209,10:49:03,1.1,50,405300
20240209,10:49:04,1.1,50,405300
20240209,10:49:05,1.1,50,405300
20240209,10:49:06,1.1,50,405300
20240209,10:49:07,1.1,50,405300
20240209,10:49:08,1.1,50,405300
20240209,10:49:10,1.1,250,405300
20240209,10:49:11,1.1,150,405300
20240209,10:49:12,1.1,150,405300
20240209,10:49:13,1.1,150,405300
20240209,10:49:14,1.1,150,405300
20240209,10:49:15,1.1,50,405300
20240209,10:49:16,1.1,50,405300
20240209,10:49:17,1.1,50,405300
20240209,10:49:18,1.1,50,405300
20240209,10:49:19,1.1,50,405300
20240209,10:49:20,1.1,50,405300
20240209,10:49:21,1.05,1650,405300
20240209,10:49:22,1.1,150,405300
20240209,10:49:23,1.1,50,405300
20240209,10:49:24,1.1,50,405300
20240209,10:49:25,1.1,50,405300
20240209,10:49:26,1.1,50,405300
20240209,10:49:27,1.1,50,405300
20240209,10:49:28,1.1,50,405300
20240209,10:49:29,1.1,50,405300
20240209,10:49:30,1.1,50,405300
20240209,10:49:31,1.1,50,404250
20240209,10:49:32,1.1,50,404250
20240209,10:49:33,1.1,50,404250
20240209,10:49:34,1.1,50,404250
20240209,10:49:35,1.1,50,404250
20240209,10:49:36,1.1,1850,404250
20240209,10:49:37,1.1,50,404250
20240209,10:49:38,1.1,50,404250
20240209,10:49:39,1.1,50,404250
20240209,10:49:40,1.1,50,404250
20240209,10:49:41,1.1,50,404250
20240209,10:49:42,1.1,150,404250
20240209,10:49:43,1.1,150,404250
20240209,10:49:44,1.1,150,404250
20240209,10:49:50,1.1,50,404250
20240209,10:50:06,1.1,50,404250
20240209,10:50:06,1.1,1800,404250
20240209,10:50:07,1.1,50,404250
20240209,10:50:08,1.1,50,404250
20240209,10:50:10,1.1,100,404250
20240209,10:50:11,1.1,50,404250
20240209,10:50:12,1.1,50,404250
20240209,10:50:13,1.1,50,404250
20240209,10:50:14,1.1,50,404250
20240209,10:50:15,1.1,50,404250
20240209,10:50:16,1.1,50,404250
20240209,10:50:17,1.1,50,404250
20240209,10:50:18,1.1,50,404250
20240209,10:50:19,1.1,50,404250
20240209,10:50:20,1.1,50,404250
20240209,10:50:21,1.1,50,404250
20240209,10:50:22,1.1,50,404250
20240209,10:50:23,1.1,50,404250
20240209,10:50:24,1.1,50,404250
20240209,10:50:24,1.05,500,404250
20240209,10:50:26,1.1,100,404250
20240209,10:50:27,1.1,50,404250
20240209,10:50:28,1.1,50,404250
20240209,10:50:29,1.1,50,404250
20240209,10:50:30,1.1,50,404250
20240209,10:50:31,1.1,50,404250
20240209,10:50:36,1.05,650,404250
20240209,10:51:39,1.05,50,404250
20240209,10:51:41,1.05,100,404250
20240209,10:51:47,1.05,100,404250
20240209,10:51:53,1.1,1800,404250
20240209,10:51:54,1.1,1800,404250
20240209,10:52:02,1.05,50,404250
20240209,10:52:03,1.05,50,404250
20240209,10:52:04,1.05,50,404250
20240209,10:52:06,1.05,100,404250
20240209,10:52:10,1.05,50,404250
20240209,10:52:11,1.05,50,404250
20240209,10:52:12,1.05,50,404250
20240209,10:52:13,1.05,50,404250
20240209,10:52:14,1.05,200,404250
20240209,10:52:15,1.05,200,404250
20240209,10:52:16,1.05,200,404250
20240209,10:52:17,1.05,200,404250
20240209,10:52:18,1.05,200,404250
20240209,10:52:19,1.05,200,404250
20240209,10:52:20,1.05,200,404250
20240209,10:52:21,1.05,200,404250
20240209,10:52:23,1.05,50,404250
20240209,10:52:24,1.05,50,404250
20240209,10:52:25,1.05,50,404250
20240209,10:52:26,1.05,50,404250
20240209,10:52:27,1.05,50,404250
20240209,10:52:28,1.05,50,404250
20240209,10:52:29,1.05,50,404250
20240209,10:52:30,1.05,50,404250
20240209,10:52:31,1.05,250,404250
20240209,10:52:32,1.05,200,400750
20240209,10:52:33,1.05,50,400750
20240209,10:52:34,1.05,650,400750
20240209,10:52:35,1.05,50,400750
20240209,10:52:36,1.05,50,400750
20240209,10:52:37,1.05,50,400750
20240209,10:52:38,1.05,200,400750
20240209,10:52:39,1.05,200,400750
20240209,10:52:40,1.05,50,400750
20240209,10:52:41,1.05,50,400750
20240209,10:52:44,1.05,50,400750
20240209,10:52:45,1.05,50,400750
