date,time,tick_price,volume,open_interest
20240215,14:24:38,1.7,1,2600
20240215,14:24:38,1.75,1250,2600
20240215,14:24:49,1.8,1200,2600
20240215,14:24:49,1.55,1200,2600
20240215,14:24:59,1.6,400,2600
20240215,14:25:10,1.6,150,2600
20240215,14:25:20,1.6,500,2600
20240215,14:26:19,1.75,150,2600
20240215,14:28:10,1.8,500,2600
20240215,14:32:52,2.0,150,3250
20240215,14:33:00,1.65,1200,3250
20240215,14:34:30,1.6,50,4250
20240215,14:34:37,1.6,100,4250
20240215,14:35:29,1.7,50,4250
20240215,14:35:36,1.65,300,4250
20240215,14:35:50,1.7,200,4250
20240215,14:35:57,1.7,300,4250
20240215,14:50:36,1.8,100,4650
20240215,14:52:05,1.65,200,4650
20240215,14:52:15,1.7,50,4650
20240215,14:52:35,1.65,150,4350
20240215,14:57:29,1.65,50,4200
20240215,14:58:09,1.65,100,4200
20240215,14:59:43,1.8,400,4050
20240215,15:00:32,1.8,150,4050
20240215,15:00:39,1.75,100,4050
20240215,15:01:46,1.8,200,3950
20240215,15:01:52,1.85,100,3950
20240215,15:02:26,1.7,50,3950
20240215,15:03:01,1.8,50,3950
20240215,15:03:09,1.7,250,3950
20240215,15:03:16,1.7,300,3950
20240215,15:03:24,1.6,450,3950
20240215,15:03:40,1.6,50,3950
20240215,15:04:07,1.6,150,3950
20240215,15:07:35,1.6,100,3000
20240215,15:15:50,1.7,550,3000
20240215,15:18:01,1.7,900,3050
20240215,15:18:08,1.7,50,3050
20240215,15:18:55,1.6,50,3050
20240215,15:19:22,1.7,200,3050
20240215,15:20:02,1.75,450,3200
20240215,15:21:25,1.6,100,3200
20240215,15:21:38,1.8,350,3200
20240215,15:21:52,1.8,100,3200
20240215,15:22:28,1.65,350,3200
20240215,15:22:35,1.6,300,3650
20240215,15:25:13,1.75,50,3650
20240215,15:25:21,1.6,100,3650
20240215,15:25:38,1.6,150,3250
20240215,15:25:54,1.6,100,3250
20240215,15:26:08,1.55,200,3250
20240215,15:26:23,1.55,150,3250
20240215,15:27:42,1.7,850,3250
20240215,15:28:05,1.6,200,3250
20240215,15:29:08,1.7,250,2700
20240216,09:15:01,1.7,1,2700
20240216,09:15:01,1.7,300,2700
20240216,09:15:05,1.7,200,2700
20240216,09:15:06,1.7,50,2700
20240216,09:15:09,1.6,50,2700
20240216,09:15:16,1.55,2900,2700
20240216,09:15:40,1.45,150,6000
20240216,09:15:45,1.45,50,6000
20240216,09:16:08,1.55,1950,6000
20240216,09:16:10,1.5,250,6000
20240216,09:16:15,1.5,1250,6000
20240216,09:16:30,1.5,100,6000
20240216,09:16:33,1.5,50,6000
20240216,09:16:50,1.5,100,6000
20240216,09:17:01,1.45,350,6000
20240216,09:17:08,1.45,400,6000
20240216,09:17:23,1.05,1200,6000
20240216,09:17:36,1.05,200,6000
20240216,09:18:12,1.55,1500,6000
20240216,09:18:20,1.5,1800,6000
20240216,09:18:20,1.5,200,6000
20240216,09:19:08,1.45,100,8250
20240216,09:20:09,1.45,50,8250
20240216,09:21:04,1.45,100,8250
20240216,09:22:21,1.45,500,8300
20240216,09:22:33,1.45,50,8300
20240216,09:22:56,1.45,50,8300
20240216,09:23:01,1.5,100,8300
20240216,09:23:03,1.45,250,8300
20240216,09:23:07,1.45,50,8300
20240216,09:25:54,1.45,50,8300
20240216,09:26:31,1.4,50,9100
20240216,09:26:32,1.4,400,9100
20240216,09:26:52,1.45,50,9100
20240216,09:27:13,1.4,50,9100
20240216,09:27:18,1.4,100,9100
20240216,09:27:20,1.4,600,9100
20240216,09:28:34,1.4,150,9100
20240216,09:29:21,1.4,100,9750
20240216,09:30:29,1.5,50,9750
20240216,09:31:57,1.5,50,9850
20240216,09:32:45,1.5,500,9850
20240216,09:32:50,1.5,100,9850
20240216,09:32:53,1.45,50,9850
20240216,09:32:54,1.45,50,9850
20240216,09:32:55,1.45,50,9850
20240216,09:32:56,1.45,50,9850
20240216,09:32:57,1.45,100,9850
20240216,09:33:11,1.45,50,9850
20240216,09:33:12,1.45,250,9850
20240216,09:33:18,1.4,550,9850
20240216,09:34:22,1.45,50,9850
20240216,09:34:22,1.45,50,10800
20240216,09:34:38,1.45,1500,10800
20240216,09:35:58,1.45,100,10800
20240216,09:36:00,1.45,50,10800
20240216,09:36:02,1.45,50,10800
20240216,09:36:08,1.4,2550,10800
20240216,09:37:00,1.4,1350,10800
20240216,09:37:02,1.4,50,12550
20240216,09:37:03,1.4,100,12550
20240216,09:37:09,1.4,200,12550
20240216,09:37:11,1.4,50,12550
20240216,09:37:41,1.35,1950,12550
20240216,09:37:50,1.35,200,12550
20240216,09:37:51,1.35,50,12550
20240216,09:37:53,1.35,50,12550
20240216,09:37:58,1.35,50,12550
20240216,09:38:56,1.3,500,12550
20240216,09:39:08,1.3,50,12550
20240216,09:39:27,1.3,450,12550
20240216,09:40:42,1.3,1500,12550
20240216,09:40:55,1.3,150,14100
20240216,09:41:34,1.35,50,14100
20240216,09:41:42,1.25,500,14100
20240216,09:42:44,1.35,200,15650
20240216,09:42:45,1.35,50,15650
20240216,09:43:10,1.3,250,15650
20240216,09:43:11,1.3,50,15650
20240216,09:43:12,1.25,5800,15650
20240216,09:43:13,1.2,2050,15650
20240216,09:47:32,1.25,600,15650
20240216,09:47:42,1.25,50,21350
20240216,09:47:57,1.2,100,21350
20240216,09:47:58,1.1,3450,21350
20240216,09:47:59,1.15,50,21350
20240216,09:48:06,1.15,2400,21350
20240216,09:48:19,1.1,300,21350
20240216,09:48:23,1.15,1800,21350
20240216,09:48:27,1.2,1350,21350
20240216,09:48:28,1.2,450,21350
20240216,09:48:42,1.2,50,21350
20240216,09:49:47,1.15,50,22850
20240216,09:52:40,1.2,1800,22400
20240216,09:52:41,1.2,800,22400
20240216,09:52:42,1.2,550,22400
20240216,09:52:43,1.2,300,22400
20240216,09:52:44,1.2,50,22400
20240216,09:52:45,1.2,50,22400
20240216,09:52:50,1.2,50,22400
20240216,09:53:06,1.2,50,22400
20240216,09:54:46,1.25,250,22450
20240216,09:54:47,1.25,100,22450
20240216,09:54:49,1.25,50,22450
20240216,09:54:51,1.25,50,22450
20240216,09:55:12,1.25,50,22450
20240216,09:55:19,1.25,700,22450
20240216,09:55:45,1.3,150,22450
20240216,09:56:08,1.25,50,22450
20240216,09:56:12,1.25,50,22450
20240216,09:57:07,1.3,300,22450
20240216,09:57:15,1.3,250,22450
20240216,09:57:16,1.3,50,22450
20240216,09:57:17,1.3,50,22450
20240216,09:57:27,1.3,50,22450
20240216,09:57:56,1.3,100,23400
20240216,09:58:23,1.35,700,23400
20240216,09:58:44,1.3,50,23400
20240216,09:59:05,1.3,50,23400
20240216,09:59:29,1.35,600,23400
20240216,09:59:51,1.35,200,23400
20240216,10:00:23,1.35,50,23400
20240216,10:02:48,1.3,50,23400
20240216,10:02:49,1.3,200,23650
20240216,10:04:58,1.35,50,23650
20240216,10:05:49,1.35,50,23650
20240216,10:05:52,1.35,50,23650
20240216,10:05:54,1.3,550,23650
20240216,10:05:54,1.3,500,23650
20240216,10:05:58,1.25,600,23650
20240216,10:06:43,1.3,50,23600
20240216,10:06:47,1.3,50,23600
20240216,10:06:51,1.3,50,23600
20240216,10:06:55,1.3,50,23600
20240216,10:07:41,1.3,1350,23600
20240216,10:07:42,1.3,50,23600
20240216,10:07:44,1.3,50,23600
20240216,10:07:47,1.3,250,23600
20240216,10:07:51,1.35,350,23600
20240216,10:08:24,1.25,300,23600
20240216,10:08:43,1.35,250,23600
20240216,10:08:59,1.35,450,23600
20240216,10:09:29,1.4,500,23600
20240216,10:09:32,1.35,50,23600
20240216,10:09:50,1.35,250,23950
20240216,10:10:09,1.4,1800,23950
20240216,10:10:34,1.4,150,23950
20240216,10:13:14,1.4,750,23800
20240216,10:13:15,1.4,350,23800
20240216,10:13:18,1.35,1050,23800
20240216,10:15:48,1.4,50,23800
20240216,10:16:15,1.4,50,23850
20240216,10:18:15,1.35,200,23850
20240216,10:18:33,1.4,1000,23850
20240216,10:18:34,1.4,3850,25250
20240216,10:18:35,1.45,2400,25250
20240216,10:19:34,1.4,50,25250
20240216,10:19:35,1.45,150,25250
20240216,10:20:09,1.4,500,25250
20240216,10:20:10,1.35,1500,25250
20240216,10:20:11,1.4,250,25250
20240216,10:20:12,1.4,250,25250
20240216,10:20:16,1.35,50,25250
20240216,10:20:17,1.35,200,25250
20240216,10:20:18,1.35,400,25250
20240216,10:20:20,1.35,350,25250
20240216,10:20:23,1.4,100,25250
20240216,10:20:59,1.4,50,25250
20240216,10:21:04,1.35,50,25250
20240216,10:21:35,1.4,200,25250
20240216,10:22:51,1.35,50,26050
20240216,10:24:22,1.4,100,26050
20240216,10:24:41,1.4,50,26050
20240216,10:25:30,1.3,550,25850
20240216,10:27:23,1.35,700,25850
20240216,10:28:30,1.4,50,25850
20240216,10:28:39,1.4,50,25700
20240216,10:28:55,1.4,500,25700
20240216,10:29:26,1.35,50,25700
20240216,10:30:05,1.4,500,25700
20240216,10:30:26,1.4,50,25700
20240216,10:30:31,1.4,150,25700
20240216,10:30:33,1.45,50,25700
20240216,10:32:51,1.4,50,25700
20240216,10:33:42,1.4,50,25600
20240216,10:33:52,1.4,50,25600
20240216,10:33:55,1.4,50,25600
20240216,10:34:24,1.35,50,25600
20240216,10:38:07,1.4,100,25550
20240216,10:38:30,1.35,100,25550
20240216,10:39:16,1.35,250,25550
20240216,10:42:04,1.35,50,25550
20240216,10:45:02,1.4,500,25200
20240216,10:47:15,1.4,250,25200
20240216,10:48:09,1.4,50,25200
20240216,10:48:21,1.4,50,25200
20240216,10:49:00,1.4,50,25200
20240216,10:49:01,1.4,50,25200
20240216,10:50:53,1.4,450,25200
20240216,10:50:59,1.3,5500,25200
20240216,10:51:08,1.35,50,25200
20240216,10:52:29,1.4,50,24950
20240216,10:52:50,1.35,50,24950
20240216,10:55:54,1.35,150,24950
20240216,10:56:46,1.4,2600,24950
20240216,10:58:00,1.35,1800,24950
20240216,10:58:02,1.35,150,24800
20240216,10:58:29,1.35,50,24800
20240216,10:59:48,1.35,50,24800
20240216,11:00:05,1.4,500,24800
20240216,11:00:49,1.35,400,26600
20240216,11:01:09,1.35,1050,26600
20240216,11:01:14,1.35,50,26600
20240216,11:01:38,1.35,200,26600
20240216,11:01:43,1.3,100,26600
20240216,11:02:54,1.35,5200,26600
20240216,11:02:54,1.4,150,26600
20240216,11:02:56,1.35,50,26600
20240216,11:02:57,1.35,200,26600
20240216,11:03:02,1.35,200,26600
20240216,11:04:15,1.3,100,26600
20240216,11:08:26,1.35,250,27950
20240216,11:13:01,1.3,50,27700
20240216,11:13:05,1.3,1900,27700
20240216,11:15:31,1.3,200,27700
20240216,11:15:32,1.25,1850,27700
20240216,11:15:34,1.3,50,27700
20240216,11:15:36,1.3,50,27700
20240216,11:15:37,1.3,50,27700
20240216,11:15:38,1.3,50,27700
20240216,11:15:40,1.3,50,27700
20240216,11:15:53,1.3,50,27700
20240216,11:16:53,1.3,50,30700
20240216,11:17:04,1.3,50,30700
20240216,11:17:32,1.3,50,30700
20240216,11:21:02,1.3,50,30700
20240216,11:21:02,1.3,250,30500
20240216,11:21:23,1.25,50,30500
20240216,11:23:48,1.25,150,30200
20240216,11:30:51,1.3,2850,30150
20240216,11:31:01,1.3,1300,30150
20240216,11:31:41,1.35,50,30150
20240216,11:32:03,1.25,50,30150
20240216,11:34:33,1.3,50,31400
20240216,11:34:51,1.3,300,31400
20240216,11:35:00,1.3,150,31400
20240216,11:35:05,1.25,800,31400
20240216,11:35:24,1.3,1150,31400
20240216,11:35:25,1.25,1800,31400
20240216,11:35:26,1.25,5800,31400
20240216,11:35:28,1.3,6700,31400
20240216,11:36:00,1.25,50,31400
20240216,11:36:02,1.25,50,31400
20240216,11:36:15,1.3,450,31400
20240216,11:36:16,1.3,950,31400
20240216,11:36:36,1.25,2000,31400
20240216,11:36:38,1.25,1750,31400
20240216,11:37:40,1.25,200,31400
20240216,11:38:24,1.3,300,42500
20240216,11:39:14,1.25,1800,42500
20240216,11:40:04,1.25,2350,45200
20240216,11:40:05,1.2,1800,45200
20240216,11:42:16,1.3,50,45200
20240216,11:44:57,1.3,150,45200
20240216,11:45:26,1.3,50,48700
20240216,11:45:46,1.3,50,48700
20240216,11:46:51,1.25,50,48700
20240216,11:46:59,1.25,50,48700
20240216,11:47:03,1.25,250,48700
20240216,11:47:19,1.25,1000,48700
20240216,11:47:24,1.25,150,48700
20240216,11:47:39,1.25,100,48700
20240216,11:48:37,1.3,50,48700
20240216,11:50:54,1.25,50,48800
20240216,11:51:12,1.3,50,48800
20240216,11:53:09,1.3,50,48750
20240216,11:53:15,1.3,600,48750
20240216,11:55:52,1.3,50,48700
20240216,11:55:53,1.25,50,48700
20240216,11:56:23,1.2,50,48700
20240216,11:56:33,1.25,50,48700
20240216,11:57:58,1.25,50,48700
20240216,12:00:13,1.3,50,48600
20240216,12:00:32,1.25,150,48600
20240216,12:00:33,1.25,100,48600
20240216,12:02:36,1.25,1700,48850
20240216,12:03:18,1.25,250,48850
20240216,12:04:58,1.25,400,48850
20240216,12:06:12,1.25,50,49100
20240216,12:07:28,1.2,50,49100
20240216,12:07:40,1.25,50,49100
20240216,12:08:12,1.25,650,49100
20240216,12:08:13,1.2,50,49100
20240216,12:08:14,1.2,50,49100
20240216,12:08:15,1.2,100,49100
20240216,12:08:16,1.2,50,49100
20240216,12:08:17,1.2,50,49100
20240216,12:09:22,1.2,50,49100
20240216,12:09:59,1.2,50,49050
20240216,12:10:02,1.2,50,49050
20240216,12:10:24,1.25,100,49050
20240216,12:11:20,1.2,50,49050
20240216,12:11:26,1.2,50,49050
20240216,12:13:16,1.2,400,49050
20240216,12:13:17,1.2,400,49100
20240216,12:14:55,1.25,500,49100
20240216,12:17:08,1.2,150,49100
20240216,12:17:08,1.2,250,49050
20240216,12:17:29,1.2,850,49050
20240216,12:17:43,1.2,500,49050
20240216,12:18:48,1.25,50,49050
20240216,12:19:10,1.2,1800,49050
20240216,12:19:16,1.25,50,49050
20240216,12:20:01,1.25,500,49050
20240216,12:21:12,1.2,900,49050
20240216,12:21:13,1.25,100,49050
20240216,12:22:31,1.2,3450,50800
20240216,12:22:56,1.15,4200,50800
20240216,12:22:57,1.25,550,50800
20240216,12:23:00,1.2,1350,50800
20240216,12:23:12,1.15,200,50800
20240216,12:23:15,1.2,50,50800
20240216,12:23:20,1.15,500,50800
20240216,12:23:22,1.15,50,50800
20240216,12:23:46,1.2,300,50800
20240216,12:24:19,1.2,100,50800
20240216,12:24:47,1.15,500,50800
20240216,12:24:52,1.15,50,50800
20240216,12:24:57,1.15,100,53850
20240216,12:25:29,1.15,100,53850
20240216,12:25:37,1.15,850,53850
20240216,12:25:49,1.2,1550,53850
20240216,12:25:50,1.15,150,53850
20240216,12:26:15,1.2,50,53850
20240216,12:27:27,1.2,1200,53850
20240216,12:27:46,1.15,50,53850
20240216,12:27:51,1.2,50,53850
20240216,12:28:11,1.2,50,53850
20240216,12:28:14,1.2,50,53900
20240216,12:28:22,1.2,1700,53900
20240216,12:28:32,1.2,1000,53900
20240216,12:28:42,1.2,2250,53900
20240216,12:28:43,1.2,100,53900
20240216,12:30:13,1.2,2300,53900
20240216,12:30:17,1.2,950,53900
20240216,12:30:22,1.15,500,53900
20240216,12:30:23,1.15,350,53900
20240216,12:30:26,1.15,100,53900
20240216,12:30:31,1.15,1850,53900
20240216,12:31:16,1.2,100,53900
20240216,12:31:37,1.15,250,53750
20240216,12:31:42,1.15,450,53750
20240216,12:31:43,1.15,550,53750
20240216,12:32:13,1.15,300,53750
20240216,12:32:15,1.1,3600,53750
20240216,12:32:46,1.15,50,53750
20240216,12:32:48,1.15,800,53750
20240216,12:32:51,1.1,50,53750
20240216,12:32:55,1.15,100,53750
20240216,12:33:01,1.1,1800,53750
20240216,12:33:13,1.15,100,53750
20240216,12:33:17,1.15,400,53750
20240216,12:33:21,1.1,50,53750
20240216,12:33:51,1.15,150,53750
20240216,12:37:19,1.15,50,59500
20240216,12:37:28,1.15,50,59500
20240216,12:37:41,1.1,1800,59500
20240216,12:38:41,1.15,250,59500
20240216,12:38:52,1.1,50,59500
20240216,12:39:56,1.1,400,61350
20240216,12:40:04,1.1,250,61350
20240216,12:40:27,1.1,100,61350
20240216,12:41:12,1.15,100,61350
20240216,12:41:25,1.15,2050,61350
20240216,12:41:31,1.15,1000,61350
20240216,12:41:36,1.15,50,61350
20240216,12:41:38,1.2,50,61350
20240216,12:41:42,1.15,1800,61350
20240216,12:41:54,1.2,2100,61350
20240216,12:42:31,1.15,450,61350
20240216,12:44:15,1.2,50,61200
20240216,12:45:25,1.2,1800,61200
20240216,12:46:11,1.2,500,61200
20240216,12:47:05,1.15,50,61200
20240216,12:47:26,1.2,50,61200
20240216,12:48:54,1.2,1800,61200
20240216,12:48:59,1.2,1550,61200
20240216,12:50:34,1.2,250,61200
20240216,12:50:50,1.2,50,61200
20240216,12:50:52,1.2,50,61200
20240216,12:50:59,1.2,50,61200
20240216,12:51:17,1.2,50,61200
20240216,12:51:27,1.2,50,61200
20240216,12:51:55,1.2,50,61200
20240216,12:52:00,1.25,50,61200
20240216,12:52:08,1.2,50,61500
20240216,12:52:12,1.25,50,61500
20240216,12:52:27,1.2,3300,61500
20240216,12:52:35,1.2,1800,61500
20240216,12:52:36,1.2,1800,61500
20240216,12:53:09,1.2,1800,61500
20240216,12:53:10,1.2,750,61500
20240216,12:53:14,1.25,50,61500
20240216,12:54:04,1.2,50,61500
20240216,12:55:48,1.25,250,61450
20240216,12:58:38,1.25,50,61450
20240216,12:59:07,1.25,500,61450
20240216,13:00:34,1.25,50,61450
20240216,13:00:43,1.2,250,61450
20240216,13:01:53,1.2,100,61700
20240216,13:01:54,1.2,300,61700
20240216,13:01:56,1.2,1000,61700
20240216,13:01:57,1.2,3000,61700
20240216,13:02:40,1.25,1000,61700
20240216,13:03:00,1.25,1800,61700
20240216,13:05:43,1.2,50,61700
20240216,13:10:59,1.2,1800,61650
20240216,13:11:00,1.2,1850,61650
20240216,13:11:10,1.2,250,61650
20240216,13:12:45,1.15,50,61650
20240216,13:15:00,1.2,100,61650
20240216,13:15:01,1.2,150,61650
20240216,13:17:05,1.2,50,61650
20240216,13:21:55,1.15,550,61650
20240216,13:22:11,1.15,1800,61650
20240216,13:22:19,1.15,1750,61650
20240216,13:22:32,1.15,50,61650
20240216,13:22:57,1.15,500,61650
20240216,13:26:32,1.1,1900,61650
20240216,13:26:51,1.1,1600,61350
20240216,13:28:01,1.05,1450,61350
20240216,13:28:24,1.1,300,61400
20240216,13:28:24,1.1,50,61400
20240216,13:29:39,1.05,3600,61400
20240216,13:30:08,1.1,250,61400
20240216,13:30:09,1.05,1800,61400
20240216,13:30:40,1.05,200,61400
20240216,13:30:42,1.05,1800,61400
20240216,13:30:50,1.1,50,61400
20240216,13:31:15,1.05,1800,63000
20240216,13:31:16,1.05,2650,63000
20240216,13:31:46,1.1,50,63000
20240216,13:32:08,1.05,2550,63000
20240216,13:32:10,1.05,750,63000
20240216,13:32:12,1.05,100,63000
20240216,13:32:14,1.05,250,63000
20240216,13:32:25,1.05,50,63000
20240216,13:32:46,1.0,50,63000
20240216,13:33:03,1.0,50,63000
20240216,13:33:06,1.05,100,63000
20240216,13:33:21,1.05,900,63000
20240216,13:35:07,1.05,900,68700
20240216,13:35:08,1.05,350,68700
20240216,13:35:18,1.05,1800,68700
20240216,13:35:19,1.05,1000,68700
20240216,13:35:20,1.05,1600,68700
20240216,13:35:20,1.05,100,68700
20240216,13:35:22,1.05,50,68700
20240216,13:35:25,1.05,50,68700
20240216,13:36:12,1.1,50,68700
20240216,13:36:22,1.05,200,68700
20240216,13:37:22,1.05,300,68550
20240216,13:37:29,1.05,900,68550
20240216,13:38:10,1.05,450,68550
20240216,13:38:11,1.05,500,68550
20240216,13:38:21,1.05,100,68550
20240216,13:38:22,1.05,50,68550
20240216,13:39:25,1.05,100,68550
20240216,13:39:36,1.05,50,68550
20240216,13:39:37,1.05,50,68550
20240216,13:39:49,1.05,3350,68550
20240216,13:40:31,1.1,50,68550
20240216,13:41:13,1.05,50,68550
20240216,13:41:25,1.1,900,68550
20240216,13:41:37,1.1,1500,68550
20240216,13:42:22,1.1,950,68550
20240216,13:42:23,1.1,600,68550
20240216,13:45:02,1.1,1000,68550
20240216,13:46:32,1.15,250,69400
20240216,13:47:10,1.1,1000,69400
20240216,13:47:35,1.1,50,69400
20240216,13:48:23,1.15,3850,69400
20240216,13:48:49,1.15,200,69400
20240216,13:48:58,1.1,50,69400
20240216,13:49:16,1.1,50,69300
20240216,13:50:50,1.1,50,69300
20240216,13:51:04,1.1,50,69300
20240216,13:51:38,1.1,50,69300
20240216,13:51:39,1.1,50,69300
20240216,13:53:26,1.1,50,69300
20240216,13:53:43,1.1,50,69300
20240216,13:53:44,1.1,50,69300
20240216,13:54:41,1.15,50,69300
20240216,13:57:10,1.1,50,69300
20240216,13:57:35,1.15,500,69300
20240216,13:58:04,1.1,50,69300
20240216,14:00:04,1.1,3300,69300
20240216,14:00:05,1.1,3850,69300
20240216,14:00:06,1.05,3600,69300
20240216,14:00:38,1.05,500,69300
20240216,14:00:39,1.05,50,69300
20240216,14:00:59,1.05,50,69300
20240216,14:01:00,1.05,50,69300
20240216,14:01:31,1.05,50,69300
20240216,14:01:46,1.05,50,78300
20240216,14:05:04,1.05,1450,78300
20240216,14:06:07,1.05,250,78300
20240216,14:09:17,1.05,350,78300
20240216,14:09:59,1.1,200,78300
20240216,14:10:24,1.05,50,78300
20240216,14:10:25,1.05,50,78100
20240216,14:10:40,1.1,50,78100
20240216,14:14:10,1.1,1700,78100
20240216,14:14:20,1.1,200,78100
20240216,14:14:34,1.1,100,78100
20240216,14:14:47,1.1,50,78100
20240216,14:15:02,1.1,250,78100
20240216,14:15:06,1.1,50,78100
20240216,14:22:27,1.05,50,77900
20240216,14:24:12,1.1,50,77900
20240216,14:26:04,1.05,900,77900
20240216,14:26:10,1.05,650,77900
20240216,14:26:11,1.05,250,77900
20240216,14:27:35,1.05,850,77900
20240216,14:30:37,1.05,100,77900
20240216,14:30:53,1.1,400,77200
20240216,14:30:54,1.1,700,77200
20240216,14:30:54,1.1,1550,77200
20240216,14:30:56,1.1,1350,77200
20240216,14:32:30,1.1,50,77200
20240216,14:32:37,1.1,50,77200
20240216,14:41:14,1.05,50,77200
20240216,14:42:31,1.1,250,77200
20240216,14:42:38,1.1,250,77200
20240216,14:45:36,1.05,250,77200
20240216,14:45:39,1.1,250,76850
20240216,14:48:34,1.05,850,76850
20240216,14:49:48,1.05,100,76850
20240216,14:50:17,1.1,100,76850
20240216,14:51:06,1.0,50,76850
20240216,14:52:55,1.05,50,76850
20240216,14:53:08,1.05,50,76850
20240216,14:53:50,1.05,5000,76850
20240216,14:54:14,1.05,100,76850
20240216,14:57:01,1.05,50,76850
20240216,14:58:02,1.05,250,71850
20240216,14:58:06,1.05,50,71850
20240216,14:58:07,1.05,50,71850
20240216,14:58:48,1.05,50,71850
20240216,14:59:11,1.0,50,71850
20240216,14:59:12,1.05,50,71850
20240216,14:59:35,1.0,500,71850
20240216,14:59:40,1.0,500,71850
20240216,14:59:41,1.05,50,71850
20240216,14:59:50,1.0,500,71850
20240216,15:00:02,1.0,600,71850
20240216,15:00:03,1.0,150,71850
20240216,15:00:23,1.0,50,71850
20240216,15:00:31,1.05,50,71850
20240216,15:00:43,1.05,50,71850
20240216,15:01:03,1.05,1000,71850
20240216,15:01:33,1.0,50,71850
20240216,15:01:49,1.05,50,71850
20240216,15:03:13,1.05,1800,71850
20240216,15:05:29,1.05,50,71850
20240216,15:05:36,1.05,500,71800
20240216,15:06:09,1.0,50,71800
20240216,15:06:46,1.05,50,71800
20240216,15:09:36,1.05,50,71800
20240216,15:10:27,1.05,50,71800
20240216,15:10:37,1.05,450,71750
20240216,15:11:35,1.0,500,71750
20240216,15:11:49,1.0,450,71750
20240216,15:12:52,1.0,50,71750
20240216,15:13:08,1.0,50,71750
20240216,15:14:07,1.05,250,71450
20240216,15:14:33,1.0,50,71450
20240216,15:14:46,1.0,500,71450
20240216,15:14:50,1.0,50,71450
20240216,15:15:01,1.0,250,71450
20240216,15:15:16,1.0,50,71450
20240216,15:15:18,1.0,250,71450
20240216,15:15:19,1.0,500,71450
20240216,15:15:32,1.0,100,71450
20240216,15:15:36,1.0,50,71450
20240216,15:15:52,1.0,900,71450
20240216,15:15:53,1.0,900,71450
20240216,15:15:54,1.0,900,71450
20240216,15:15:55,1.0,900,71450
20240216,15:15:57,1.0,250,71450
20240216,15:16:02,1.0,250,71450
20240216,15:16:05,1.0,450,71450
20240216,15:16:08,1.0,250,71450
20240216,15:16:13,0.95,100,71450
20240216,15:16:45,0.95,1350,71650
20240216,15:16:46,0.95,100,71650
20240216,15:16:48,1.0,600,71650
20240216,15:17:09,1.0,100,71650
20240216,15:17:31,1.0,100,71650
20240216,15:17:57,1.0,100,71650
20240216,15:19:08,1.0,50,71650
20240216,15:19:42,1.0,100,71650
20240216,15:20:37,0.9,1450,71650
20240216,15:20:46,0.9,500,71650
20240216,15:20:47,0.95,50,71650
20240216,15:20:51,0.95,50,71650
20240216,15:20:53,0.9,50,71650
20240216,15:20:55,0.9,50,71650
20240216,15:21:05,0.95,50,71650
20240216,15:21:23,0.9,50,71650
20240216,15:21:54,0.9,50,71650
20240216,15:22:27,0.95,50,71650
20240216,15:22:30,0.95,250,71550
20240216,15:22:31,0.95,50,71550
20240216,15:22:54,0.95,1600,71550
20240216,15:22:54,0.95,5300,71550
20240216,15:23:24,1.0,500,71550
20240216,15:23:26,0.95,950,71550
20240216,15:23:39,0.95,200,71550
20240216,15:23:43,1.0,300,71550
20240216,15:24:19,1.0,300,71550
20240216,15:24:33,0.95,50,71550
20240216,15:24:34,1.0,50,71550
20240216,15:24:57,1.0,250,71550
20240216,15:24:57,1.0,50,71550
20240216,15:25:00,0.95,100,71550
20240216,15:25:02,0.95,100,71550
20240216,15:25:04,1.0,500,71550
20240216,15:25:07,1.0,1100,71550
20240216,15:25:12,1.0,200,71550
20240216,15:25:14,0.95,100,71550
20240216,15:25:16,0.95,50,71550
20240216,15:25:22,0.95,50,71350
20240216,15:25:38,0.95,50,71350
20240216,15:25:41,1.0,500,71350
20240216,15:25:42,0.95,100,71350
20240216,15:25:45,0.95,500,71350
20240216,15:25:45,1.0,350,71350
20240216,15:25:47,1.0,100,71350
20240216,15:26:22,1.05,100,71350
20240216,15:26:34,1.0,500,71350
20240216,15:26:41,1.0,250,71350
20240216,15:26:47,1.05,2000,71350
20240216,15:26:49,1.1,500,71350
20240216,15:27:00,1.1,1500,71350
20240216,15:27:09,1.05,500,71350
20240216,15:27:10,1.1,1150,71350
20240216,15:27:11,1.1,50,71350
20240216,15:27:12,1.1,50,71350
20240216,15:27:18,1.1,800,71350
20240216,15:27:22,1.15,1250,71350
20240216,15:27:31,1.1,250,71350
20240216,15:27:32,1.1,150,71350
20240216,15:27:33,1.1,350,71350
20240216,15:27:40,1.1,400,71350
20240216,15:27:41,1.1,150,71350
20240216,15:27:45,1.15,500,71350
20240216,15:27:46,1.1,400,71350
20240216,15:27:54,1.1,100,71350
20240216,15:27:56,1.15,1200,71350
20240216,15:27:57,1.2,700,71350
20240216,15:28:00,1.1,200,71350
20240216,15:28:13,1.1,550,71350
20240216,15:28:15,1.1,250,71350
20240216,15:28:18,1.2,900,71350
20240216,15:28:19,1.2,500,71350
20240216,15:28:21,1.15,100,71050
20240216,15:28:22,1.1,350,71050
20240216,15:28:30,1.1,750,71050
20240216,15:28:36,1.15,100,71050
20240216,15:28:39,1.15,500,71050
20240216,15:28:46,1.2,500,71050
20240216,15:28:49,1.2,400,71050
20240216,15:28:50,1.1,350,71050
20240216,15:28:53,1.1,500,71050
20240216,15:28:57,1.1,250,71050
20240216,15:29:12,1.1,300,71050
20240216,15:29:20,1.05,100,71050
20240216,15:29:30,1.05,400,71050
20240216,15:29:46,1.05,450,71050
20240216,15:29:50,1.05,200,71050
20240216,15:29:54,1.1,50,71050
20240216,15:29:57,1.05,200,71050
20240219,09:15:02,1.1,1,71050
20240219,09:15:02,1.05,100,71050
20240219,09:15:03,1.1,550,71050
20240219,09:15:06,1.15,2550,71050
20240219,09:15:07,1.15,600,71050
20240219,09:15:08,1.05,550,71050
20240219,09:15:18,1.15,50,71050
20240219,09:15:25,1.05,150,71050
20240219,09:15:29,0.9,50,71050
20240219,09:15:35,0.9,300,71100
20240219,09:17:05,1.0,100,71100
20240219,09:17:09,0.95,1800,71100
20240219,09:17:11,1.0,1000,71100
20240219,09:17:13,0.95,1000,71100
20240219,09:17:16,0.9,1000,71100
20240219,09:17:23,1.0,100,71100
20240219,09:17:34,0.95,250,71100
20240219,09:17:41,1.0,100,71100
20240219,09:17:51,0.95,750,71100
20240219,09:18:14,0.95,50,71100
20240219,09:19:08,0.95,250,71100
20240219,09:19:21,0.95,450,71050
20240219,09:20:27,0.95,400,71050
20240219,09:21:02,0.95,50,71050
20240219,09:21:14,1.0,50,71050
20240219,09:21:17,1.0,50,71050
20240219,09:21:41,1.0,50,71250
20240219,09:22:00,0.95,100,71250
20240219,09:22:31,1.0,50,71250
20240219,09:22:48,1.0,50,71250
20240219,09:23:14,1.0,150,71250
20240219,09:23:41,0.95,50,71250
20240219,09:24:52,1.0,50,71250
20240219,09:25:26,1.0,2150,71300
20240219,09:25:54,1.0,1300,71300
20240219,09:26:41,1.0,50,71300
20240219,09:26:42,1.05,50,71300
20240219,09:26:44,1.0,950,71300
20240219,09:26:50,1.0,50,71300
20240219,09:26:55,1.0,50,71300
20240219,09:26:58,1.05,100,71300
20240219,09:26:59,1.05,50,71300
20240219,09:27:00,1.05,900,71300
20240219,09:27:16,1.05,50,71300
20240219,09:27:29,1.05,100,71300
20240219,09:27:36,1.0,50,71900
20240219,09:27:38,1.05,50,71900
20240219,09:27:43,1.0,900,71900
20240219,09:27:49,1.0,600,71900
20240219,09:27:51,1.0,250,71900
20240219,09:29:27,1.05,250,71900
20240219,09:29:30,1.05,250,71900
20240219,09:29:32,1.0,100,71900
20240219,09:29:34,1.0,500,71900
20240219,09:29:48,1.0,600,71900
20240219,09:30:09,1.0,250,71900
20240219,09:30:15,1.0,1900,71900
20240219,09:30:16,1.05,50,71900
20240219,09:30:19,1.0,250,71900
20240219,09:30:51,1.0,400,71900
20240219,09:30:52,0.95,50,73900
20240219,09:30:54,1.0,1000,73900
20240219,09:30:55,1.0,1150,73900
20240219,09:30:57,1.0,2150,73900
20240219,09:30:58,1.0,2250,73900
20240219,09:30:59,1.0,50,73900
20240219,09:31:07,1.0,850,73900
20240219,09:31:41,1.05,50,73900
20240219,09:31:55,1.05,50,73900
20240219,09:32:15,0.95,50,73900
20240219,09:32:39,0.95,100,73900
20240219,09:32:46,0.95,50,73900
20240219,09:33:43,1.0,50,73900
20240219,09:34:06,1.0,150,76800
20240219,09:34:13,1.0,100,76800
20240219,09:34:17,0.95,150,76800
20240219,09:34:32,0.95,250,76800
20240219,09:34:58,1.0,100,76800
20240219,09:35:20,0.95,200,76800
20240219,09:35:43,1.0,50,76800
20240219,09:35:44,0.95,50,76800
20240219,09:35:48,0.95,350,76800
20240219,09:36:20,0.95,500,76800
20240219,09:36:22,0.95,250,76800
20240219,09:37:33,0.95,400,76800
20240219,09:37:34,0.95,300,76800
20240219,09:37:34,0.9,1800,76800
20240219,09:37:36,0.95,600,76800
20240219,09:37:36,0.95,4200,76800
20240219,09:37:41,0.95,1450,76800
20240219,09:37:48,1.0,100,76800
20240219,09:38:03,1.0,50,76800
20240219,09:38:16,0.95,50,76800
20240219,09:38:18,0.95,150,76800
20240219,09:38:55,1.0,900,76800
20240219,09:39:00,1.0,100,76800
20240219,09:39:45,1.0,50,79450
20240219,09:40:12,0.95,1800,79450
20240219,09:40:13,0.95,200,79450
20240219,09:40:24,0.95,50,79450
20240219,09:41:05,0.9,1250,79450
20240219,09:41:06,0.85,3650,79450
20240219,09:41:07,0.9,50,79450
20240219,09:41:08,0.9,50,79450
20240219,09:41:10,0.9,50,79450
20240219,09:41:18,0.9,50,79450
20240219,09:41:39,0.9,250,79450
20240219,09:42:05,0.9,50,79450
20240219,09:42:53,0.85,150,79450
20240219,09:43:19,0.85,50,83850
20240219,09:43:41,0.85,50,83850
20240219,09:43:47,0.85,100,83850
20240219,09:43:48,0.85,50,83850
20240219,09:44:06,0.85,50,83850
20240219,09:44:07,0.9,250,83850
20240219,09:44:19,0.9,900,83850
20240219,09:44:24,0.9,900,83850
20240219,09:44:24,0.9,650,83850
20240219,09:44:39,0.85,50,83850
20240219,09:44:56,0.9,50,83850
20240219,09:44:57,0.85,50,83850
20240219,09:45:17,0.85,600,83850
20240219,09:46:00,0.85,250,83850
20240219,09:46:08,0.85,1150,83400
20240219,09:46:53,0.85,500,83400
20240219,09:48:00,0.8,50,83400
20240219,09:48:12,0.8,450,83400
20240219,09:48:16,0.8,50,83400
20240219,09:50:54,0.8,50,83400
20240219,09:51:05,0.8,1800,83850
20240219,09:52:07,0.8,1800,85700
20240219,09:52:09,0.8,1800,85700
20240219,09:52:21,0.8,50,85700
20240219,09:53:17,0.85,50,85700
20240219,09:53:31,0.8,50,85700
20240219,09:56:49,0.8,1800,85700
20240219,09:57:23,0.85,50,89300
20240219,09:58:48,0.85,50,91100
20240219,09:59:03,0.8,50,91100
20240219,10:00:01,0.85,100,91100
20240219,10:00:20,0.8,100,91100
20240219,10:03:14,0.8,250,91100
20240219,10:04:19,0.85,1000,91100
20240219,10:04:30,0.85,250,91100
20240219,10:04:43,0.85,650,91100
20240219,10:04:48,0.85,1400,91100
20240219,10:08:45,0.85,100,91100
20240219,10:09:24,0.85,250,91300
20240219,10:10:16,0.85,50,91300
20240219,10:11:00,0.85,50,91300
20240219,10:14:01,0.9,50,91300
20240219,10:16:04,0.85,100,91400
20240219,10:16:44,0.85,50,91400
20240219,10:18:06,0.9,50,91400
20240219,10:19:42,0.85,50,91400
20240219,10:21:12,0.9,1800,91400
20240219,10:21:30,0.9,1800,91400
20240219,10:24:05,0.9,700,89000
20240219,10:24:06,0.85,500,89000
20240219,10:24:16,0.85,50,89000
20240219,10:25:15,0.9,1000,89000
20240219,10:25:19,0.9,250,89000
20240219,10:25:20,0.9,200,89000
20240219,10:26:50,0.9,900,89000
20240219,10:29:44,0.9,150,89000
20240219,10:30:32,0.95,50,88650
20240219,10:31:51,0.95,50,88650
20240219,10:33:34,0.95,50,88650
20240219,10:34:19,0.95,50,88550
20240219,10:35:02,0.9,50,88550
20240219,10:35:03,0.9,100,88550
20240219,10:35:05,0.9,100,88550
20240219,10:36:03,0.9,100,88550
20240219,10:36:27,0.9,50,88550
20240219,10:36:36,0.9,50,88550
20240219,10:38:07,0.9,50,88700
20240219,10:38:15,0.9,100,88700
20240219,10:39:14,0.95,100,88700
20240219,10:41:08,0.9,50,88700
20240219,10:41:34,0.95,500,88800
20240219,10:41:49,0.9,50,88800
20240219,10:42:37,0.9,50,88800
20240219,10:43:13,0.9,50,88900
20240219,10:46:32,0.95,50,88950
20240219,10:47:14,0.95,50,88950
20240219,10:48:21,0.95,200,88950
20240219,10:49:08,0.9,100,88950
20240219,10:49:16,0.95,100,88950
20240219,10:49:17,0.9,50,88950
20240219,10:52:06,0.9,500,88950
20240219,10:53:32,0.9,50,88950
20240219,10:53:57,0.95,250,88950
20240219,10:54:04,0.9,50,88950
20240219,10:54:14,0.95,50,88950
20240219,10:54:36,0.9,250,88950
20240219,10:54:48,0.85,150,89000
20240219,10:54:56,0.9,150,89000
20240219,10:55:40,0.9,150,89000
20240219,10:55:50,0.9,200,89000
20240219,10:57:05,0.95,250,89000
20240219,10:57:06,0.95,450,89000
20240219,10:58:21,0.95,1800,88650
20240219,10:58:22,0.95,1800,88650
20240219,10:58:24,0.95,1800,88650
20240219,10:58:26,0.95,1800,88650
20240219,10:58:48,0.95,250,88650
20240219,10:58:57,0.95,1800,88650
20240219,10:59:42,0.95,1650,88650
20240219,10:59:45,0.95,500,88650
20240219,10:59:46,0.95,550,88650
20240219,11:00:06,1.0,50,88650
20240219,11:00:29,1.0,250,88650
20240219,11:01:21,1.0,100,89700
20240219,11:01:22,1.0,50,89700
20240219,11:01:33,1.0,50,89700
20240219,11:01:34,1.0,100,89700
20240219,11:01:35,1.0,200,89700
20240219,11:01:36,0.95,4850,89700
20240219,11:02:17,1.0,200,89700
20240219,11:05:52,1.0,50,89700
20240219,11:06:17,1.0,50,88650
20240219,11:07:01,0.95,500,88650
20240219,11:07:08,0.95,500,88650
20240219,11:07:25,1.0,100,88650
20240219,11:07:49,1.0,50,88650
20240219,11:08:15,0.95,250,88650
20240219,11:08:29,0.95,50,88650
20240219,11:08:32,0.95,50,88650
20240219,11:09:00,0.95,100,88650
20240219,11:09:11,0.95,200,88650
20240219,11:10:16,0.95,50,88550
20240219,11:11:20,0.9,50,88550
20240219,11:13:41,0.95,700,88550
20240219,11:14:13,0.95,50,88550
20240219,11:14:32,0.9,50,88550
20240219,11:15:10,0.95,50,88550
20240219,11:15:11,0.95,50,88550
20240219,11:15:12,0.95,50,88550
20240219,11:15:16,0.95,50,88550
20240219,11:15:18,1.0,2550,88550
20240219,11:15:19,1.05,4150,88550
20240219,11:15:21,1.0,250,88550
20240219,11:15:23,1.0,750,88550
20240219,11:15:32,1.0,100,88550
20240219,11:15:32,1.0,50,88550
20240219,11:15:41,1.0,250,88550
20240219,11:15:50,1.0,100,88550
20240219,11:15:51,1.0,300,88550
20240219,11:16:01,1.0,50,88550
20240219,11:16:04,1.0,50,88550
20240219,11:16:23,1.0,50,88550
20240219,11:16:29,1.0,50,88550
20240219,11:16:29,1.0,250,88550
20240219,11:16:33,1.0,50,88550
20240219,11:16:42,1.05,1300,88550
20240219,11:16:43,1.05,1800,88550
20240219,11:16:46,1.0,3750,88550
20240219,11:17:03,1.1,1800,88550
20240219,11:17:14,1.1,250,88550
20240219,11:17:15,1.1,2300,88550
20240219,11:18:06,1.0,500,88550
20240219,11:18:07,1.05,50,88550
20240219,11:18:28,1.0,350,88550
20240219,11:18:51,1.05,250,84500
20240219,11:18:52,1.1,6450,84500
20240219,11:18:53,1.05,450,84500
20240219,11:19:05,1.05,50,84500
20240219,11:19:10,1.05,50,84500
20240219,11:19:11,1.05,50,84500
20240219,11:19:19,1.05,500,84500
20240219,11:19:23,1.05,500,84500
20240219,11:19:33,1.1,250,84500
20240219,11:19:37,1.1,250,84500
20240219,11:20:45,1.1,50,84500
20240219,11:20:56,1.05,50,84500
20240219,11:21:10,1.1,250,84500
20240219,11:21:13,1.1,250,84500
20240219,11:21:14,1.1,650,84500
20240219,11:21:20,1.05,50,84500
20240219,11:22:10,1.05,250,84500
20240219,11:22:23,1.05,400,84850
20240219,11:22:24,1.1,50,84850
20240219,11:22:26,1.05,250,84850
20240219,11:22:40,1.0,3250,84850
20240219,11:23:00,1.05,50,84850
20240219,11:23:37,1.05,50,84850
20240219,11:25:27,1.05,50,84850
20240219,11:25:29,1.05,50,85500
20240219,11:25:33,1.05,100,85500
20240219,11:25:59,1.05,50,85500
20240219,11:26:09,1.05,100,85500
20240219,11:26:21,1.0,1800,85500
20240219,11:26:23,1.0,2150,85500
20240219,11:26:24,1.05,50,85500
20240219,11:26:25,1.0,1800,85500
20240219,11:26:27,1.0,1150,85500
20240219,11:26:38,1.0,250,85500
20240219,11:26:41,1.0,50,85500
20240219,11:26:59,1.0,350,85500
20240219,11:27:04,1.0,50,85500
20240219,11:27:16,1.0,250,85500
20240219,11:27:25,1.0,1700,85500
20240219,11:28:51,1.0,300,85500
20240219,11:29:25,0.95,50,83550
20240219,11:29:56,0.95,50,83550
20240219,11:30:38,1.0,100,83550
20240219,11:30:52,1.0,50,83550
20240219,11:31:22,0.95,50,83550
20240219,11:32:23,0.95,1800,83550
20240219,11:32:26,0.95,750,83550
20240219,11:33:38,0.95,50,83550
20240219,11:33:52,1.0,250,82100
20240219,11:33:59,1.0,250,82100
20240219,11:34:00,1.0,500,82100
20240219,11:34:03,1.0,600,82100
20240219,11:35:29,1.0,250,82100
20240219,11:36:38,0.95,150,82100
20240219,11:38:30,0.95,150,81600
20240219,11:38:50,0.95,50,81600
20240219,11:43:57,0.95,50,81600
20240219,11:44:51,0.95,300,81400
20240219,11:50:54,1.0,250,81400
20240219,11:53:49,1.0,1800,80950
20240219,11:53:57,1.0,1700,80950
20240219,11:54:11,1.0,250,80950
20240219,11:55:55,1.0,150,81050
20240219,11:56:21,0.95,50,81050
20240219,11:58:50,0.95,1500,81050
20240219,12:00:16,1.0,100,80900
20240219,12:00:27,1.0,1150,80900
20240219,12:00:31,1.0,400,80900
20240219,12:00:33,1.0,400,80900
20240219,12:00:35,1.0,50,80900
20240219,12:01:08,1.0,50,80900
20240219,12:01:29,1.0,50,80950
20240219,12:01:58,1.0,50,80950
20240219,12:02:14,1.05,200,80950
20240219,12:02:38,1.0,100,80950
20240219,12:02:53,1.0,200,80950
20240219,12:07:33,1.05,250,81200
20240219,12:09:53,1.0,50,81200
20240219,12:10:26,1.0,1250,81350
20240219,12:10:57,1.0,50,81350
20240219,12:12:08,1.05,50,81350
20240219,12:15:10,1.0,50,81350
20240219,12:15:32,1.05,3200,81350
20240219,12:15:52,1.1,50,81350
20240219,12:16:55,1.05,50,81350
20240219,12:17:40,1.05,900,81450
20240219,12:18:33,1.05,50,81450
20240219,12:19:22,1.1,250,81400
20240219,12:19:48,1.1,50,81400
20240219,12:20:00,1.1,1000,81400
20240219,12:20:10,1.05,50,81400
20240219,12:20:39,1.05,250,81400
20240219,12:21:25,1.05,50,81400
20240219,12:22:04,1.1,50,81400
20240219,12:24:38,1.1,50,81400
20240219,12:25:45,1.05,150,81400
20240219,12:27:10,1.05,150,81400
20240219,12:28:32,1.05,400,81400
20240219,12:29:29,1.05,50,81550
20240219,12:30:54,1.1,200,81550
20240219,12:34:17,1.05,50,81950
20240219,12:36:47,1.05,1400,81950
20240219,12:42:02,1.1,500,81850
20240219,12:46:24,1.1,350,81850
20240219,12:47:25,1.1,1850,81850
20240219,12:47:32,1.1,50,81850
20240219,12:49:14,1.05,50,81950
20240219,12:51:09,1.1,650,81950
20240219,12:55:07,1.1,450,81950
20240219,12:56:59,1.1,50,81950
20240219,12:57:25,1.1,500,81950
20240219,12:57:43,1.1,50,81950
20240219,12:58:09,1.05,50,81950
20240219,12:58:49,1.05,600,82000
20240219,12:59:42,1.1,200,82000
20240219,13:03:04,1.1,50,81800
20240219,13:03:28,1.1,50,81800
20240219,13:03:34,1.1,50,81800
20240219,13:03:43,1.1,50,81800
20240219,13:04:16,1.1,50,81650
20240219,13:07:54,1.1,100,81650
20240219,13:08:46,1.1,50,81600
20240219,13:09:10,1.1,50,81600
20240219,13:11:29,1.1,250,81700
20240219,13:11:36,1.1,350,81700
20240219,13:12:04,1.1,500,81700
20240219,13:12:06,1.05,500,81700
20240219,13:14:08,1.05,1750,81950
20240219,13:14:12,1.05,100,81950
20240219,13:14:27,1.1,250,81950
20240219,13:15:05,1.1,400,81950
20240219,13:15:32,1.1,200,81950
20240219,13:15:33,1.1,50,81950
20240219,13:15:34,1.1,50,81950
20240219,13:16:51,1.05,150,81950
20240219,13:18:49,1.05,50,81400
20240219,13:19:24,1.05,800,81400
20240219,13:22:33,1.1,50,81400
20240219,13:23:31,1.05,250,81400
20240219,13:23:42,1.05,250,81400
20240219,13:27:31,1.1,50,81400
20240219,13:27:54,1.1,600,81300
20240219,13:29:11,1.05,50,81300
20240219,13:31:24,1.05,50,81300
20240219,13:38:20,1.1,50,81300
20240219,13:38:55,1.05,900,81300
20240219,13:38:59,1.0,1800,81300
20240219,13:40:25,1.05,700,81300
20240219,13:41:31,1.1,2200,81300
20240219,13:41:50,1.1,350,81300
20240219,13:41:59,1.1,250,81300
20240219,13:42:05,1.05,100,81300
20240219,13:42:26,1.05,1000,81300
20240219,13:42:39,1.05,50,81300
20240219,13:42:48,1.1,700,81300
20240219,13:43:10,1.05,600,82000
20240219,13:43:34,1.1,50,82000
20240219,13:43:50,1.05,100,82000
20240219,13:45:46,1.1,50,82000
20240219,13:46:49,1.1,250,82000
20240219,13:47:39,1.1,100,82000
20240219,13:47:52,1.05,850,82000
20240219,13:48:38,1.0,50,82000
20240219,13:49:18,1.0,400,82000
20240219,13:51:04,1.05,50,82100
20240219,13:52:31,1.05,500,82100
20240219,13:52:42,1.1,700,82100
20240219,13:52:53,1.1,1600,82100
20240219,13:53:35,1.05,100,82100
20240219,13:54:58,1.1,50,82100
20240219,13:56:36,1.1,50,82100
20240219,13:56:51,1.05,50,82700
20240219,13:57:58,1.1,1400,82700
20240219,13:57:59,1.1,100,82700
20240219,13:58:04,1.1,50,82700
20240219,13:58:11,1.1,400,82700
20240219,14:00:57,1.1,50,82850
20240219,14:01:16,1.15,200,82850
20240219,14:02:07,1.15,100,82850
20240219,14:02:27,1.15,50,82850
20240219,14:03:33,1.1,50,82850
20240219,14:03:37,1.15,250,82850
20240219,14:04:07,1.15,650,82850
20240219,14:05:08,1.1,50,82850
20240219,14:07:07,1.15,300,82850
20240219,14:07:08,1.15,200,82850
20240219,14:07:37,1.15,450,82850
20240219,14:07:49,1.15,100,82850
20240219,14:07:58,1.15,250,82850
20240219,14:08:37,1.2,250,82850
20240219,14:08:50,1.2,100,82850
20240219,14:08:52,1.2,200,82850
20240219,14:09:07,1.2,300,82850
20240219,14:09:37,1.2,500,82850
20240219,14:10:34,1.2,50,82850
20240219,14:11:05,1.2,200,83050
20240219,14:11:09,1.2,50,83050
20240219,14:11:10,1.2,250,83050
20240219,14:11:26,1.2,1000,83050
20240219,14:11:36,1.2,50,83050
20240219,14:11:45,1.2,100,83050
20240219,14:11:46,1.2,50,83050
20240219,14:12:02,1.2,500,83050
20240219,14:12:07,1.2,50,83050
20240219,14:12:28,1.25,50,83050
20240219,14:13:07,1.25,50,83050
20240219,14:13:08,1.2,250,83050
20240219,14:13:09,1.25,500,83050
20240219,14:13:10,1.2,250,83050
20240219,14:13:13,1.25,250,83050
20240219,14:13:24,1.2,250,83050
20240219,14:13:29,1.25,500,83350
20240219,14:14:02,1.2,250,83350
20240219,14:14:07,1.25,2000,83350
20240219,14:14:32,1.25,800,83350
20240219,14:15:05,1.25,500,83350
20240219,14:15:37,1.25,700,83350
20240219,14:16:16,1.25,500,84600
20240219,14:16:22,1.25,50,84600
20240219,14:16:24,1.25,1000,84600
20240219,14:16:37,1.3,1250,84600
20240219,14:16:50,1.25,750,84600
20240219,14:18:07,1.3,150,84600
20240219,14:19:15,1.2,500,83750
20240219,14:19:37,1.3,650,83750
20240219,14:20:41,1.3,350,83750
20240219,14:20:44,1.3,250,83750
20240219,14:21:13,1.3,500,83750
20240219,14:22:27,1.25,500,83750
20240219,14:22:37,1.3,750,84450
20240219,14:23:03,1.2,1000,84450
20240219,14:23:17,1.3,250,84450
20240219,14:24:51,1.3,500,84450
20240219,14:24:59,1.3,500,84450
20240219,14:25:23,1.3,250,84450
20240219,14:25:25,1.3,50,84650
20240219,14:25:36,1.3,850,84650
20240219,14:25:50,1.3,500,84650
20240219,14:26:34,1.3,1750,84650
20240219,14:26:37,1.35,50,84650
20240219,14:27:07,1.35,250,84650
20240219,14:27:33,1.35,500,84650
20240219,14:28:21,1.35,900,84850
20240219,14:28:22,1.25,1450,84850
20240219,14:28:23,1.3,250,84850
20240219,14:28:38,1.3,200,84850
20240219,14:29:20,1.25,1050,84850
20240219,14:29:32,1.25,1000,84850
20240219,14:30:05,1.25,350,84850
20240219,14:30:21,1.25,100,84850
20240219,14:31:15,1.25,250,84850
20240219,14:31:57,1.3,500,84850
20240219,14:32:04,1.3,500,84150
20240219,14:33:10,1.3,250,84150
20240219,14:33:41,1.25,600,84150
20240219,14:34:32,1.3,500,84050
20240219,14:34:37,1.3,100,84050
20240219,14:35:04,1.3,700,84050
20240219,14:35:06,1.3,50,84050
20240219,14:35:10,1.3,500,84050
20240219,14:35:37,1.3,250,84050
20240219,14:36:01,1.3,400,84050
20240219,14:36:03,1.25,400,84050
20240219,14:36:08,1.25,1100,84050
20240219,14:36:17,1.25,1000,84050
20240219,14:36:18,1.25,100,84050
20240219,14:36:19,1.3,250,84050
20240219,14:36:31,1.3,1000,84050
20240219,14:38:06,1.25,50,84050
20240219,14:38:08,1.3,100,83750
20240219,14:39:43,1.3,50,83750
20240219,14:40:23,1.25,50,83800
20240219,14:40:32,1.25,50,83800
20240219,14:41:18,1.25,1000,83800
20240219,14:41:25,1.3,500,83800
20240219,14:41:34,1.25,550,83800
20240219,14:42:01,1.25,200,83800
20240219,14:42:07,1.3,50,83800
20240219,14:44:30,1.2,50,83800
20240219,14:45:36,1.25,100,84100
20240219,14:46:38,1.2,50,84100
20240219,14:47:27,1.2,1000,84100
20240219,14:48:23,1.25,50,84100
20240219,14:48:40,1.2,50,84100
20240219,14:48:48,1.2,50,84100
20240219,14:48:50,1.2,250,84100
20240219,14:48:57,1.25,50,84100
20240219,14:49:12,1.2,100,84100
20240219,14:49:14,1.2,50,84100
20240219,14:49:37,1.2,50,84200
20240219,14:49:38,1.25,200,84200
20240219,14:49:39,1.25,200,84200
20240219,14:49:40,1.25,250,84200
20240219,14:49:41,1.2,500,84200
20240219,14:50:22,1.2,250,84200
20240219,14:50:30,1.2,200,84200
20240219,14:50:57,1.2,50,84200
20240219,14:50:57,1.2,500,84200
20240219,14:51:32,1.25,1150,84200
20240219,14:52:16,1.25,50,84200
20240219,14:52:25,1.25,1000,84850
20240219,14:52:26,1.25,1500,84850
20240219,14:53:15,1.2,750,84850
20240219,14:53:16,1.2,450,84850
20240219,14:54:14,1.25,50,84850
20240219,14:54:15,1.25,150,84850
20240219,14:54:17,1.25,50,84850
20240219,14:54:21,1.2,500,84850
20240219,14:55:35,1.25,50,84850
20240219,14:56:14,1.2,850,86400
20240219,14:56:55,1.2,250,86400
20240219,14:57:11,1.2,250,86400
20240219,14:57:20,1.2,250,86400
20240219,14:57:24,1.2,50,86400
20240219,14:57:28,1.2,50,86400
20240219,14:57:52,1.15,500,86400
20240219,14:58:00,1.15,50,86400
20240219,14:58:28,1.15,50,87850
20240219,14:58:44,1.15,1150,87850
20240219,14:59:58,1.2,50,87850
20240219,15:00:13,1.2,650,87850
20240219,15:01:03,1.2,350,87850
20240219,15:01:19,1.15,3150,87850
20240219,15:01:20,1.15,100,87850
20240219,15:02:01,1.15,50,88900
20240219,15:02:13,1.2,250,88900
20240219,15:02:28,1.2,500,88900
20240219,15:02:29,1.25,500,88900
20240219,15:02:41,1.25,300,88900
20240219,15:02:47,1.15,1200,88900
20240219,15:03:01,1.1,1800,88900
20240219,15:03:02,1.1,1800,88900
20240219,15:03:04,1.2,200,88900
20240219,15:03:47,1.05,1500,88900
20240219,15:03:52,1.15,300,88900
20240219,15:04:14,1.15,200,88900
20240219,15:04:17,1.1,1000,88900
20240219,15:04:40,1.1,2000,88100
20240219,15:06:28,1.15,300,88100
20240219,15:06:32,1.05,1950,88100
20240219,15:07:46,1.1,50,89650
20240219,15:07:50,1.1,500,89650
20240219,15:08:00,1.0,100,89650
20240219,15:08:11,1.1,300,89650
20240219,15:08:57,1.1,1000,89650
20240219,15:09:04,1.05,2200,89650
20240219,15:09:11,1.1,150,89650
20240219,15:09:13,1.1,200,89650
20240219,15:09:43,1.1,1500,89650
20240219,15:09:45,1.1,50,89650
20240219,15:11:03,1.1,50,90200
20240219,15:11:20,1.0,50,90200
20240219,15:12:04,1.0,250,90200
20240219,15:12:32,1.1,50,90200
20240219,15:12:43,1.1,500,90200
20240219,15:13:09,1.1,500,90200
20240219,15:13:23,1.1,500,90200
20240219,15:13:25,1.0,50,90200
20240219,15:13:25,1.05,400,90200
20240219,15:13:42,1.1,500,90200
20240219,15:13:42,1.05,1800,90200
20240219,15:13:44,1.05,1100,90200
20240219,15:14:17,1.1,500,90200
20240219,15:14:29,1.0,50,90200
20240219,15:15:43,1.1,650,90200
20240219,15:16:26,1.1,550,90200
20240219,15:16:43,1.1,700,92200
20240219,15:16:55,1.0,550,92200
20240219,15:17:04,1.1,250,92200
20240219,15:17:49,1.1,250,92200
20240219,15:18:07,1.1,250,92200
20240219,15:18:17,1.1,50,92200
20240219,15:18:23,1.1,100,92200
20240219,15:19:21,1.05,50,92200
20240219,15:19:33,1.05,50,92100
20240219,15:20:08,1.05,150,92100
20240219,15:20:17,1.05,1100,92100
20240219,15:20:28,1.05,300,92100
20240219,15:20:39,1.05,100,92100
20240219,15:20:45,1.05,250,92100
20240219,15:21:03,1.05,250,92100
20240219,15:21:07,1.05,900,92100
20240219,15:21:08,1.05,150,92100
20240219,15:21:09,1.05,350,92100
20240219,15:22:00,1.05,250,92100
20240219,15:23:27,1.05,900,92150
20240219,15:23:28,1.05,1700,92150
20240219,15:23:29,1.05,950,92150
20240219,15:23:32,1.05,100,92150
20240219,15:23:51,1.05,1250,92150
20240219,15:24:01,1.0,50,92150
20240219,15:24:28,1.0,1000,92150
20240219,15:24:53,1.1,50,92150
20240219,15:24:59,1.05,1000,92150
20240219,15:25:01,1.05,250,92150
20240219,15:25:10,1.1,50,92150
20240219,15:25:15,1.05,300,92150
20240219,15:25:39,1.0,150,92150
20240219,15:25:42,1.0,200,93200
20240219,15:25:45,1.0,400,93200
20240219,15:25:48,1.0,350,93200
20240219,15:25:49,1.0,500,93200
20240219,15:26:04,1.1,800,93200
20240219,15:26:22,1.0,500,93200
20240219,15:26:25,1.05,1750,93200
20240219,15:26:33,1.05,500,93200
20240219,15:26:34,1.1,1500,93200
20240219,15:26:41,1.1,1500,93200
20240219,15:26:46,1.1,500,93200
20240219,15:26:58,1.05,250,93200
20240219,15:27:06,1.05,300,93200
20240219,15:27:09,1.05,800,93200
20240219,15:27:27,1.1,500,93200
20240219,15:27:27,1.1,1050,93200
20240219,15:27:31,1.15,500,93200
20240219,15:27:38,1.15,1000,93200
20240219,15:27:40,1.1,1000,93200
20240219,15:27:41,1.15,1000,93200
20240219,15:27:42,1.15,1000,93200
20240219,15:27:44,1.1,500,93200
20240219,15:27:50,1.1,350,93200
20240219,15:27:52,1.05,1800,93200
20240219,15:27:54,1.15,400,93200
20240219,15:28:04,1.05,600,93200
20240219,15:28:08,1.05,1800,93200
20240219,15:28:09,1.05,50,93200
20240219,15:28:11,1.05,600,93200
20240219,15:28:17,1.05,100,93200
20240219,15:28:21,1.05,400,93200
20240219,15:28:23,0.95,1000,93200
20240219,15:28:29,1.05,250,94950
20240219,15:28:31,1.0,400,94950
20240219,15:28:35,1.0,1800,94950
20240219,15:28:36,1.05,150,94950
20240219,15:28:37,1.1,650,94950
20240219,15:28:57,1.1,750,94950
20240219,15:28:58,1.1,7350,94950
20240219,15:29:13,0.95,1750,94950
20240219,15:29:14,1.0,600,94950
20240219,15:29:15,0.95,2550,94950
20240219,15:29:16,0.95,900,94950
20240219,15:29:17,0.95,300,94950
20240219,15:29:21,1.05,150,94950
20240219,15:29:28,1.05,100,94950
20240219,15:29:46,0.95,400,94950
20240219,15:29:47,1.05,100,94950
20240219,15:30:00,0.95,250,94950
20240220,09:15:02,1.1,1,94950
20240220,09:15:02,1.1,50,94950
20240220,09:15:03,1.15,100,100100
20240220,09:15:04,1.15,50,100100
20240220,09:15:05,1.15,400,100100
20240220,09:15:06,1.1,250,100100
20240220,09:15:08,1.1,50,100100
20240220,09:15:10,1.05,100,100100
20240220,09:15:11,1.05,900,100100
20240220,09:15:14,1.05,50,100100
20240220,09:15:15,1.0,50,100100
20240220,09:15:20,1.0,200,100100
20240220,09:15:23,1.0,200,100100
20240220,09:15:30,1.0,250,100100
20240220,09:15:32,1.0,50,100100
20240220,09:15:47,0.95,200,100250
20240220,09:15:49,0.95,50,100250
20240220,09:15:59,0.95,1100,100250
20240220,09:16:00,0.95,150,100250
20240220,09:16:01,0.9,100,100250
20240220,09:16:06,0.9,100,100250
20240220,09:16:16,0.9,50,100250
20240220,09:17:16,0.95,50,100250
20240220,09:17:39,0.9,1500,100250
20240220,09:17:50,0.95,250,100250
20240220,09:17:51,0.95,50,100250
20240220,09:18:27,0.95,50,100250
20240220,09:18:58,0.95,100,98100
20240220,09:19:02,0.9,950,98100
20240220,09:19:08,0.95,850,98100
20240220,09:19:15,0.85,50,98100
20240220,09:20:36,0.85,250,98100
20240220,09:21:03,0.95,250,98100
20240220,09:21:18,0.9,1800,98100
20240220,09:22:33,0.95,50,98100
20240220,09:23:00,0.95,50,100400
20240220,09:23:04,0.85,100,100400
20240220,09:23:05,0.85,200,100400
20240220,09:23:24,0.95,1800,100400
20240220,09:23:25,0.95,1150,100400
20240220,09:23:34,0.95,100,100400
20240220,09:23:35,0.9,350,100400
20240220,09:23:36,0.95,150,100400
20240220,09:23:42,0.85,100,100400
20240220,09:24:52,0.85,150,101050
20240220,09:25:03,0.9,50,101050
20240220,09:26:05,0.9,50,101050
20240220,09:26:43,0.85,400,101050
20240220,09:27:58,0.85,50,101050
20240220,09:28:55,0.85,250,101450
20240220,09:29:15,0.85,50,101450
20240220,09:29:19,0.85,50,101450
20240220,09:30:29,0.9,50,101450
20240220,09:30:40,0.9,50,101450
20240220,09:31:16,0.85,400,101450
20240220,09:31:22,0.85,300,101450
20240220,09:31:45,0.9,400,101450
20240220,09:31:58,0.9,50,101450
20240220,09:32:59,0.85,50,101450
20240220,09:33:01,0.85,50,101450
20240220,09:33:04,0.85,50,101450
20240220,09:33:12,0.85,50,101450
20240220,09:33:21,0.85,50,101450
20240220,09:33:28,0.85,50,101450
20240220,09:34:13,0.85,50,102050
20240220,09:34:43,0.9,50,102050
20240220,09:34:44,0.85,50,102050
20240220,09:35:06,0.85,50,102050
20240220,09:35:10,0.85,1800,102050
20240220,09:35:11,0.85,50,102050
20240220,09:35:14,0.85,50,102050
20240220,09:36:12,0.85,200,102050
20240220,09:36:12,0.85,450,102050
20240220,09:37:41,0.85,250,103250
20240220,09:37:53,0.85,250,103250
20240220,09:37:59,0.8,350,103250
20240220,09:38:11,0.8,50,103250
20240220,09:39:04,0.8,50,103250
20240220,09:40:11,0.8,750,103250
20240220,09:40:22,0.8,200,103000
20240220,09:42:34,0.9,2250,103000
20240220,09:42:35,0.85,650,103000
20240220,09:42:53,0.9,50,103000
20240220,09:42:54,0.9,200,102700
20240220,09:42:59,0.85,1600,102700
20240220,09:44:03,0.85,2550,102700
20240220,09:44:04,0.9,450,102700
20240220,09:44:07,0.9,450,102700
20240220,09:49:18,0.85,50,103300
20240220,09:49:45,0.85,250,103300
20240220,09:50:15,0.85,250,103300
20240220,09:50:30,0.85,250,103300
20240220,09:50:46,0.85,650,103300
20240220,09:51:22,0.85,100,103300
20240220,09:52:09,0.8,1800,103300
20240220,09:52:11,0.85,550,104450
20240220,09:52:15,0.85,500,104450
20240220,09:52:16,0.85,250,104450
20240220,09:52:22,0.85,250,104450
20240220,09:53:42,0.8,1900,104450
20240220,09:54:02,0.85,750,104450
20240220,09:54:05,0.85,200,104450
20240220,09:54:08,0.8,2100,104450
20240220,09:54:10,0.75,1800,104450
20240220,09:54:12,0.75,1650,104450
20240220,09:55:10,0.8,1800,104450
20240220,09:55:11,0.75,2900,111450
20240220,09:55:17,0.8,200,111450
20240220,09:56:05,0.75,2050,111450
20240220,09:56:43,0.75,650,111450
20240220,09:59:36,0.8,50,111450
20240220,10:02:25,0.75,50,115000
20240220,10:02:44,0.75,200,115050
20240220,10:03:04,0.8,350,115050
20240220,10:04:23,0.8,250,115000
20240220,10:07:20,0.7,350,115000
20240220,10:07:31,0.7,900,115000
20240220,10:08:22,0.75,250,115000
20240220,10:09:43,0.75,250,115000
20240220,10:09:45,0.75,100,115000
20240220,10:11:27,0.75,600,114500
20240220,10:11:36,0.75,400,114500
20240220,10:11:55,0.75,50,114500
20240220,10:12:05,0.75,300,114500
20240220,10:12:06,0.75,250,114500
20240220,10:13:01,0.75,250,114850
20240220,10:13:03,0.7,50,114850
20240220,10:14:29,0.75,1000,114850
20240220,10:14:34,0.75,1250,114850
20240220,10:14:40,0.8,250,114850
20240220,10:14:42,0.8,250,114850
20240220,10:14:44,0.8,200,114850
20240220,10:15:45,0.75,500,114850
20240220,10:17:01,0.8,100,114850
20240220,10:17:18,0.8,100,115300
20240220,10:17:19,0.8,350,115300
20240220,10:17:30,0.8,50,115300
20240220,10:17:49,0.85,250,115300
20240220,10:18:04,0.85,50,115300
20240220,10:21:05,0.85,1750,115300
20240220,10:22:19,0.8,400,115500
20240220,10:22:19,0.9,1800,114100
20240220,10:25:19,0.85,200,112700
20240220,10:26:35,0.9,1800,112700
20240220,10:27:03,0.8,200,112700
20240220,10:27:46,0.8,1800,112700
20240220,10:27:46,0.9,4450,112700
20240220,10:27:48,0.9,100,112700
20240220,10:28:09,0.9,1050,112700
20240220,10:28:09,0.95,2250,110550
20240220,10:28:18,0.9,50,110550
20240220,10:29:23,0.9,2050,110550
20240220,10:29:24,0.9,1400,110550
20240220,10:29:25,0.9,2200,110550
20240220,10:29:26,0.85,200,110550
20240220,10:31:03,0.9,250,110550
20240220,10:31:10,0.95,2050,106650
20240220,10:31:21,0.95,250,106650
20240220,10:32:20,0.95,250,106650
20240220,10:32:23,1.0,400,106650
20240220,10:32:27,0.95,50,106650
20240220,10:32:57,0.9,1150,106650
20240220,10:33:04,0.9,500,106650
20240220,10:33:38,0.9,400,106650
20240220,10:34:45,1.0,50,106650
20240220,10:35:32,1.0,50,105800
20240220,10:37:11,0.95,1500,105900
20240220,10:37:17,0.95,300,105900
20240220,10:37:21,0.95,50,105900
20240220,10:37:41,0.9,250,105900
20240220,10:37:46,0.9,50,105900
20240220,10:37:53,0.9,50,105900
20240220,10:38:49,0.9,50,105900
20240220,10:39:06,0.95,1800,105900
20240220,10:40:19,0.95,1000,105250
20240220,10:41:19,1.0,300,105250
20240220,10:41:55,0.95,50,105250
20240220,10:41:57,0.9,300,105250
20240220,10:45:05,0.9,200,104900
20240220,10:46:06,0.95,2000,104700
20240220,10:48:05,0.9,1350,104700
20240220,10:48:06,1.0,1800,104700
20240220,10:50:32,0.9,200,104700
20240220,10:52:07,0.95,50,101900
20240220,10:53:38,0.9,1800,101900
20240220,10:56:06,0.9,350,101500
20240220,11:02:33,0.95,1800,101500
20240220,11:04:21,0.9,50,101500
20240220,11:08:12,0.9,500,102250
20240220,11:08:47,0.9,150,102300
20240220,11:09:02,0.9,50,102300
20240220,11:10:10,0.9,50,102300
20240220,11:10:19,0.9,700,101850
20240220,11:10:52,0.9,300,101850
20240220,11:12:09,0.9,400,101850
20240220,11:20:22,0.9,100,102850
20240220,11:25:49,0.9,900,102850
20240220,11:26:32,0.9,50,102850
20240220,11:26:52,0.9,50,102850
20240220,11:27:49,0.9,50,102850
20240220,11:29:00,0.9,50,102700
20240220,11:31:22,0.9,150,102650
20240220,11:31:47,0.9,50,102650
20240220,11:31:54,0.9,50,102650
20240220,11:32:08,0.9,50,102650
20240220,11:32:31,0.9,50,102650
20240220,11:32:56,0.9,100,102650
20240220,11:32:57,0.95,150,102650
20240220,11:33:00,0.9,50,102650
20240220,11:33:06,0.85,1050,102650
20240220,11:33:10,0.9,50,102650
20240220,11:33:16,0.9,50,102650
20240220,11:33:17,0.95,250,102650
20240220,11:34:51,0.9,600,101900
20240220,11:35:12,0.9,250,101900
20240220,11:36:32,0.9,300,101900
20240220,11:36:48,0.95,500,101900
20240220,11:37:34,0.95,100,101900
20240220,11:37:55,0.95,500,101800
20240220,11:38:17,0.95,50,101800
20240220,11:40:08,0.9,50,101800
20240220,11:44:18,0.9,50,101800
20240220,11:44:48,0.95,500,101800
20240220,11:44:52,0.95,250,101800
20240220,11:45:13,0.9,500,101800
20240220,11:49:42,0.95,100,101950
20240220,11:49:47,0.9,1500,101950
20240220,11:50:49,0.95,50,101950
20240220,11:53:25,0.95,750,101650
20240220,11:54:18,0.95,50,101650
20240220,11:55:20,0.95,900,101650
20240220,11:58:46,0.95,250,101100
20240220,11:58:55,0.95,250,101100
20240220,11:59:00,0.95,250,101100
20240220,11:59:43,0.95,750,101100
20240220,11:59:44,0.95,700,101100
20240220,12:00:43,0.9,50,101100
20240220,12:00:50,0.95,50,101100
20240220,12:00:57,0.9,700,101100
20240220,12:00:58,1.0,2350,101100
20240220,12:00:58,1.0,500,101100
20240220,12:01:10,0.95,200,101100
20240220,12:01:12,0.95,500,101100
20240220,12:01:19,0.95,200,101100
20240220,12:01:23,0.95,1500,97600
20240220,12:01:25,0.95,1950,97600
20240220,12:01:57,0.95,1450,97600
20240220,12:01:59,1.0,150,97600
20240220,12:02:09,1.0,1900,97600
20240220,12:02:09,1.05,5750,97600
20240220,12:02:10,1.0,450,97600
20240220,12:02:16,1.0,200,97600
20240220,12:02:28,1.0,1100,97600
20240220,12:02:31,1.05,1800,97600
20240220,12:02:32,1.1,3600,97600
20240220,12:02:49,1.05,4000,97600
20240220,12:02:53,1.1,150,97600
20240220,12:02:57,1.1,50,97600
20240220,12:03:07,1.1,650,97600
20240220,12:03:09,1.1,100,97600
20240220,12:03:10,1.05,500,97600
20240220,12:03:14,1.1,100,97600
20240220,12:03:16,1.1,3100,97600
20240220,12:03:17,1.1,250,97600
20240220,12:03:18,1.1,250,97600
20240220,12:03:22,1.15,600,97600
20240220,12:03:45,1.1,150,97600
20240220,12:04:08,1.15,1350,97600
20240220,12:04:36,1.2,100,90800
20240220,12:04:46,1.2,1800,90800
20240220,12:04:59,1.2,250,90800
20240220,12:05:30,1.2,300,90800
20240220,12:05:49,1.2,100,90800
20240220,12:06:14,1.2,350,90800
20240220,12:06:17,1.2,350,90800
20240220,12:06:21,1.15,50,90800
20240220,12:06:33,1.15,50,90800
20240220,12:06:34,1.15,650,90800
20240220,12:06:35,1.15,250,90800
20240220,12:06:36,1.1,300,90800
20240220,12:07:20,1.15,50,90800
20240220,12:07:47,1.1,350,90100
20240220,12:07:48,1.15,1800,90100
20240220,12:08:14,1.2,50,90100
20240220,12:08:39,1.1,50,90100
20240220,12:08:45,1.15,150,90100
20240220,12:09:15,1.2,500,90100
20240220,12:09:19,1.15,1800,90100
20240220,12:09:25,1.15,50,90100
20240220,12:10:30,1.15,250,90100
20240220,12:11:24,1.2,500,87750
20240220,12:11:26,1.15,50,87750
20240220,12:12:01,1.2,500,87750
20240220,12:12:34,1.25,400,87750
20240220,12:12:48,1.2,200,87750
20240220,12:12:51,1.2,200,87750
20240220,12:13:17,1.2,500,87750
20240220,12:13:27,1.15,500,87400
20240220,12:13:29,1.15,500,87400
20240220,12:13:39,1.2,250,87400
20240220,12:13:45,1.15,1000,87400
20240220,12:13:46,1.15,1800,87400
20240220,12:13:47,1.15,1000,87400
20240220,12:13:48,1.15,1000,87400
20240220,12:14:12,1.2,300,87400
20240220,12:14:20,1.15,500,87400
20240220,12:14:35,1.15,50,87400
20240220,12:14:40,1.15,1750,87400
20240220,12:14:48,1.15,600,87400
20240220,12:16:17,1.2,250,86700
20240220,12:17:14,1.15,1700,86700
20240220,12:18:18,1.1,250,86700
20240220,12:19:03,1.15,50,86700
20240220,12:19:17,1.05,50,86600
20240220,12:19:44,1.1,950,86600
20240220,12:20:10,1.1,700,86600
20240220,12:20:27,1.1,250,86600
20240220,12:21:10,1.1,50,86600
20240220,12:22:26,1.1,250,84700
20240220,12:26:57,1.1,500,84700
20240220,12:27:07,1.1,250,84700
20240220,12:29:58,1.1,5000,84700
20240220,12:30:04,1.1,300,84750
20240220,12:31:03,1.1,800,84750
20240220,12:32:45,1.1,350,84850
20240220,12:33:16,1.05,3200,84850
20240220,12:35:07,1.05,100,84700
20240220,12:35:27,1.05,350,84700
20240220,12:35:29,1.05,50,84700
20240220,12:35:40,1.0,400,84700
20240220,12:35:44,1.05,50,84700
20240220,12:36:15,1.05,150,84700
20240220,12:37:09,1.05,100,84700
20240220,12:38:29,1.05,100,84650
20240220,12:38:31,1.0,100,84650
20240220,12:39:11,1.05,50,84650
20240220,12:40:49,1.05,250,84650
20240220,12:41:00,1.05,50,84600
20240220,12:41:22,1.05,1150,84600
20240220,12:41:39,1.0,50,84600
20240220,12:42:00,1.0,400,84600
20240220,12:43:50,1.0,1800,84600
20240220,12:47:32,1.1,500,84400
20240220,12:47:57,1.1,250,84250
20240220,12:49:40,1.0,500,84250
20240220,12:51:58,1.0,100,84250
20240220,12:52:29,1.0,200,84250
20240220,12:57:28,1.05,50,84450
20240220,12:59:04,1.0,50,84450
20240220,12:59:40,1.05,50,84400
20240220,13:02:27,1.05,50,84400
20240220,13:03:40,1.0,50,84400
20240220,13:11:58,1.05,50,84400
20240220,13:12:16,1.05,900,84400
20240220,13:12:42,1.05,50,84400
20240220,13:13:28,1.05,50,84400
20240220,13:14:07,1.05,200,83450
20240220,13:14:09,1.05,300,83450
20240220,13:14:35,1.05,50,83450
20240220,13:14:36,1.05,50,83450
20240220,13:24:11,1.05,400,83300
20240220,13:27:55,1.05,500,83300
20240220,13:29:28,1.0,100,83300
20240220,13:30:02,1.05,500,83300
20240220,13:30:14,1.0,50,83300
20240220,13:32:27,1.05,50,83300
20240220,13:32:29,1.05,50,83300
20240220,13:32:58,1.05,250,83300
20240220,13:34:52,1.05,50,82950
20240220,13:37:45,1.05,150,82900
20240220,13:40:35,1.1,50,82900
20240220,13:40:52,1.1,50,82900
20240220,13:42:44,1.05,50,82900
20240220,13:43:30,1.1,600,82850
20240220,13:44:01,1.1,350,82850
20240220,13:46:25,1.15,50,82850
20240220,13:51:31,1.1,250,82850
20240220,13:51:37,1.1,50,83150
20240220,13:52:10,1.1,1250,83150
20240220,13:52:25,1.1,650,83150
20240220,13:52:59,1.15,400,83350
20240220,13:55:03,1.1,400,83350
20240220,13:55:59,1.15,50,83350
20240220,13:57:34,1.05,50,83350
20240220,14:00:32,1.15,50,83350
20240220,14:04:29,1.05,350,83350
20240220,14:04:33,1.15,50,83700
20240220,14:04:43,1.05,250,83700
20240220,14:04:49,1.05,250,83700
20240220,14:04:50,1.05,250,83700
20240220,14:05:19,1.05,100,83700
20240220,14:05:30,1.05,300,83700
20240220,14:05:42,1.05,100,83700
20240220,14:06:02,1.05,250,83700
20240220,14:07:56,1.0,50,84700
20240220,14:10:03,1.0,50,84700
20240220,14:10:13,1.0,50,84700
20240220,14:12:52,1.05,800,84700
20240220,14:17:50,1.05,50,84750
20240220,14:22:25,1.0,100,84750
20240220,14:24:26,1.0,100,84750
20240220,14:25:05,1.0,100,84750
20240220,14:25:24,1.0,550,84750
20240220,14:30:24,1.05,50,84800
20240220,14:30:35,1.0,350,84800
20240220,14:30:52,0.95,100,84800
20240220,14:33:13,1.05,1400,84800
20240220,14:34:02,1.05,600,84800
20240220,14:34:43,1.0,650,84800
20240220,14:34:47,1.0,1300,84800
20240220,14:36:33,1.05,250,84800
20240220,14:37:23,1.0,400,84800
20240220,14:37:33,1.0,800,84800
20240220,14:37:34,1.0,500,84800
20240220,14:37:37,1.05,1000,84800
20240220,14:37:40,1.05,500,84700
20240220,14:37:54,1.05,100,84700
20240220,14:39:12,1.0,100,84700
20240220,14:39:59,1.05,100,84700
20240220,14:41:10,1.0,700,84700
20240220,14:41:26,1.05,750,84800
20240220,14:42:20,1.05,350,84800
20240220,14:45:05,1.0,500,85050
20240220,14:46:25,1.05,50,85050
20240220,14:51:03,1.0,250,84950
20240220,14:51:41,1.05,850,84950
20240220,14:53:50,1.05,550,84950
20240220,14:53:59,1.05,250,85000
20240220,14:55:25,1.05,250,85000
20240220,14:56:48,1.05,100,85000
20240220,14:56:50,1.05,100,84500
20240220,14:57:31,1.0,600,84500
20240220,14:59:37,1.0,500,84500
20240220,15:00:03,1.1,450,84500
20240220,15:00:41,1.1,1800,84500
20240220,15:00:56,1.05,1300,84500
20240220,15:00:59,1.05,350,84500
20240220,15:01:02,1.05,50,84500
20240220,15:01:42,1.1,50,82300
20240220,15:02:04,1.1,100,82300
20240220,15:03:02,1.1,250,82300
20240220,15:03:58,1.05,50,82300
20240220,15:04:15,1.1,1800,82300
20240220,15:04:16,1.1,500,82300
20240220,15:04:19,1.15,500,82300
20240220,15:06:45,1.15,100,82150
20240220,15:07:19,1.2,1000,82150
20240220,15:07:39,1.15,500,82150
20240220,15:07:58,1.15,250,82100
20240220,15:08:44,1.2,150,82100
20240220,15:08:57,1.15,100,82100
20240220,15:09:17,1.15,100,82100
20240220,15:09:56,1.15,700,82100
20240220,15:10:38,1.15,900,82100
20240220,15:10:40,1.15,50,82100
20240220,15:10:54,1.2,50,82100
20240220,15:10:56,1.2,50,82750
20240220,15:10:59,1.2,50,82750
20240220,15:11:02,1.2,1500,82750
20240220,15:11:03,1.2,1500,82750
20240220,15:11:04,1.2,1500,82750
20240220,15:11:07,1.2,500,82750
20240220,15:11:08,1.2,100,82750
20240220,15:11:21,1.2,1050,82750
20240220,15:11:22,1.2,2400,82750
20240220,15:11:24,1.25,500,82750
20240220,15:11:29,1.2,50,82750
20240220,15:11:32,1.2,450,82750
20240220,15:11:34,1.2,2050,82750
20240220,15:11:35,1.15,500,82750
20240220,15:11:36,1.2,50,82750
20240220,15:11:37,1.2,100,82750
20240220,15:11:45,1.2,100,82750
20240220,15:11:46,1.2,500,82750
20240220,15:11:53,1.2,500,82750
20240220,15:12:54,1.15,250,82750
20240220,15:13:21,1.2,50,82750
20240220,15:13:27,1.2,50,82750
20240220,15:13:30,1.2,50,82750
20240220,15:13:39,1.2,450,82750
20240220,15:13:54,1.2,900,85400
20240220,15:14:00,1.2,1850,85400
20240220,15:14:02,1.2,800,85400
20240220,15:14:05,1.2,1000,85400
20240220,15:14:58,1.2,50,85400
20240220,15:15:00,1.15,1000,85400
20240220,15:15:05,1.15,800,85400
20240220,15:15:12,1.15,1200,85400
20240220,15:15:13,1.15,250,85400
20240220,15:15:17,1.1,1100,85400
20240220,15:15:48,1.2,700,85400
20240220,15:16:11,1.1,250,85400
20240220,15:16:36,1.15,100,85400
20240220,15:16:54,1.15,250,85800
20240220,15:17:09,1.15,50,85800
20240220,15:17:11,1.15,50,85800
20240220,15:17:12,1.15,50,85800
20240220,15:17:26,1.1,100,85800
20240220,15:17:27,1.1,50,85800
20240220,15:17:41,1.1,250,85800
20240220,15:17:42,1.15,250,85800
20240220,15:17:46,1.15,250,85800
20240220,15:17:48,1.15,250,85800
20240220,15:17:50,1.15,200,85800
20240220,15:19:32,1.15,50,85800
20240220,15:19:38,1.15,500,85800
20240220,15:20:06,1.15,200,84900
20240220,15:20:10,1.1,450,84900
20240220,15:20:31,1.15,550,84900
20240220,15:20:35,1.2,350,84900
20240220,15:20:37,1.2,50,84900
20240220,15:21:00,1.2,850,84900
20240220,15:21:24,1.15,100,84900
20240220,15:21:36,1.2,350,84900
20240220,15:21:39,1.2,50,84900
20240220,15:21:49,1.15,50,84900
20240220,15:22:18,1.25,250,84900
20240220,15:22:24,1.15,300,84900
20240220,15:23:04,1.25,400,86700
20240220,15:23:06,1.2,50,86700
20240220,15:23:13,1.2,1650,86700
20240220,15:23:27,1.2,750,86700
20240220,15:23:36,1.2,200,86700
20240220,15:23:42,1.2,950,86700
20240220,15:24:34,1.2,50,86700
20240220,15:25:02,1.25,100,86700
20240220,15:25:36,1.2,250,86700
20240220,15:25:42,1.25,50,86700
20240220,15:25:44,1.2,50,86700
20240220,15:25:47,1.2,350,86700
20240220,15:25:53,1.2,50,84350
20240220,15:25:54,1.2,1000,84350
20240220,15:26:04,1.2,200,84350
20240220,15:26:20,1.15,1800,84350
20240220,15:26:21,1.15,1200,84350
20240220,15:26:26,1.15,50,84350
20240220,15:27:11,1.15,50,84350
20240220,15:27:40,1.1,2100,84350
20240220,15:27:51,1.1,850,84350
20240220,15:28:23,1.05,100,84350
20240220,15:28:34,1.1,500,84350
20240220,15:28:37,1.15,200,84350
20240220,15:28:44,1.15,250,84350
20240220,15:28:47,1.2,300,84400
20240220,15:28:49,1.4,1050,84400
20240220,15:28:52,1.25,300,84400
20240220,15:29:06,1.15,400,84400
20240220,15:29:06,1.2,100,84400
20240220,15:29:15,1.25,400,84400
20240220,15:29:16,1.25,650,84400
20240220,15:29:19,1.25,1700,84400
20240220,15:29:47,1.25,50,84400
20240221,09:15:00,1.0,1,84400
20240221,09:15:00,1.0,200,84400
20240221,09:15:01,1.0,50,85500
20240221,09:15:02,1.0,250,85500
20240221,09:15:03,1.0,200,85500
20240221,09:15:04,1.0,500,85500
20240221,09:15:04,0.95,300,85500
20240221,09:15:05,0.95,950,85500
20240221,09:15:08,1.0,50,85500
20240221,09:15:11,0.95,150,85500
20240221,09:15:14,0.95,100,85500
20240221,09:15:17,0.9,400,85500
20240221,09:15:18,0.95,300,85500
20240221,09:15:21,0.95,550,85500
20240221,09:15:22,0.85,250,85500
20240221,09:15:22,0.85,400,85500
20240221,09:15:26,0.95,50,85500
20240221,09:15:27,0.95,100,85500
20240221,09:15:28,0.9,150,85500
20240221,09:15:29,0.95,150,85500
20240221,09:15:32,0.95,50,85500
20240221,09:15:35,0.95,100,85500
20240221,09:15:39,0.85,100,85500
20240221,09:16:03,0.95,200,85500
20240221,09:16:04,0.9,650,85250
20240221,09:16:05,0.95,50,85250
20240221,09:16:07,0.95,50,85250
20240221,09:16:10,0.95,1650,85250
20240221,09:16:14,0.9,500,85250
20240221,09:16:25,0.9,200,85250
20240221,09:16:30,0.9,200,85250
20240221,09:16:35,0.95,150,85250
20240221,09:16:58,0.95,100,85250
20240221,09:16:59,0.95,50,85250
20240221,09:17:00,0.95,50,85250
20240221,09:17:02,0.9,250,85250
20240221,09:17:02,0.95,50,85250
20240221,09:17:04,0.95,50,85250
20240221,09:17:16,0.9,400,85250
20240221,09:17:35,0.9,250,85250
20240221,09:17:36,0.9,350,85250
20240221,09:17:37,0.9,200,85250
20240221,09:17:48,0.9,450,85250
20240221,09:17:53,0.9,100,85250
20240221,09:17:54,0.9,50,85250
20240221,09:18:00,0.9,150,85250
20240221,09:18:26,0.8,50,85250
20240221,09:18:28,0.8,1200,85250
20240221,09:18:39,0.9,250,85250
20240221,09:18:54,0.85,600,85250
20240221,09:19:20,0.9,100,85800
20240221,09:19:24,0.85,700,85800
20240221,09:20:08,0.9,350,85800
20240221,09:20:15,0.9,50,85800
20240221,09:20:32,0.8,6000,85800
20240221,09:20:33,0.85,2000,85800
20240221,09:20:34,0.85,250,85800
20240221,09:20:55,0.85,550,85800
20240221,09:20:56,0.85,50,85800
20240221,09:20:57,0.85,100,85800
20240221,09:20:58,0.85,50,85800
20240221,09:20:59,0.85,100,85800
20240221,09:21:01,0.85,100,85800
20240221,09:21:03,0.85,100,85800
20240221,09:21:20,0.85,100,85800
20240221,09:21:21,0.85,50,85800
20240221,09:22:23,0.85,50,86850
20240221,09:22:26,0.85,100,86850
20240221,09:22:38,0.85,50,86850
20240221,09:23:14,0.85,700,86850
20240221,09:23:29,0.8,50,86850
20240221,09:24:05,0.8,150,86850
20240221,09:25:20,0.8,150,86650
20240221,09:25:24,0.8,100,86650
20240221,09:25:32,0.8,50,86650
20240221,09:25:35,0.8,50,86650
20240221,09:25:37,0.8,200,86650
20240221,09:25:38,0.8,50,86650
20240221,09:25:47,0.8,50,86650
20240221,09:25:49,0.8,100,86650
20240221,09:26:54,0.75,50,86650
20240221,09:27:26,0.75,350,86650
20240221,09:27:57,0.8,50,86650
20240221,09:29:26,0.8,50,86400
20240221,09:29:33,0.75,50,86400
20240221,09:30:35,0.75,1000,86400
20240221,09:31:06,0.75,500,86400
20240221,09:31:11,0.75,200,86400
20240221,09:31:14,0.75,500,86400
20240221,09:31:16,0.75,2550,86400
20240221,09:31:20,0.75,50,86400
20240221,09:31:21,0.75,200,86400
20240221,09:31:35,0.75,250,86400
20240221,09:31:36,0.75,50,86400
20240221,09:31:37,0.75,50,86400
20240221,09:32:34,0.75,50,86400
20240221,09:33:20,0.75,50,86400
20240221,09:33:56,0.75,250,85550
20240221,09:35:36,0.7,200,85550
20240221,09:35:49,0.7,1300,85550
20240221,09:35:50,0.7,100,85550
20240221,09:36:00,0.7,250,85550
20240221,09:36:06,0.7,250,85550
20240221,09:36:39,0.65,50,85550
20240221,09:37:04,0.65,500,85550
20240221,09:37:09,0.65,200,84400
20240221,09:37:19,0.65,50,84400
20240221,09:37:53,0.65,200,84400
20240221,09:38:25,0.7,150,84400
20240221,09:38:25,0.7,50,84400
20240221,09:38:57,0.65,1000,84400
20240221,09:38:58,0.65,1000,84400
20240221,09:38:59,0.65,1000,84400
20240221,09:39:08,0.65,1000,84400
20240221,09:39:10,0.7,1600,84400
20240221,09:39:16,0.65,500,84400
20240221,09:39:26,0.65,1500,84400
20240221,09:39:28,0.65,2850,84400
20240221,09:39:30,0.65,2000,84400
20240221,09:39:31,0.65,100,84400
20240221,09:39:32,0.65,50,84400
20240221,09:39:33,0.65,100,84400
20240221,09:39:53,0.65,250,84400
20240221,09:40:09,0.6,200,83750
20240221,09:40:20,0.6,1000,83750
20240221,09:41:26,0.6,500,83750
20240221,09:41:27,0.6,1000,83750
20240221,09:41:50,0.65,1000,83750
20240221,09:42:15,0.65,500,83750
20240221,09:42:21,0.65,900,83750
20240221,09:42:28,0.65,1050,83750
20240221,09:42:36,0.7,1000,83750
20240221,09:42:40,0.7,750,83750
20240221,09:42:42,0.65,250,83750
20240221,09:42:45,0.65,100,83750
20240221,09:43:45,0.65,50,84600
20240221,09:43:46,0.65,100,84600
20240221,09:43:53,0.65,450,84600
20240221,09:44:33,0.65,50,84600
20240221,09:44:48,0.7,200,84600
20240221,09:46:34,0.65,50,84600
20240221,09:50:26,0.7,1950,84400
20240221,09:50:44,0.7,150,84350
20240221,09:50:49,0.7,650,84350
20240221,09:50:50,0.7,50,84350
20240221,09:51:06,0.7,1800,84350
20240221,09:52:57,0.7,50,84350
20240221,09:53:26,0.75,400,85950
20240221,09:53:29,0.75,1150,85950
20240221,09:53:30,0.75,1800,85950
20240221,09:53:31,0.7,950,85950
20240221,09:54:55,0.75,1800,85950
20240221,09:58:45,0.7,1600,87950
20240221,09:59:04,0.7,800,87950
20240221,09:59:54,0.65,700,87950
20240221,10:00:40,0.7,1000,87950
20240221,10:01:00,0.7,100,86950
20240221,10:01:01,0.7,700,86950
20240221,10:06:49,0.65,650,86950
20240221,10:06:58,0.65,700,87450
20240221,10:07:08,0.65,700,87450
20240221,10:07:13,0.7,50,87300
20240221,10:07:18,0.65,1050,87300
20240221,10:07:22,0.65,450,87300
20240221,10:07:33,0.65,50,87300
20240221,10:07:44,0.65,200,87300
20240221,10:07:46,0.65,300,87300
20240221,10:07:47,0.65,50,87300
20240221,10:07:47,0.65,1300,87300
20240221,10:08:13,0.65,550,87300
20240221,10:08:17,0.65,50,87300
20240221,10:08:18,0.6,250,87300
20240221,10:08:35,0.65,50,87300
20240221,10:08:43,0.65,50,87300
20240221,10:08:58,0.6,150,87300
20240221,10:09:17,0.6,600,87300
20240221,10:09:23,0.6,700,87300
20240221,10:09:24,0.6,400,87300
20240221,10:09:30,0.6,850,87300
20240221,10:09:32,0.6,1200,87300
20240221,10:09:33,0.6,950,87300
20240221,10:09:34,0.55,1350,87300
20240221,10:09:38,0.6,50,87300
20240221,10:09:39,0.6,150,87300
20240221,10:09:44,0.55,850,87300
20240221,10:09:55,0.6,50,87300
20240221,10:10:04,0.55,500,83300
20240221,10:10:19,0.6,100,83300
20240221,10:10:34,0.6,100,83300
20240221,10:10:36,0.6,100,83300
20240221,10:10:38,0.55,650,83300
20240221,10:10:53,0.55,1950,83300
20240221,10:10:55,0.55,2850,83300
20240221,10:10:57,0.55,1300,83300
20240221,10:10:58,0.55,900,83300
20240221,10:10:59,0.5,50,83300
20240221,10:11:00,0.5,900,83300
20240221,10:11:04,0.5,350,83300
20240221,10:11:17,0.5,250,83300
20240221,10:11:22,0.5,150,83300
20240221,10:11:22,0.6,550,83300
20240221,10:11:24,0.55,750,83300
20240221,10:11:30,0.5,3800,83300
20240221,10:11:30,0.5,50,83300
20240221,10:11:31,0.55,100,83300
20240221,10:11:33,0.5,1150,83300
20240221,10:11:36,0.5,400,83300
20240221,10:11:39,0.5,3900,83300
20240221,10:11:47,0.55,1700,83300
20240221,10:11:48,0.55,1100,83300
20240221,10:11:55,0.55,500,83300
20240221,10:12:34,0.55,350,83300
20240221,10:12:48,0.45,500,83300
20240221,10:12:49,0.45,300,83300
20240221,10:12:50,0.45,650,83300
20240221,10:12:58,0.5,1750,83300
20240221,10:13:05,0.55,50,83000
20240221,10:13:15,0.5,1550,83000
20240221,10:13:36,0.45,1200,83000
20240221,10:13:42,0.55,200,83000
20240221,10:13:43,0.5,150,83000
20240221,10:13:48,0.5,150,83000
20240221,10:13:49,0.5,150,83000
20240221,10:13:50,0.5,150,83000
20240221,10:13:51,0.5,150,83000
20240221,10:13:52,0.5,150,83000
20240221,10:13:53,0.5,150,83000
20240221,10:13:54,0.5,150,83000
20240221,10:13:55,0.5,150,83000
20240221,10:13:58,0.45,500,83000
20240221,10:14:03,0.5,150,83000
20240221,10:14:04,0.5,550,83000
20240221,10:14:19,0.45,400,83000
20240221,10:14:21,0.45,400,83000
20240221,10:14:39,0.45,1400,83000
20240221,10:14:53,0.5,100,83000
20240221,10:15:03,0.45,1600,83000
20240221,10:15:04,0.45,1200,83000
20240221,10:15:05,0.45,2700,83000
20240221,10:15:06,0.45,1650,83000
20240221,10:15:25,0.5,850,83000
20240221,10:15:58,0.45,700,83000
20240221,10:16:10,0.5,300,82100
20240221,10:16:33,0.45,2600,82100
20240221,10:16:36,0.45,650,82100
20240221,10:16:39,0.5,250,82100
20240221,10:16:43,0.4,900,82100
20240221,10:17:11,0.4,600,82100
20240221,10:18:03,0.5,250,82100
20240221,10:18:07,0.4,1550,82100
20240221,10:18:10,0.4,1750,82100
20240221,10:18:21,0.45,1350,82100
20240221,10:18:22,0.45,400,82100
20240221,10:18:23,0.45,850,82100
20240221,10:18:25,0.45,250,82100
20240221,10:18:32,0.45,550,82100
20240221,10:18:36,0.45,2250,82100
20240221,10:18:38,0.4,350,82100
20240221,10:19:09,0.45,400,82450
20240221,10:20:27,0.45,1050,82450
20240221,10:20:39,0.4,150,82450
20240221,10:20:51,0.45,600,82450
20240221,10:20:58,0.4,100,82450
20240221,10:22:35,0.45,250,81900
20240221,10:22:35,0.45,50,81900
20240221,10:22:36,0.45,50,81900
20240221,10:22:40,0.45,50,81900
20240221,10:22:54,0.4,250,81900
20240221,10:23:40,0.45,150,81900
20240221,10:24:07,0.45,1550,81900
20240221,10:24:28,0.4,300,81900
20240221,10:25:21,0.4,400,83700
20240221,10:25:32,0.45,250,83700
20240221,10:26:03,0.45,250,83700
20240221,10:26:50,0.4,1000,83700
20240221,10:26:51,0.4,250,83700
20240221,10:27:14,0.4,50,83700
20240221,10:27:17,0.4,50,83700
20240221,10:27:49,0.45,150,83700
20240221,10:28:15,0.4,900,83700
20240221,10:28:16,0.4,800,83700
20240221,10:28:35,0.45,450,83700
20240221,10:29:21,0.45,2600,83700
20240221,10:29:38,0.4,50,83700
20240221,10:30:09,0.4,400,83700
20240221,10:30:15,0.4,100,83700
20240221,10:30:29,0.45,50,83700
20240221,10:30:32,0.4,50,83700
20240221,10:31:09,0.4,1800,83700
20240221,10:31:10,0.4,700,83000
20240221,10:31:48,0.4,50,83000
20240221,10:32:01,0.4,50,83000
20240221,10:32:21,0.4,50,83000
20240221,10:32:22,0.4,50,83000
20240221,10:32:40,0.4,50,83000
20240221,10:32:49,0.4,50,83000
20240221,10:33:33,0.4,150,83000
20240221,10:33:34,0.4,150,83000
20240221,10:35:32,0.45,250,81700
20240221,10:36:10,0.4,300,81700
20240221,10:36:15,0.4,100,81700
20240221,10:36:26,0.4,50,81700
20240221,10:42:10,0.45,900,81700
20240221,10:42:11,0.45,500,81450
20240221,10:42:12,0.45,250,81450
20240221,10:42:17,0.5,1250,81450
20240221,10:42:21,0.5,600,81450
20240221,10:42:25,0.45,900,81450
20240221,10:42:35,0.45,750,81450
20240221,10:42:40,0.45,2900,81450
20240221,10:42:47,0.5,1600,81450
20240221,10:42:55,0.5,800,81450
20240221,10:44:04,0.5,300,83400
20240221,10:46:24,0.45,50,83600
20240221,10:46:54,0.45,900,83600
20240221,10:48:05,0.45,250,83600
20240221,10:48:24,0.45,250,83600
20240221,10:48:45,0.45,550,83600
20240221,10:48:59,0.45,1800,83600
20240221,10:49:08,0.45,1800,84950
20240221,10:49:09,0.45,1800,84950
20240221,10:49:11,0.45,1800,84950
20240221,10:49:23,0.45,1100,84950
20240221,10:49:25,0.45,900,84950
20240221,10:49:29,0.45,900,84950
20240221,10:49:38,0.45,900,84950
20240221,10:49:38,0.45,50,84950
20240221,10:49:49,0.5,700,84950
20240221,10:49:58,0.5,950,84950
20240221,10:50:00,0.5,600,84950
20240221,10:50:09,0.45,250,84950
20240221,10:50:33,0.5,500,84950
20240221,10:51:10,0.45,1500,84950
20240221,10:51:15,0.45,250,84950
20240221,10:51:43,0.45,250,84950
20240221,10:52:10,0.45,50,91950
20240221,10:52:33,0.5,250,91950
20240221,10:54:36,0.5,200,91950
20240221,10:54:45,0.5,5800,91950
20240221,10:55:09,0.45,500,91950
20240221,10:55:13,0.45,100,93700
20240221,10:55:26,0.45,500,93700
20240221,10:55:30,0.45,400,93700
20240221,10:55:35,0.45,300,93700
20240221,10:55:39,0.45,300,93700
20240221,10:55:41,0.45,300,93700
20240221,10:56:53,0.45,50,93700
20240221,10:57:07,0.45,900,93700
20240221,10:57:28,0.45,750,93700
20240221,10:57:29,0.45,50,93700
20240221,10:57:31,0.45,50,93700
20240221,10:57:32,0.45,100,93700
20240221,10:57:33,0.45,50,93700
20240221,10:57:53,0.45,50,93700
20240221,10:57:54,0.45,100,93700
20240221,10:58:44,0.45,800,92300
20240221,10:59:17,0.45,150,92300
20240221,10:59:52,0.45,250,92300
20240221,11:00:13,0.5,2900,92300
20240221,11:01:28,0.5,700,92650
20240221,11:04:15,0.5,50,92650
20240221,11:05:02,0.45,500,92850
20240221,11:05:51,0.5,50,92850
20240221,11:07:18,0.5,1000,92350
20240221,11:07:50,0.45,1650,92350
20240221,11:09:06,0.45,1700,92350
20240221,11:10:06,0.45,150,92350
20240221,11:10:09,0.45,1000,92350
20240221,11:10:12,0.45,150,91050
20240221,11:10:13,0.45,900,91050
20240221,11:10:39,0.45,400,91050
20240221,11:13:09,0.5,600,91050
20240221,11:13:58,0.5,250,90350
20240221,11:14:18,0.5,250,90350
20240221,11:14:35,0.5,200,90350
20240221,11:14:45,0.5,650,90350
20240221,11:15:41,0.5,300,90350
20240221,11:16:06,0.5,1250,90350
20240221,11:16:08,0.5,50,90350
20240221,11:16:14,0.5,2350,90750
20240221,11:16:25,0.5,200,90750
20240221,11:16:26,0.5,100,90750
20240221,11:16:28,0.5,50,90750
20240221,11:16:53,0.5,100,90750
20240221,11:18:34,0.55,800,90750
20240221,11:18:38,0.6,650,90750
20240221,11:20:32,0.6,250,91300
20240221,11:21:25,0.6,150,91300
20240221,11:24:03,0.55,250,91300
20240221,11:24:13,0.55,250,91450
20240221,11:24:21,0.55,250,91450
20240221,11:24:39,0.55,250,91450
20240221,11:24:57,0.6,300,91450
20240221,11:24:57,0.6,50,91450
20240221,11:25:05,0.6,300,91450
20240221,11:25:07,0.6,300,91450
20240221,11:25:08,0.6,550,91450
20240221,11:25:09,0.6,400,91450
20240221,11:25:11,0.55,300,91450
20240221,11:25:11,0.55,350,91450
20240221,11:25:15,0.55,250,92600
20240221,11:25:20,0.55,50,92600
20240221,11:25:21,0.55,400,92600
20240221,11:25:39,0.6,50,92600
20240221,11:26:14,0.55,250,92600
20240221,11:26:30,0.55,50,92600
20240221,11:26:54,0.55,200,92600
20240221,11:27:22,0.55,50,92600
20240221,11:28:53,0.55,1000,92600
20240221,11:30:16,0.55,50,92300
20240221,11:30:56,0.55,4250,92300
20240221,11:30:57,0.55,500,92300
20240221,11:30:59,0.55,1800,92300
20240221,11:31:06,0.55,3000,92300
20240221,11:31:36,0.55,400,91350
20240221,11:31:40,0.55,50,91350
20240221,11:32:21,0.5,100,91350
20240221,11:33:27,0.55,100,91350
20240221,11:36:29,0.5,900,90950
20240221,11:36:31,0.5,900,90950
20240221,11:36:51,0.5,700,90950
20240221,11:38:18,0.55,250,90950
20240221,11:40:36,0.55,50,90900
20240221,11:41:19,0.55,250,90900
20240221,11:41:22,0.55,250,90900
20240221,11:41:38,0.55,50,90900
20240221,11:41:57,0.55,250,90900
20240221,11:42:04,0.55,250,90900
20240221,11:42:20,0.55,250,90900
20240221,11:42:22,0.5,1800,90900
20240221,11:42:23,0.5,700,90900
20240221,11:43:22,0.55,250,89650
20240221,11:43:27,0.55,250,89650
20240221,11:43:32,0.55,300,89650
20240221,11:44:10,0.5,50,89650
20240221,11:44:18,0.55,300,89650
20240221,11:44:25,0.55,250,89650
20240221,11:45:24,0.55,50,89650
20240221,11:46:06,0.55,250,89650
20240221,11:46:34,0.55,500,89350
20240221,11:46:45,0.55,250,89350
20240221,11:47:26,0.5,50,89350
20240221,11:47:33,0.5,50,89350
20240221,11:48:33,0.55,500,89350
20240221,11:49:13,0.5,200,89350
20240221,11:49:45,0.55,150,89650
20240221,11:49:47,0.55,100,89650
20240221,11:49:48,0.55,250,89650
20240221,11:50:40,0.55,500,89650
20240221,11:50:55,0.5,500,89650
20240221,11:50:56,0.5,50,89650
20240221,11:50:57,0.5,500,89650
20240221,11:51:50,0.55,500,89650
20240221,11:51:59,0.55,500,89650
20240221,11:54:39,0.5,1700,89950
20240221,11:54:39,0.5,200,89950
20240221,11:54:51,0.5,500,89950
20240221,11:54:52,0.5,150,89950
20240221,11:55:20,0.55,250,89950
20240221,11:55:28,0.55,700,89950
20240221,11:55:37,0.55,250,89950
20240221,11:55:42,0.55,250,89950
20240221,11:56:01,0.55,1000,89950
20240221,11:57:35,0.5,200,89950
20240221,11:58:41,0.5,300,89950
20240221,12:00:13,0.5,750,89950
20240221,12:00:51,0.55,50,89950
20240221,12:01:31,0.55,250,90000
20240221,12:01:33,0.55,550,90000
20240221,12:01:50,0.55,250,90000
20240221,12:02:07,0.55,1500,90000
20240221,12:02:12,0.55,50,90000
20240221,12:02:47,0.55,250,90000
20240221,12:03:00,0.55,50,90000
20240221,12:03:56,0.5,100,90000
20240221,12:05:17,0.55,250,88050
20240221,12:05:27,0.55,500,88050
20240221,12:05:59,0.55,150,88050
20240221,12:06:03,0.5,100,88050
20240221,12:06:27,0.5,850,88050
20240221,12:06:29,0.5,300,88050
20240221,12:07:03,0.5,200,88050
20240221,12:07:57,0.55,50,87700
20240221,12:09:22,0.45,50,87700
20240221,12:09:46,0.55,250,87700
20240221,12:09:46,0.55,500,87700
20240221,12:13:06,0.45,5200,88450
20240221,12:13:08,0.45,100,88450
20240221,12:13:09,0.4,350,88450
20240221,12:14:19,0.45,1650,88450
20240221,12:14:33,0.5,500,85850
20240221,12:14:36,0.45,150,85850
20240221,12:14:46,0.45,100,85850
20240221,12:14:48,0.45,1100,85850
20240221,12:14:50,0.45,100,85850
20240221,12:15:56,0.5,300,85850
20240221,12:15:57,0.5,150,85850
20240221,12:16:01,0.45,850,85850
20240221,12:16:02,0.5,500,85850
20240221,12:16:03,0.5,200,85850
20240221,12:16:06,0.5,1450,85850
20240221,12:16:07,0.5,500,85850
20240221,12:16:08,0.5,200,85850
20240221,12:16:53,0.5,500,87450
20240221,12:16:55,0.5,400,87450
20240221,12:16:55,0.5,100,87450
20240221,12:16:57,0.5,450,87450
20240221,12:16:57,0.5,150,87450
20240221,12:17:09,0.55,300,87450
20240221,12:17:10,0.55,400,87450
20240221,12:17:11,0.55,350,87450
20240221,12:17:29,0.55,2300,87450
20240221,12:17:30,0.5,200,87450
20240221,12:17:33,0.5,250,87450
20240221,12:17:36,0.6,50,87450
20240221,12:17:54,0.5,250,87450
20240221,12:18:05,0.6,1800,87450
20240221,12:18:26,0.55,3650,87450
20240221,12:18:30,0.55,2200,87450
20240221,12:18:31,0.5,50,87450
20240221,12:19:00,0.55,750,87450
20240221,12:19:02,0.6,1800,87450
20240221,12:19:17,0.55,1750,87450
20240221,12:19:54,0.55,50,87450
20240221,12:19:59,0.55,1150,84850
20240221,12:20:37,0.55,500,84850
20240221,12:20:38,0.55,100,84850
20240221,12:20:42,0.55,1700,84850
20240221,12:20:55,0.5,1000,84850
20240221,12:20:57,0.5,250,84850
20240221,12:20:58,0.5,1800,84850
20240221,12:20:59,0.5,2900,84850
20240221,12:21:00,0.5,2600,84850
20240221,12:21:14,0.45,150,84850
20240221,12:21:17,0.45,50,84850
20240221,12:21:26,0.5,250,84850
20240221,12:21:34,0.5,250,84850
20240221,12:21:39,0.45,200,84850
20240221,12:22:29,0.45,2550,88100
20240221,12:22:35,0.45,2300,88100
20240221,12:22:39,0.45,100,88100
20240221,12:22:49,0.45,2850,88100
20240221,12:22:50,0.45,250,88100
20240221,12:22:51,0.45,50,88100
20240221,12:22:53,0.45,100,88100
20240221,12:22:55,0.45,500,88100
20240221,12:22:58,0.45,50,88100
20240221,12:24:34,0.45,500,88100
20240221,12:24:53,0.45,250,88100
20240221,12:25:09,0.45,50,88100
20240221,12:25:28,0.45,50,87650
20240221,12:25:54,0.45,250,87650
20240221,12:27:49,0.45,100,87650
20240221,12:31:24,0.4,50,87650
20240221,12:33:32,0.4,1800,87650
20240221,12:33:33,0.4,1800,87650
20240221,12:33:34,0.4,1800,87650
20240221,12:33:35,0.4,1800,87650
20240221,12:33:40,0.4,1800,87650
20240221,12:33:41,0.4,1700,87650
20240221,12:33:42,0.4,50,87650
20240221,12:33:48,0.4,100,87650
20240221,12:33:52,0.4,250,87650
20240221,12:34:13,0.4,250,87650
20240221,12:34:18,0.4,50,87650
20240221,12:34:19,0.4,50,87650
20240221,12:35:37,0.4,250,97900
20240221,12:36:15,0.35,50,97900
20240221,12:36:19,0.35,800,97900
20240221,12:37:04,0.4,50,97900
20240221,12:37:05,0.4,500,97900
20240221,12:37:24,0.35,50,97900
20240221,12:37:57,0.35,1800,98100
20240221,12:37:58,0.35,4900,98100
20240221,12:38:03,0.35,600,98100
20240221,12:38:11,0.4,50,98100
20240221,12:38:39,0.35,1800,98100
20240221,12:39:00,0.4,150,98100
20240221,12:40:23,0.35,1050,98100
20240221,12:41:27,0.4,450,97850
20240221,12:42:27,0.4,500,97850
20240221,12:44:38,0.4,250,97850
20240221,12:45:49,0.4,250,97850
20240221,12:46:21,0.4,500,97850
20240221,12:46:25,0.35,50,97850
20240221,12:46:33,0.35,50,97850
20240221,12:46:52,0.4,300,97850
20240221,12:46:53,0.35,50,97850
20240221,12:47:28,0.4,50,97850
20240221,12:47:37,0.4,1000,97850
20240221,12:47:51,0.35,2150,97850
20240221,12:48:16,0.4,650,97850
20240221,12:48:17,0.4,650,97850
20240221,12:48:18,0.4,150,97850
20240221,12:48:19,0.4,650,97850
20240221,12:48:20,0.4,350,97850
20240221,12:48:30,0.4,150,97850
20240221,12:49:27,0.4,500,98450
20240221,12:50:27,0.35,400,98450
20240221,12:50:32,0.4,500,98450
20240221,12:59:17,0.4,50,98450
20240221,12:59:18,0.4,100,99650
20240221,12:59:19,0.4,500,99650
20240221,13:00:21,0.4,200,99650
20240221,13:00:36,0.4,50,99650
20240221,13:00:37,0.4,50,99650
20240221,13:00:39,0.4,50,99650
20240221,13:00:41,0.4,50,99650
20240221,13:00:42,0.4,50,99650
20240221,13:00:43,0.4,50,99650
20240221,13:00:43,0.4,950,99650
20240221,13:00:44,0.45,1800,99650
20240221,13:01:46,0.4,1800,100550
20240221,13:01:56,0.4,1250,100550
20240221,13:06:28,0.4,50,100550
20240221,13:06:53,0.4,50,98750
20240221,13:07:35,0.4,50,98750
20240221,13:08:25,0.4,850,98750
20240221,13:08:26,0.4,950,98750
20240221,13:08:27,0.4,1800,98750
20240221,13:09:25,0.4,300,98750
20240221,13:10:21,0.4,1200,98750
20240221,13:11:05,0.4,450,98750
20240221,13:12:53,0.45,50,97250
20240221,13:19:54,0.35,50,97250
20240221,13:21:56,0.4,300,97750
20240221,13:22:30,0.4,300,97750
20240221,13:26:20,0.4,500,98000
20240221,13:26:35,0.35,550,97700
20240221,13:26:36,0.35,750,97700
20240221,13:26:52,0.35,100,97700
20240221,13:26:54,0.35,300,97700
20240221,13:26:57,0.4,450,97700
20240221,13:27:20,0.4,250,97700
20240221,13:27:29,0.4,250,97700
20240221,13:27:45,0.4,100,97700
20240221,13:27:45,0.4,50,97700
20240221,13:28:51,0.4,50,97700
20240221,13:28:56,0.4,250,97800
20240221,13:29:03,0.35,350,97800
20240221,13:29:23,0.4,350,97800
20240221,13:30:08,0.4,50,97800
20240221,13:31:37,0.4,250,97800
20240221,13:32:08,0.4,350,97800
20240221,13:33:04,0.35,250,97800
20240221,13:36:21,0.35,100,97800
20240221,13:37:57,0.4,900,97800
20240221,13:40:38,0.35,100,97800
20240221,13:41:32,0.4,300,97700
20240221,13:41:45,0.35,50,97700
20240221,13:41:48,0.4,50,97700
20240221,13:42:50,0.35,50,97700
20240221,13:43:08,0.4,50,97700
20240221,13:43:41,0.35,200,97900
20240221,13:43:50,0.4,200,97900
20240221,13:46:27,0.45,50,97900
20240221,13:47:18,0.4,400,97950
20240221,13:47:42,0.35,250,97950
20240221,13:47:55,0.35,250,97950
20240221,13:48:04,0.35,250,97950
20240221,13:48:15,0.4,200,97950
20240221,13:48:19,0.35,150,97950
20240221,13:48:32,0.35,300,97950
20240221,13:48:36,0.35,250,97950
20240221,13:49:00,0.35,250,97950
20240221,13:49:02,0.35,250,97950
20240221,13:49:06,0.4,50,97950
20240221,13:49:13,0.35,250,97950
20240221,13:49:18,0.35,350,97950
20240221,13:49:22,0.35,250,97950
20240221,13:49:28,0.35,150,97950
20240221,13:49:30,0.35,400,97950
20240221,13:49:30,0.35,50,97950
20240221,13:50:12,0.3,50,97450
20240221,13:50:59,0.3,100,97450
20240221,13:51:11,0.3,150,97450
20240221,13:52:02,0.3,250,97450
20240221,13:52:13,0.3,300,97450
20240221,13:52:14,0.35,450,97450
20240221,13:52:20,0.3,250,97450
20240221,13:52:35,0.3,250,97200
20240221,13:53:03,0.35,1850,97200
20240221,13:53:08,0.35,750,97200
20240221,13:54:02,0.3,300,97200
20240221,13:54:11,0.3,300,97200
20240221,13:55:23,0.3,300,97200
20240221,13:55:42,0.3,50,97850
20240221,13:55:48,0.3,250,97850
20240221,13:56:29,0.35,850,97850
20240221,13:56:31,0.3,400,97850
20240221,13:56:32,0.3,300,97850
20240221,13:56:54,0.3,250,97850
20240221,13:56:59,0.3,250,97850
20240221,13:58:59,0.3,150,97300
20240221,13:59:13,0.3,50,97300
20240221,14:00:20,0.35,250,97300
20240221,14:00:53,0.35,1000,97300
20240221,14:01:18,0.3,1200,97300
20240221,14:01:20,0.25,1800,97300
20240221,14:01:21,0.25,50,97300
20240221,14:01:22,0.3,100,97300
20240221,14:01:23,0.3,50,97300
20240221,14:01:51,0.3,500,99000
20240221,14:01:54,0.3,50,99000
20240221,14:01:58,0.3,1800,99000
20240221,14:02:23,0.3,500,99000
20240221,14:02:32,0.3,600,99000
20240221,14:02:33,0.3,2400,99000
20240221,14:02:34,0.35,3100,99000
20240221,14:02:55,0.35,50,99000
20240221,14:03:39,0.3,200,99000
20240221,14:05:32,0.3,100,102250
20240221,14:05:35,0.3,150,102250
20240221,14:07:48,0.3,150,102200
20240221,14:09:03,0.3,900,102200
20240221,14:10:23,0.3,50,102200
20240221,14:12:56,0.25,650,102200
20240221,14:13:27,0.25,1800,102200
20240221,14:13:34,0.25,550,102200
20240221,14:15:12,0.25,150,102500
20240221,14:15:35,0.25,2050,102500
20240221,14:16:56,0.25,250,102500
20240221,14:18:04,0.25,950,104000
20240221,14:18:07,0.25,100,104000
20240221,14:18:19,0.2,1800,104000
20240221,14:18:43,0.2,100,104000
20240221,14:19:19,0.2,50,104000
20240221,14:19:31,0.2,100,104000
20240221,14:19:35,0.2,50,104000
20240221,14:20:19,0.25,1000,105000
20240221,14:23:26,0.25,700,106000
20240221,14:24:07,0.25,1200,106000
20240221,14:26:59,0.25,700,106000
20240221,14:27:27,0.25,100,106250
20240221,14:27:43,0.2,350,106250
20240221,14:27:52,0.2,300,106250
20240221,14:31:15,0.2,300,106900
20240221,14:33:46,0.25,50,107200
20240221,14:33:49,0.25,100,107200
20240221,14:35:21,0.2,250,107200
20240221,14:35:22,0.2,550,107200
20240221,14:35:23,0.2,750,107200
20240221,14:35:35,0.2,500,107200
20240221,14:35:36,0.2,50,107200
20240221,14:36:04,0.2,250,107200
20240221,14:36:05,0.2,100,107200
20240221,14:36:43,0.25,1800,107200
20240221,14:37:16,0.2,150,107200
20240221,14:37:18,0.25,1000,107200
20240221,14:37:19,0.2,700,107200
20240221,14:37:42,0.2,50,109500
20240221,14:37:44,0.2,750,109500
20240221,14:37:52,0.2,1000,109500
20240221,14:38:25,0.2,1800,109500
20240221,14:38:42,0.2,250,109500
20240221,14:38:55,0.2,50,109500
20240221,14:38:57,0.2,250,109500
20240221,14:39:07,0.2,50,109500
20240221,14:39:10,0.2,250,109500
20240221,14:39:17,0.2,250,109500
20240221,14:39:21,0.2,50,109500
20240221,14:39:23,0.2,50,109500
20240221,14:39:26,0.2,50,109500
20240221,14:39:28,0.2,50,109500
20240221,14:39:30,0.2,50,109500
20240221,14:39:33,0.2,50,109500
20240221,14:39:34,0.2,250,109500
20240221,14:39:35,0.2,50,109500
20240221,14:39:39,0.2,50,109500
20240221,14:39:40,0.2,50,109500
20240221,14:39:45,0.25,50,109500
20240221,14:39:46,0.2,1800,109500
20240221,14:39:48,0.25,1200,109500
20240221,14:39:51,0.2,9000,109500
20240221,14:39:52,0.2,1900,109500
20240221,14:39:57,0.25,50,109500
20240221,14:39:58,0.2,750,109500
20240221,14:40:00,0.2,1800,109500
20240221,14:40:02,0.25,500,109500
20240221,14:40:05,0.25,500,109500
20240221,14:40:05,0.2,250,109500
20240221,14:40:16,0.25,100,109500
20240221,14:40:17,0.2,350,109500
20240221,14:40:23,0.25,100,109500
20240221,14:40:36,0.25,50,109500
20240221,14:40:45,0.25,50,109800
20240221,14:40:47,0.25,50,109800
20240221,14:42:02,0.2,250,109800
20240221,14:42:15,0.2,550,109800
20240221,14:42:24,0.2,250,109800
20240221,14:42:33,0.2,1000,109800
20240221,14:42:55,0.2,250,109800
20240221,14:42:56,0.2,1800,109800
20240221,14:43:01,0.2,250,109800
20240221,14:44:53,0.2,1500,111150
20240221,14:45:12,0.2,50,111150
20240221,14:45:28,0.2,700,111150
20240221,14:46:22,0.15,50,111150
20240221,14:49:05,0.15,1800,111150
20240221,14:49:36,0.15,150,111150
20240221,14:50:16,0.15,1800,111150
20240221,14:50:17,0.15,3600,112950
20240221,14:50:31,0.15,1500,112950
20240221,14:50:54,0.15,2400,112950
20240221,14:51:20,0.15,1800,112950
20240221,14:52:06,0.2,50,112950
20240221,14:52:26,0.15,700,112950
20240221,14:53:01,0.2,250,120150
20240221,14:53:10,0.2,250,120150
20240221,14:53:20,0.2,300,120150
20240221,14:55:29,0.15,50,120150
20240221,14:57:26,0.15,350,120150
20240221,14:59:15,0.2,750,119350
20240221,15:00:06,0.2,750,119350
20240221,15:00:33,0.2,250,119350
20240221,15:01:56,0.15,500,119350
20240221,15:02:09,0.15,50,119350
20240221,15:02:11,0.15,50,119350
20240221,15:03:20,0.2,900,119350
20240221,15:05:00,0.2,50,119350
20240221,15:09:14,0.15,50,119350
20240221,15:09:56,0.15,50,119350
20240221,15:10:24,0.2,50,119350
20240221,15:10:26,0.2,50,119350
20240221,15:11:52,0.2,250,119350
20240221,15:12:33,0.2,250,119400
20240221,15:12:45,0.2,250,119400
20240221,15:12:53,0.2,250,119400
20240221,15:13:08,0.2,250,119400
20240221,15:13:34,0.2,250,119400
20240221,15:15:30,0.15,900,119400
20240221,15:16:13,0.2,300,117900
20240221,15:16:34,0.15,50,117900
20240221,15:17:04,0.2,1250,117600
20240221,15:17:22,0.15,900,117600
20240221,15:17:32,0.15,100,117600
20240221,15:17:32,0.15,150,117600
20240221,15:17:51,0.15,50,117600
20240221,15:19:04,0.2,50,117600
20240221,15:19:09,0.15,50,117600
20240221,15:19:12,0.15,50,117600
20240221,15:19:14,0.15,50,117600
20240221,15:19:32,0.2,250,117600
20240221,15:19:38,0.2,450,117600
20240221,15:19:39,0.2,250,117600
20240221,15:19:44,0.2,350,117600
20240221,15:21:20,0.15,300,117050
20240221,15:21:22,0.15,200,117050
20240221,15:21:23,0.15,900,117050
20240221,15:21:30,0.15,900,117050
20240221,15:21:31,0.15,200,117050
20240221,15:21:37,0.15,50,117050
20240221,15:21:39,0.15,50,117050
20240221,15:22:30,0.15,50,117050
20240221,15:22:32,0.15,50,117050
20240221,15:22:38,0.15,1500,117050
20240221,15:23:45,0.2,50,117050
20240221,15:24:14,0.15,50,117050
20240221,15:24:17,0.15,50,117050
20240221,15:24:19,0.15,50,117050
20240221,15:24:23,0.15,50,117050
20240221,15:24:26,0.15,50,117050
20240221,15:24:31,0.15,50,117050
20240221,15:24:43,0.15,300,117050
20240221,15:25:01,0.15,50,117050
20240221,15:25:03,0.15,50,117050
20240221,15:25:40,0.15,1800,117050
20240221,15:25:40,0.15,250,117050
20240221,15:25:42,0.15,100,117050
20240221,15:25:48,0.15,1500,117050
20240221,15:27:23,0.15,200,117050
20240221,15:27:25,0.15,50,117050
20240221,15:27:27,0.15,50,117050
20240221,15:27:38,0.2,50,117050
20240221,15:28:00,0.15,400,117050
20240221,15:28:09,0.15,100,117050
20240221,15:28:23,0.15,1900,117050
20240221,15:28:24,0.15,250,117050
20240221,15:28:58,0.15,1800,117050
20240221,15:29:00,0.15,1800,118850
20240221,15:29:01,0.15,1800,118850
20240221,15:29:04,0.15,1800,118850
20240221,15:29:06,0.15,1800,118850
20240221,15:29:10,0.15,250,118850
20240221,15:29:11,0.15,1050,118850
20240221,15:29:15,0.15,250,118850
20240221,15:29:27,0.15,1850,118850
20240221,15:29:30,0.2,50,118850
20240221,15:29:33,0.2,750,118850
20240221,15:29:49,0.15,450,118850
20240222,09:15:01,0.1,1,119900
20240222,09:15:01,0.15,250,119900
20240222,09:15:03,0.15,800,119900
20240222,09:15:03,0.15,50,119900
20240222,09:15:05,0.3,3050,119900
20240222,09:15:06,0.3,550,119900
20240222,09:15:07,0.2,150,119900
20240222,09:15:08,0.2,50,119900
20240222,09:15:23,0.2,50,119900
