date,time,tick_price,volume,open_interest
20240207,13:46:00,575.2,50,50
20240214,10:19:44,802.0,1,50
20240214,10:19:44,802.0,150,50
20240214,10:32:03,825.0,50,200
20240214,14:55:32,825.0,50,250
20240214,15:27:36,575.0,50,300
20240215,09:48:29,570.0,1,300
20240215,09:48:29,570.0,50,300
20240215,10:12:55,574.0,50,350
20240215,10:16:00,574.0,50,400
20240215,10:16:59,550.0,50,400
20240215,10:24:40,551.0,50,450
20240215,10:28:00,565.0,50,450
20240215,10:31:09,550.0,50,500
20240215,10:35:09,565.0,50,500
20240215,11:35:04,578.9,250,550
20240215,11:41:44,578.9,250,800
20240215,11:52:31,565.0,50,550
20240215,13:20:25,561.6,150,600
20240215,13:27:48,547.0,50,600
20240215,13:31:28,540.0,50,700
20240215,13:39:28,509.25,200,700
20240215,13:39:46,502.95,250,700
20240215,13:40:04,487.45,300,700
20240215,13:42:07,474.9,50,1300
20240215,13:42:47,474.9,50,1300
20240215,13:42:52,481.3,400,1300
20240215,13:44:47,475.8,50,1800
20240215,13:53:41,478.05,50,1800
20240215,13:53:44,479.2,50,1800
20240215,14:09:53,485.55,50,1800
20240215,14:10:33,479.2,50,1850
20240215,14:23:32,503.15,50,1900
20240215,14:45:19,505.0,1000,1900
20240215,14:47:48,510.0,50,2900
20240215,14:50:31,509.75,250,2950
20240215,14:52:57,496.95,50,3200
20240215,14:54:29,496.5,400,3200
20240215,14:57:37,509.1,50,3250
20240215,15:02:58,504.05,50,3250
20240215,15:04:13,502.9,50,3250
20240215,15:04:51,498.1,1000,3350
20240215,15:05:03,501.4,1000,3350
20240215,15:13:32,501.05,50,3800
20240215,15:14:02,499.5,50,3800
20240215,15:20:30,482.15,50,3800
20240215,15:22:22,478.3,50,3800
20240215,15:23:00,480.55,50,3750
20240215,15:23:21,480.45,50,3750
20240215,15:23:53,473.05,50,3750
20240215,15:25:00,473.05,50,3750
20240215,15:25:08,475.4,50,3750
20240216,09:15:02,429.35,1,3850
20240216,09:15:02,429.35,100,3850
20240216,09:15:03,430.2,800,3850
20240216,09:15:04,439.05,2400,3850
20240216,09:15:06,443.4,800,3850
20240216,09:15:07,446.25,800,3850
20240216,09:15:38,447.05,100,8650
20240216,09:16:01,447.05,200,8650
20240216,09:16:06,435.8,50,8650
20240216,09:16:08,437.3,250,8650
20240216,09:16:09,437.05,50,8650
20240216,09:16:12,442.95,50,8650
20240216,09:16:13,439.0,100,8650
20240216,09:16:52,436.25,450,8650
20240216,09:17:12,440.65,50,8650
20240216,09:17:34,441.15,50,8650
20240216,09:17:46,443.15,50,8650
20240216,09:18:07,440.55,50,8650
20240216,09:18:08,441.0,50,8650
20240216,09:18:19,440.25,600,8650
20240216,09:18:23,439.05,50,8650
20240216,09:18:32,438.6,100,9000
20240216,09:18:43,439.0,50,9000
20240216,09:18:50,439.9,50,9000
20240216,09:18:55,440.65,250,9000
20240216,09:18:58,440.5,100,9000
20240216,09:18:59,440.6,50,9000
20240216,09:19:00,441.25,250,9000
20240216,09:19:01,441.55,50,9000
20240216,09:19:02,442.35,50,9000
20240216,09:19:14,441.6,50,9000
20240216,09:19:21,444.15,50,9000
20240216,09:19:23,442.7,100,9000
20240216,09:19:31,444.0,50,9000
20240216,09:19:37,442.9,50,9000
20240216,09:19:38,444.25,50,9000
20240216,09:19:39,444.4,50,9000
20240216,09:19:40,443.35,100,9000
20240216,09:19:42,443.7,50,9000
20240216,09:19:43,444.7,50,9000
20240216,09:19:45,445.1,50,9000
20240216,09:19:46,446.0,50,9000
20240216,09:19:48,446.05,50,9000
20240216,09:19:49,446.25,50,9000
20240216,09:19:51,444.1,50,9000
20240216,09:19:52,444.5,50,9000
20240216,09:19:53,444.85,50,9000
20240216,09:19:54,443.85,50,9000
20240216,09:19:58,444.05,100,9000
20240216,09:19:59,444.25,100,9000
20240216,09:20:01,443.5,50,9000
20240216,09:20:04,442.35,50,9000
20240216,09:20:06,443.6,50,9000
20240216,09:20:06,442.7,50,9000
20240216,09:20:07,443.45,50,9000
20240216,09:20:08,443.75,50,9000
20240216,09:20:09,443.2,50,9000
20240216,09:20:10,443.35,50,9000
20240216,09:20:12,444.45,50,9000
20240216,09:20:13,444.55,100,9000
20240216,09:20:14,443.85,50,9000
20240216,09:20:16,444.05,100,9000
20240216,09:20:17,443.85,150,9000
20240216,09:20:18,443.85,50,9000
20240216,09:20:20,443.9,50,9000
20240216,09:20:22,443.8,50,9000
20240216,09:20:23,445.85,50,9000
20240216,09:20:47,445.85,50,9000
20240216,09:23:13,450.85,50,11350
20240216,09:23:37,450.85,50,11350
20240216,09:23:39,448.65,50,11350
20240216,09:23:50,443.25,50,11350
20240216,09:23:55,444.45,50,11350
20240216,09:26:12,454.95,50,11350
20240216,09:30:02,454.95,50,11350
20240216,09:30:34,443.35,50,11300
20240216,09:31:15,436.0,100,11300
20240216,09:32:30,444.25,200,11300
20240216,09:32:46,441.0,200,11300
20240216,09:32:59,445.0,100,11300
20240216,09:33:04,447.25,200,11300
20240216,09:33:25,452.75,200,11300
20240216,09:34:40,451.15,200,11300
20240216,09:39:20,442.4,50,11500
20240216,09:40:17,438.9,50,11500
20240216,09:44:35,445.15,50,11500
20240216,09:44:52,444.55,50,11500
20240216,09:45:07,449.7,50,11500
20240216,09:45:43,445.25,50,11600
20240216,09:46:08,449.75,50,11600
20240216,09:47:00,453.6,50,11600
20240216,09:47:25,460.0,200,11600
20240216,09:48:22,462.15,50,11600
20240216,09:49:46,464.8,50,11450
20240216,09:49:47,464.8,1800,11450
20240216,09:50:20,460.4,50,11450
20240216,09:50:23,459.75,50,11450
20240216,09:52:07,452.85,50,12800
20240216,09:52:23,448.8,50,12800
20240216,09:52:24,446.6,100,12800
20240216,09:52:25,448.35,50,12800
20240216,09:53:40,450.9,100,12800
20240216,09:54:06,448.0,150,12800
20240216,09:54:42,444.0,50,12700
20240216,09:54:43,442.4,50,12700
20240216,09:56:07,433.3,300,12700
20240216,09:56:15,431.2,200,12700
20240216,09:56:40,438.55,400,12700
20240216,09:57:10,431.55,100,12700
20240216,09:59:42,433.8,1800,12650
20240216,10:01:02,430.15,50,13300
20240216,10:01:45,432.1,50,13300
20240216,10:03:54,424.5,100,13350
20240216,10:04:06,422.6,50,13350
20240216,10:04:10,422.3,50,13350
20240216,10:04:16,422.3,50,13350
20240216,10:05:43,433.7,200,13350
20240216,10:05:50,432.6,50,13350
20240216,10:06:32,422.9,100,13350
20240216,10:06:42,418.5,50,13650
20240216,10:06:46,418.5,50,13650
20240216,10:08:18,417.65,200,13650
20240216,10:09:01,417.65,100,13650
20240216,10:09:22,413.25,100,13650
20240216,10:09:48,413.85,50,13500
20240216,10:10:25,414.8,50,13500
20240216,10:12:14,413.7,1800,13500
20240216,10:15:08,402.45,50,15250
20240216,10:15:10,402.45,50,15250
20240216,10:15:26,407.55,100,15250
20240216,10:15:31,407.4,150,15250
20240216,10:15:45,411.3,150,15250
20240216,10:15:58,412.35,150,15250
20240216,10:16:05,407.4,250,15250
20240216,10:18:02,416.35,50,15250
20240216,10:18:03,412.2,100,15250
20240216,10:19:13,412.5,50,15100
20240216,10:19:21,414.15,50,15100
20240216,10:19:23,413.45,50,15100
20240216,10:19:58,412.8,50,15100
20240216,10:20:20,418.95,200,15100
20240216,10:20:32,420.6,300,15100
20240216,10:20:37,419.55,150,15100
20240216,10:20:48,415.0,50,15100
20240216,10:20:50,415.05,150,15100
20240216,10:20:52,414.15,50,15100
20240216,10:21:00,413.25,100,15100
20240216,10:21:03,417.85,200,15100
20240216,10:21:25,414.7,100,15100
20240216,10:22:04,413.55,50,14550
20240216,10:23:06,415.95,50,14550
20240216,10:24:17,418.2,50,14550
20240216,10:24:32,418.8,50,14550
20240216,10:25:27,415.35,300,14600
20240216,10:27:11,414.0,50,14600
20240216,10:28:11,413.8,50,14600
20240216,10:29:34,405.0,50,14600
20240216,10:30:28,404.95,100,14600
20240216,10:30:35,403.35,200,14600
20240216,10:30:36,402.0,50,14600
20240216,10:30:59,402.0,50,14700
20240216,10:32:02,411.7,450,14700
20240216,10:36:57,409.9,50,14150
20240216,10:37:30,413.25,100,14150
20240216,10:37:54,419.1,50,14150
20240216,10:37:58,420.75,150,14150
20240216,10:38:01,421.1,50,14150
20240216,10:38:03,422.35,100,14150
20240216,10:38:05,425.0,200,14150
20240216,10:41:55,418.75,50,14050
20240216,10:45:02,410.7,100,14050
20240216,10:45:03,408.75,200,14050
20240216,10:45:04,407.4,50,14050
20240216,10:45:52,412.75,50,13850
20240216,10:47:06,421.0,100,13850
20240216,10:47:45,416.9,100,13850
20240216,10:49:13,422.3,50,13850
20240216,10:50:51,420.2,50,13850
20240216,10:51:10,422.25,50,13850
20240216,10:53:15,419.25,200,13900
20240216,10:53:40,416.7,50,13900
20240216,10:55:12,412.95,50,13850
20240216,11:00:01,415.95,100,13850
20240216,11:00:02,416.6,100,13850
20240216,11:01:10,419.9,50,13750
20240216,11:01:44,423.5,100,13750
20240216,11:03:46,413.05,200,13750
20240216,11:05:04,415.05,50,13650
20240216,11:05:18,413.55,200,13650
20240216,11:08:30,412.5,50,13850
20240216,11:17:46,411.75,50,13850
20240216,11:17:55,410.7,100,13850
20240216,11:18:11,410.4,50,13850
20240216,11:20:54,410.4,1000,13850
20240216,11:21:30,414.45,200,13850
20240216,11:21:41,414.45,50,13850
20240216,11:25:21,411.9,200,13850
20240216,11:25:28,413.9,1000,14350
20240216,11:28:36,416.4,50,13300
20240216,11:31:01,414.4,50,13300
20240216,11:32:51,418.85,50,13300
20240216,11:36:32,428.5,50,13400
20240216,11:37:00,426.1,50,13400
20240216,11:38:03,435.0,50,13400
20240216,11:38:06,430.85,50,13400
20240216,11:39:55,430.85,50,13450
20240216,11:40:49,429.5,50,13450
20240216,11:41:10,425.25,250,13450
20240216,11:42:14,435.15,50,13450
20240216,11:42:49,433.25,50,13350
20240216,11:43:01,437.75,150,13350
20240216,11:44:59,422.6,50,13350
20240216,11:45:02,425.75,100,13350
20240216,11:45:45,427.55,50,13350
20240216,11:46:00,429.25,150,13450
20240216,11:46:33,436.1,50,13450
20240216,11:46:59,431.4,150,13450
20240216,11:47:25,435.2,450,13450
20240216,11:49:36,427.8,50,13200
20240216,11:53:07,422.8,50,13150
20240216,11:53:35,423.8,50,13150
20240216,11:54:27,421.9,50,13150
20240216,11:55:37,422.65,50,13150
20240216,11:55:51,421.85,50,13000
20240216,11:55:54,423.15,50,13000
20240216,11:56:02,425.5,50,13000
20240216,11:56:27,422.95,50,13000
20240216,11:56:59,423.4,50,13000
20240216,12:00:03,414.75,100,12950
20240216,12:00:13,417.05,100,12950
20240216,12:00:34,414.4,150,12950
20240216,12:03:48,416.0,50,13050
20240216,12:04:16,414.0,50,13100
20240216,12:07:48,412.8,50,13150
20240216,12:09:05,404.0,50,13150
20240216,12:09:45,414.0,50,13150
20240216,12:09:52,415.5,400,13150
20240216,12:10:13,413.9,150,13150
20240216,12:13:59,411.6,50,13300
20240216,12:16:30,410.55,150,13300
20240216,12:16:33,411.55,50,13300
20240216,12:19:48,418.55,50,13250
20240216,12:21:36,423.15,100,13250
20240216,12:21:46,424.05,100,13250
20240216,12:22:25,425.25,50,13250
20240216,12:22:33,424.2,350,13250
20240216,12:22:53,424.2,50,13250
20240216,12:23:00,424.25,50,13250
20240216,12:23:16,424.55,50,13250
20240216,12:25:35,425.0,50,13150
20240216,12:25:55,425.5,50,13150
20240216,12:26:20,425.0,200,13150
20240216,12:26:33,427.45,100,13150
20240216,12:26:54,429.1,50,13150
20240216,12:27:20,434.35,50,13150
20240216,12:28:40,429.4,50,13200
20240216,12:29:28,432.8,50,13200
20240216,12:30:03,435.75,100,13200
20240216,12:31:28,430.7,50,13200
20240216,12:31:39,432.3,50,13200
20240216,12:32:18,432.0,50,13200
20240216,12:32:39,427.6,350,13200
20240216,12:32:42,427.3,200,13200
20240216,12:32:46,427.75,50,13200
20240216,12:32:52,430.7,50,13200
20240216,12:34:03,434.35,50,13250
20240216,12:35:44,430.9,50,13250
20240216,12:36:49,427.55,100,13250
20240216,12:37:11,426.0,50,13250
20240216,12:38:03,427.4,50,13250
20240216,12:40:03,418.6,150,13200
20240216,12:41:08,422.3,100,13200
20240216,12:41:47,425.85,100,13200
20240216,12:45:03,419.0,100,13200
20240216,12:45:12,422.35,150,13200
20240216,12:49:25,416.15,50,13100
20240216,12:52:30,415.25,50,13100
20240216,12:54:36,410.0,200,13100
20240216,12:54:44,408.1,50,13100
20240216,12:55:37,400.7,50,13100
20240216,12:55:51,400.7,50,13300
20240216,13:00:12,406.5,50,13300
20240216,13:00:30,406.5,50,13300
20240216,13:00:31,406.5,50,13300
20240216,13:00:46,401.85,100,13300
20240216,13:00:53,399.0,150,13300
20240216,13:00:54,397.75,100,13300
20240216,13:00:55,397.75,50,13300
20240216,13:01:11,402.8,50,13500
20240216,13:02:23,405.8,50,13500
20240216,13:03:00,411.3,50,13500
20240216,13:03:17,408.15,50,13500
20240216,13:03:53,409.0,50,13500
20240216,13:04:33,411.35,50,13550
20240216,13:05:46,406.5,150,13550
20240216,13:05:59,407.85,100,13550
20240216,13:06:53,410.25,50,13550
20240216,13:07:13,407.85,250,13650
20240216,13:09:15,404.85,50,13650
20240216,13:09:39,405.0,50,13650
20240216,13:11:21,403.35,50,13650
20240216,13:12:49,404.85,100,13800
20240216,13:15:02,408.4,100,13900
20240216,13:16:04,408.0,250,13900
20240216,13:17:38,408.0,150,13900
20240216,13:17:44,408.45,150,13900
20240216,13:18:19,409.35,150,13900
20240216,13:19:16,410.2,400,14350
20240216,13:19:23,411.0,50,14350
20240216,13:19:25,410.55,50,14350
20240216,13:20:37,418.4,50,14350
20240216,13:21:15,415.0,50,14350
20240216,13:22:26,409.45,50,13950
20240216,13:22:37,411.0,250,13950
20240216,13:23:39,415.8,50,13950
20240216,13:28:01,415.0,50,13700
20240216,13:28:02,415.95,100,13700
20240216,13:28:15,416.15,50,13700
20240216,13:28:50,417.25,50,13700
20240216,13:31:10,426.0,50,13700
20240216,13:31:15,425.3,50,13700
20240216,13:39:41,414.9,150,13700
20240216,13:40:01,411.75,100,13700
20240216,13:40:36,419.7,100,13650
20240216,13:41:03,421.0,200,13650
20240216,13:41:12,423.45,100,13650
20240216,13:44:09,414.45,200,13650
20240216,13:45:02,412.0,100,13600
20240216,13:45:42,415.2,250,13600
20240216,13:48:44,411.45,50,13650
20240216,13:50:43,412.8,100,13650
20240216,13:52:02,417.6,50,13650
20240216,13:52:05,417.4,50,13650
20240216,13:52:33,415.2,250,13600
20240216,13:53:45,419.05,350,13600
20240216,13:53:53,418.5,50,13600
20240216,13:53:59,416.0,50,13600
20240216,13:55:04,415.4,50,13600
20240216,13:55:08,418.25,50,13900
20240216,13:55:18,415.15,50,13900
20240216,13:56:39,419.4,50,13900
20240216,13:58:14,414.8,50,14000
20240216,13:58:15,416.05,50,14000
20240216,13:58:25,416.05,50,14000
20240216,13:59:29,416.05,50,14000
20240216,14:00:21,424.8,100,14000
20240216,14:01:00,427.45,50,14000
20240216,14:01:12,428.0,50,14050
20240216,14:01:26,425.05,50,14050
20240216,14:01:57,419.8,100,14050
20240216,14:02:25,417.55,50,14050
20240216,14:02:27,415.05,50,14050
20240216,14:04:01,415.85,50,14050
20240216,14:06:57,413.35,50,13900
20240216,14:09:20,412.0,50,13900
20240216,14:09:52,420.0,150,13950
20240216,14:10:25,417.3,100,14150
20240216,14:12:36,416.75,50,14150
20240216,14:13:09,420.0,50,14250
20240216,14:13:15,421.05,50,14250
20240216,14:13:51,435.0,450,14250
20240216,14:14:06,436.35,750,14250
20240216,14:14:40,427.15,50,14250
20240216,14:15:01,421.45,100,14250
20240216,14:15:03,424.4,600,14250
20240216,14:15:44,426.25,100,14250
20240216,14:15:49,424.8,150,14250
20240216,14:16:04,425.15,50,14250
20240216,14:17:39,427.05,100,13500
20240216,14:17:40,427.1,200,13500
20240216,14:17:49,426.7,150,13500
20240216,14:18:01,425.05,300,13500
20240216,14:19:18,430.15,200,13350
20240216,14:19:52,426.25,200,13350
20240216,14:20:12,426.35,50,13350
20240216,14:20:24,428.4,350,13350
20240216,14:20:34,430.4,50,13350
20240216,14:20:40,430.3,150,13350
20240216,14:20:44,430.1,100,13350
20240216,14:20:46,430.6,50,13350
20240216,14:20:50,429.4,150,13350
20240216,14:20:55,427.9,150,13350
20240216,14:21:03,425.55,100,13350
20240216,14:21:49,424.2,50,13350
20240216,14:22:06,421.5,50,13350
20240216,14:22:07,422.15,250,13350
20240216,14:22:08,421.95,100,13350
20240216,14:23:35,428.25,100,13700
20240216,14:24:04,426.7,50,13700
20240216,14:24:18,432.6,50,13700
20240216,14:30:29,415.45,200,13850
20240216,14:31:09,404.9,150,13850
20240216,14:31:15,405.8,50,13850
20240216,14:31:58,410.75,150,14150
20240216,14:34:19,412.0,50,14150
20240216,14:34:44,412.05,900,14000
20240216,14:35:06,412.35,900,14000
20240216,14:37:41,405.15,50,13250
20240216,14:37:59,403.65,900,13250
20240216,14:38:04,402.45,50,13250
20240216,14:38:36,402.0,200,13250
20240216,14:39:14,398.25,50,13250
20240216,14:39:17,396.8,100,13250
20240216,14:39:55,394.2,250,13250
20240216,14:40:55,394.05,50,12250
20240216,14:40:57,393.45,50,12250
20240216,14:42:03,387.05,50,12250
20240216,14:43:09,387.05,50,12250
20240216,14:44:16,388.1,50,12200
20240216,14:44:19,390.0,200,12200
20240216,14:44:34,393.0,100,12200
20240216,14:45:04,397.2,900,12200
20240216,14:46:25,394.0,50,11900
20240216,14:47:00,395.55,50,11900
20240216,14:48:04,398.0,50,11900
20240216,14:48:14,398.8,150,11900
20240216,14:51:32,401.25,50,11800
20240216,14:53:05,400.35,250,11850
20240216,14:53:50,398.15,450,11850
20240216,14:57:25,403.5,450,12100
20240216,14:58:35,402.9,300,11650
20240216,14:58:50,404.0,50,11650
20240216,14:59:27,403.0,100,11650
20240216,15:00:00,397.9,150,11650
20240216,15:00:02,398.8,100,11650
20240216,15:00:05,398.9,150,11650
20240216,15:02:23,401.3,450,11450
20240216,15:02:37,401.55,50,11450
20240216,15:02:50,398.55,250,11450
20240216,15:03:34,391.4,50,11450
20240216,15:03:57,394.5,200,11450
20240216,15:04:10,397.8,150,11450
20240216,15:04:12,398.55,50,11450
20240216,15:04:34,403.0,50,11250
20240216,15:04:48,408.45,500,11250
20240216,15:04:49,410.0,200,11250
20240216,15:04:51,407.25,500,11250
20240216,15:05:46,403.8,200,11250
20240216,15:06:17,407.0,50,11250
20240216,15:06:33,408.8,50,11250
20240216,15:07:03,407.15,50,11250
20240216,15:07:04,407.15,50,11250
20240216,15:07:59,411.9,50,10950
20240216,15:09:30,415.4,50,10950
20240216,15:10:52,413.0,50,10850
20240216,15:12:30,419.0,50,10850
20240216,15:13:13,420.8,400,10850
20240216,15:14:08,414.05,50,10550
20240216,15:15:12,420.2,400,10550
20240216,15:15:32,416.05,50,10550
20240216,15:17:18,423.85,50,10050
20240216,15:19:54,425.6,50,10050
20240216,15:20:00,426.9,100,10050
20240216,15:20:01,426.15,200,10050
20240216,15:20:02,426.4,200,10050
20240216,15:20:05,427.45,300,10050
20240216,15:20:18,430.1,400,10050
20240216,15:20:51,440.0,150,10050
20240216,15:21:02,440.0,50,10050
20240216,15:21:13,434.5,50,10050
20240216,15:21:17,436.15,50,10050
20240216,15:21:49,431.2,50,10050
20240216,15:23:29,431.2,1000,9700
20240216,15:23:36,431.35,50,9700
20240216,15:24:52,434.0,50,9700
20240216,15:25:21,435.0,50,9800
20240216,15:26:17,433.65,500,9800
20240216,15:26:58,429.35,50,9800
20240216,15:27:10,428.55,350,9800
20240216,15:27:15,429.55,150,9800
20240216,15:27:17,429.8,50,9800
20240216,15:27:27,430.3,50,9800
20240216,15:27:44,426.0,100,9800
20240216,15:28:00,423.8,500,9800
20240216,15:28:23,423.8,50,8800
20240216,15:28:30,420.2,50,8800
20240216,15:28:52,419.3,50,8800
20240216,15:29:08,420.3,50,8800
20240219,09:15:14,398.75,1,8800
20240219,09:15:14,398.75,100,8800
20240219,09:15:15,399.15,500,8750
20240219,09:15:18,401.85,50,8750
20240219,09:15:20,402.25,100,8750
20240219,09:15:21,405.1,50,8750
20240219,09:15:22,405.1,50,8750
20240219,09:15:23,397.3,50,8750
20240219,09:15:27,395.55,1000,8750
20240219,09:15:29,392.85,50,8750
20240219,09:16:08,383.9,50,10500
20240219,09:16:09,383.9,100,10500
20240219,09:16:10,390.45,100,10500
20240219,09:16:14,387.75,50,10500
20240219,09:16:28,388.65,50,10500
20240219,09:16:37,390.95,50,10500
20240219,09:16:41,390.0,50,10500
20240219,09:16:47,389.15,50,10500
20240219,09:16:47,389.8,50,10500
20240219,09:17:05,390.0,50,10500
20240219,09:17:21,390.4,150,10500
20240219,09:17:36,391.2,50,10500
20240219,09:17:59,389.6,200,10500
20240219,09:18:31,386.7,50,10250
20240219,09:19:00,390.3,50,10250
20240219,09:19:02,391.35,50,10250
20240219,09:19:13,391.5,50,10250
20240219,09:19:41,391.85,50,10250
20240219,09:20:03,386.4,150,10250
20240219,09:20:53,391.5,50,10250
20240219,09:20:59,392.0,50,10250
20240219,09:21:16,394.35,50,10250
20240219,09:21:32,395.55,50,10050
20240219,09:21:41,395.3,100,10050
20240219,09:21:57,400.05,50,10050
20240219,09:22:06,396.45,50,10050
20240219,09:22:13,397.5,50,10050
20240219,09:22:41,399.6,50,10050
20240219,09:22:46,399.3,50,10050
20240219,09:23:21,398.1,150,10050
20240219,09:23:26,401.05,50,10050
20240219,09:23:41,402.75,100,10050
20240219,09:24:01,396.85,400,10050
20240219,09:24:02,394.95,50,10050
20240219,09:24:42,397.95,50,10350
20240219,09:25:22,399.45,50,10350
20240219,09:25:35,398.7,50,10350
20240219,09:25:52,405.0,50,10350
20240219,09:26:03,403.2,50,10350
20240219,09:26:23,407.7,50,10350
20240219,09:26:29,407.7,50,10350
20240219,09:27:21,401.7,100,10350
20240219,09:27:22,402.15,100,10350
20240219,09:27:28,402.05,50,10350
20240219,09:27:41,408.0,200,10150
20240219,09:27:50,408.0,100,10150
20240219,09:27:51,405.5,100,10150
20240219,09:28:02,407.4,900,10150
20240219,09:29:00,407.25,50,10150
20240219,09:29:17,406.75,100,10150
20240219,09:29:25,406.95,400,10150
20240219,09:31:15,421.75,100,10250
20240219,09:31:24,421.75,50,10250
20240219,09:31:28,414.0,50,10250
20240219,09:32:45,409.2,50,10250
20240219,09:33:04,410.0,50,10250
20240219,09:33:05,409.95,50,10250
20240219,09:34:01,404.4,50,10200
20240219,09:34:02,405.5,150,10200
20240219,09:34:03,406.95,50,10200
20240219,09:34:16,405.5,50,10200
20240219,09:35:46,406.8,150,10200
20240219,09:35:51,406.9,50,10200
20240219,09:36:28,404.1,100,10200
20240219,09:36:39,402.2,50,10100
20240219,09:38:02,399.25,250,10100
20240219,09:38:03,399.8,500,10100
20240219,09:39:09,407.55,50,10100
20240219,09:39:13,406.8,50,10100
20240219,09:39:22,403.15,50,10100
20240219,09:39:38,407.0,50,9300
20240219,09:39:58,412.05,50,9300
20240219,09:40:25,410.0,50,9300
20240219,09:40:47,410.2,50,9300
20240219,09:41:03,415.0,50,9300
20240219,09:41:06,414.2,200,9300
20240219,09:41:14,414.2,50,9300
20240219,09:43:42,417.35,50,9100
20240219,09:44:02,417.5,100,9100
20240219,09:44:03,417.1,150,9100
20240219,09:44:49,426.85,150,9100
20240219,09:44:51,430.45,50,9100
20240219,09:44:58,430.45,50,9100
20240219,09:45:00,431.0,50,9100
20240219,09:45:01,431.9,650,9100
20240219,09:45:03,431.9,100,9100
20240219,09:45:10,442.2,50,9100
20240219,09:45:11,446.55,100,9100
20240219,09:45:34,446.55,100,9450
20240219,09:45:46,432.5,3600,9450
20240219,09:47:28,426.7,100,9450
20240219,09:47:35,430.9,50,9450
20240219,09:48:30,436.0,50,9450
20240219,09:48:58,435.8,50,12150
20240219,09:49:01,437.4,50,12150
20240219,09:49:06,437.5,1800,12150
20240219,09:49:26,433.3,100,12150
20240219,09:49:47,434.35,1800,12150
20240219,09:50:39,445.65,50,12150
20240219,09:50:42,443.15,1450,12150
20240219,09:50:43,443.15,150,12150
20240219,09:50:49,443.8,50,12150
20240219,09:51:02,452.6,50,12150
20240219,09:51:18,459.05,50,12150
20240219,09:51:22,459.05,1800,12150
20240219,09:51:30,462.2,50,12150
20240219,09:51:37,463.8,50,14950
20240219,09:51:43,463.8,150,14950
20240219,09:51:45,460.8,50,14950
20240219,09:53:30,459.65,750,14950
20240219,09:53:53,457.05,750,14950
20240219,09:54:40,453.5,100,15100
20240219,09:54:45,454.9,100,15100
20240219,09:54:51,457.2,450,15100
20240219,09:55:32,462.6,50,15100
20240219,09:55:43,462.6,1800,15100
20240219,09:57:00,466.65,350,15100
20240219,09:58:03,466.65,50,12650
20240219,09:58:04,454.4,150,12650
20240219,09:58:04,453.7,50,12650
20240219,09:58:05,454.35,350,12650
20240219,09:58:06,453.0,50,12650
20240219,09:58:10,455.25,100,12650
20240219,09:59:05,454.2,50,12650
20240219,09:59:12,450.9,1800,12650
20240219,09:59:20,456.25,50,12650
20240219,10:00:02,462.7,150,12650
20240219,10:00:04,456.5,100,12650
20240219,10:00:07,453.7,50,12650
20240219,10:01:00,451.0,400,14150
20240219,10:02:03,445.6,150,14150
20240219,10:02:06,444.85,50,14150
20240219,10:02:27,446.3,400,14150
20240219,10:02:59,440.0,50,14150
20240219,10:03:03,435.3,300,14150
20240219,10:03:14,437.2,450,14150
20240219,10:03:15,436.1,100,14150
20240219,10:04:00,435.0,50,15300
20240219,10:04:47,440.15,50,15300
20240219,10:07:00,433.2,150,15350
20240219,10:07:03,432.0,50,15350
20240219,10:07:09,430.8,50,15350
20240219,10:07:12,431.1,50,15350
20240219,10:07:32,425.0,100,15350
20240219,10:08:18,419.9,100,15350
20240219,10:08:32,416.45,200,15350
20240219,10:08:33,416.0,250,15350
20240219,10:08:48,415.3,50,15350
20240219,10:09:01,411.9,50,15350
20240219,10:09:02,413.3,250,15350
20240219,10:09:03,411.0,650,15350
20240219,10:10:19,414.7,50,15200
20240219,10:11:19,422.0,50,15200
20240219,10:13:35,417.2,50,15150
20240219,10:13:48,412.0,50,15150
20240219,10:13:49,412.0,50,15150
20240219,10:13:50,411.2,50,15150
20240219,10:13:51,411.0,50,15150
20240219,10:14:06,411.8,200,15150
20240219,10:14:23,411.2,150,15150
20240219,10:14:24,410.0,350,15150
20240219,10:15:34,405.45,100,15150
20240219,10:15:54,403.55,50,15300
20240219,10:16:02,405.85,250,15300
20240219,10:17:17,411.0,50,15300
20240219,10:18:58,411.55,500,15400
20240219,10:19:29,411.55,100,15400
20240219,10:19:38,411.7,50,15400
20240219,10:19:43,414.95,50,15400
20240219,10:19:44,414.95,50,15400
20240219,10:21:19,402.0,100,15400
20240219,10:21:21,402.5,250,15400
20240219,10:21:33,398.8,200,15400
20240219,10:21:40,396.15,650,15750
20240219,10:21:41,395.8,50,15750
20240219,10:21:53,395.95,50,15750
20240219,10:22:00,392.0,100,15750
20240219,10:22:02,392.25,50,15750
20240219,10:23:25,393.2,200,15750
20240219,10:23:29,390.6,50,15750
20240219,10:23:36,389.65,250,15750
20240219,10:23:42,385.0,50,15750
20240219,10:23:53,383.7,50,15750
20240219,10:23:58,380.0,150,15750
20240219,10:24:03,376.1,150,15750
20240219,10:24:07,376.1,50,15750
20240219,10:24:26,380.7,100,15750
20240219,10:24:30,380.85,100,15750
20240219,10:25:04,375.0,50,16000
20240219,10:25:53,373.35,50,16000
20240219,10:26:40,373.35,50,16000
20240219,10:26:45,376.9,150,16000
20240219,10:26:51,379.8,50,16000
20240219,10:26:52,378.6,50,16000
20240219,10:26:53,378.6,50,16000
20240219,10:26:56,378.9,50,16000
20240219,10:27:02,378.3,400,16000
20240219,10:29:41,378.1,50,15600
20240219,10:30:03,376.3,650,15600
20240219,10:30:26,378.85,50,15600
20240219,10:30:34,384.0,100,15600
20240219,10:30:38,385.95,100,15600
20240219,10:30:43,383.05,850,15700
20240219,10:31:51,386.1,200,15700
20240219,10:31:53,386.0,50,15700
20240219,10:31:58,385.2,200,15700
20240219,10:32:01,385.85,50,15700
20240219,10:32:05,386.7,100,15700
20240219,10:32:15,384.9,50,15700
20240219,10:33:04,386.6,150,15700
20240219,10:33:12,386.6,50,15700
20240219,10:34:18,382.35,100,14850
20240219,10:34:20,382.9,50,14850
20240219,10:34:40,382.5,50,14850
20240219,10:35:05,393.9,150,14850
20240219,10:35:09,391.35,100,14850
20240219,10:35:33,394.65,250,14850
20240219,10:35:36,393.9,100,14850
20240219,10:35:44,393.9,50,14850
20240219,10:36:13,398.7,100,14850
20240219,10:36:19,400.1,150,14850
20240219,10:36:23,399.6,100,14850
20240219,10:37:39,387.2,300,14800
20240219,10:37:40,386.85,100,14800
20240219,10:37:51,390.6,100,14800
20240219,10:37:52,391.2,150,14800
20240219,10:37:54,391.15,100,14800
20240219,10:38:19,389.1,50,14800
20240219,10:39:36,383.55,150,14800
20240219,10:39:59,381.8,100,14750
20240219,10:40:16,389.0,100,14750
20240219,10:41:03,396.0,50,14750
20240219,10:41:03,396.45,250,14750
20240219,10:42:38,394.2,50,14750
20240219,10:43:17,396.75,100,14750
20240219,10:43:21,395.0,50,14750
20240219,10:43:49,392.35,100,14750
20240219,10:44:32,391.9,50,14750
20240219,10:47:49,385.0,50,14700
20240219,10:49:32,382.35,300,14750
20240219,10:49:39,380.85,300,14750
20240219,10:49:43,385.35,150,14750
20240219,10:50:58,387.45,100,14750
20240219,10:50:59,387.45,350,14750
20240219,10:52:42,390.8,150,14800
20240219,10:53:24,393.0,50,14800
20240219,10:53:28,391.6,100,14800
20240219,10:53:58,387.0,50,14800
20240219,10:54:35,380.15,100,14800
20240219,10:54:41,378.15,50,14800
20240219,10:57:02,372.0,150,14950
20240219,10:57:21,370.0,50,14950
20240219,10:57:22,369.0,350,14950
20240219,10:57:29,365.3,100,14950
20240219,10:57:34,365.3,100,14950
20240219,10:57:50,365.8,1850,14950
20240219,10:57:51,364.65,150,14950
20240219,10:58:25,360.0,50,14950
20240219,10:58:32,354.2,150,14950
20240219,10:59:02,354.2,50,14950
20240219,10:59:06,359.1,150,14950
20240219,11:00:01,356.0,50,14950
20240219,11:00:18,356.1,50,14950
20240219,11:00:46,357.65,50,14950
20240219,11:01:12,357.0,100,15000
20240219,11:01:59,364.5,50,15000
20240219,11:02:17,366.3,300,15000
20240219,11:02:22,364.8,50,15000
20240219,11:02:37,360.9,50,15000
20240219,11:03:34,359.6,50,15000
20240219,11:04:23,364.05,150,15150
20240219,11:04:46,366.0,50,15150
20240219,11:04:54,365.4,150,15150
20240219,11:05:50,361.95,50,15150
20240219,11:05:57,362.5,50,15150
20240219,11:06:19,364.35,150,15150
20240219,11:06:21,364.35,500,15150
20240219,11:06:37,365.85,50,15150
20240219,11:08:08,369.45,50,14400
20240219,11:08:40,367.0,50,14400
20240219,11:09:05,368.6,100,14400
20240219,11:09:55,363.5,50,14550
20240219,11:10:47,360.0,250,14550
20240219,11:10:48,360.0,100,14550
20240219,11:10:55,360.0,50,14550
20240219,11:12:31,362.25,100,14550
20240219,11:12:44,366.9,50,14550
20240219,11:13:02,364.7,50,14500
20240219,11:13:38,360.0,50,14500
20240219,11:13:43,358.85,50,14500
20240219,11:14:17,351.55,250,14500
20240219,11:14:25,351.55,50,14500
20240219,11:14:27,350.0,1800,14500
20240219,11:14:50,350.0,200,14500
20240219,11:14:54,349.8,1850,14500
20240219,11:15:02,348.6,150,14500
20240219,11:15:05,341.7,150,14500
20240219,11:15:09,341.7,250,14500
20240219,11:15:10,340.4,50,14500
20240219,11:15:13,340.4,100,14500
20240219,11:15:15,346.85,100,14500
20240219,11:15:28,345.6,50,14500
20240219,11:15:36,344.0,200,14500
20240219,11:15:44,344.1,50,14500
20240219,11:15:51,345.15,150,17700
20240219,11:16:05,339.45,1050,17700
20240219,11:16:24,339.45,50,17700
20240219,11:16:26,339.45,50,17700
20240219,11:16:42,333.75,150,17700
20240219,11:16:48,332.3,200,17700
20240219,11:17:02,329.15,100,17700
20240219,11:17:13,324.6,250,17700
20240219,11:17:18,324.6,1800,17700
20240219,11:17:31,330.6,500,17700
20240219,11:18:03,336.3,100,17700
20240219,11:18:19,336.05,550,17700
20240219,11:18:28,333.85,150,17700
20240219,11:18:38,333.85,100,17700
20240219,11:19:07,331.2,150,17650
20240219,11:19:53,328.25,450,17650
20240219,11:20:05,326.6,100,17650
20240219,11:20:28,326.3,50,17650
20240219,11:20:29,326.0,50,17650
20240219,11:20:30,326.2,50,17650
20240219,11:21:07,331.2,50,17650
20240219,11:21:12,332.6,600,17650
20240219,11:21:28,335.85,1000,17650
20240219,11:21:45,339.0,50,17650
20240219,11:22:17,337.9,300,18200
20240219,11:22:37,340.35,50,18200
20240219,11:23:09,342.6,50,18200
20240219,11:23:24,336.45,50,18200
20240219,11:24:22,341.85,50,18200
20240219,11:25:02,343.2,50,18300
20240219,11:25:05,345.45,50,18300
20240219,11:25:18,348.0,150,18300
20240219,11:25:24,347.25,150,18300
20240219,11:25:25,347.1,50,18300
20240219,11:25:28,347.7,50,18300
20240219,11:25:30,347.8,150,18300
20240219,11:25:34,347.25,50,18300
20240219,11:25:36,347.25,50,18300
20240219,11:25:58,348.5,50,18300
20240219,11:26:08,347.1,50,18300
20240219,11:26:50,339.45,50,18300
20240219,11:27:22,345.0,50,18300
20240219,11:28:01,351.45,50,18400
20240219,11:28:04,351.5,50,18400
20240219,11:28:09,352.3,50,18400
20240219,11:28:12,351.5,50,18400
20240219,11:28:14,349.5,100,18400
20240219,11:30:03,344.4,50,18400
20240219,11:31:37,352.0,50,18400
20240219,11:32:43,355.8,50,18400
20240219,11:33:01,358.1,50,18400
20240219,11:33:08,356.5,50,18400
20240219,11:33:23,354.0,3000,18400
20240219,11:33:24,352.95,250,18400
20240219,11:33:58,350.7,50,19950
20240219,11:34:02,350.4,950,19950
20240219,11:34:07,350.1,50,19950
20240219,11:34:51,350.6,350,19950
20240219,11:34:59,351.55,450,19950
20240219,11:35:27,356.5,200,19950
20240219,11:35:27,358.0,200,19950
20240219,11:36:03,349.45,50,19950
20240219,11:36:05,349.35,50,19950
20240219,11:36:27,345.95,100,19950
20240219,11:36:37,348.95,50,19950
20240219,11:36:42,349.0,150,19950
20240219,11:38:55,349.8,50,19450
20240219,11:39:03,350.3,50,19450
20240219,11:39:15,351.3,50,19450
20240219,11:39:24,349.8,50,19450
20240219,11:40:58,348.85,50,19450
20240219,11:41:40,348.85,50,19500
20240219,11:42:35,345.8,50,19500
20240219,11:42:44,345.0,200,19500
20240219,11:43:07,342.45,50,19650
20240219,11:43:19,344.0,150,19650
20240219,11:43:42,343.8,50,19650
20240219,11:43:44,342.95,100,19650
20240219,11:43:52,345.7,50,19650
20240219,11:43:55,345.3,50,19650
20240219,11:44:30,345.65,50,19650
20240219,11:45:00,339.0,50,19650
20240219,11:45:06,340.0,100,19650
20240219,11:45:24,340.5,50,19650
20240219,11:45:31,342.0,50,19650
20240219,11:46:04,342.1,100,19350
20240219,11:46:12,344.85,50,19350
20240219,11:47:12,342.5,550,19350
20240219,11:48:09,342.55,50,19350
20240219,11:48:50,343.05,50,19350
20240219,11:49:40,342.65,50,19100
20240219,11:50:32,342.1,1100,19100
20240219,11:50:50,339.3,300,19100
20240219,11:51:06,335.0,200,19100
20240219,11:51:28,340.5,50,19100
20240219,11:51:42,339.8,100,19100
20240219,11:51:54,342.5,100,19650
20240219,11:52:17,341.9,950,19650
20240219,11:52:42,335.0,50,19650
20240219,11:53:10,335.05,100,19650
20240219,11:53:32,335.4,150,19650
20240219,11:53:37,334.1,1050,19650
20240219,11:53:39,333.85,300,19650
20240219,11:53:51,331.5,100,19650
20240219,11:54:03,330.3,50,19650
20240219,11:54:11,331.45,1000,19650
20240219,11:54:20,333.0,100,19650
20240219,11:55:51,330.15,100,20850
20240219,11:55:52,330.0,50,20850
20240219,11:55:56,327.0,250,20850
20240219,11:56:03,323.55,150,20850
20240219,11:56:06,323.55,1800,20850
20240219,11:56:10,326.4,2400,20850
20240219,11:56:24,324.8,1900,20850
20240219,11:56:37,324.9,300,20850
20240219,11:56:44,324.6,100,20850
20240219,11:56:47,323.0,50,20850
20240219,11:56:52,321.35,150,20850
20240219,11:57:01,320.5,50,20850
20240219,11:57:09,314.25,200,20850
20240219,11:57:11,314.25,150,20850
20240219,11:57:11,315.0,50,20850
20240219,11:57:16,312.35,1850,20850
20240219,11:57:17,312.35,100,20850
20240219,11:57:19,314.1,100,20850
20240219,11:57:20,315.4,50,20850
20240219,11:57:28,315.6,250,20850
20240219,11:57:35,314.3,1800,20850
20240219,11:57:38,312.9,50,20850
20240219,11:57:38,312.7,50,20850
20240219,11:57:49,311.3,2050,20850
20240219,11:57:51,311.2,200,20850
20240219,11:57:54,311.2,200,20850
20240219,11:57:55,311.55,100,18700
20240219,11:58:00,312.05,50,18700
20240219,11:58:01,310.7,350,18700
20240219,11:58:05,310.7,150,18700
20240219,11:58:12,314.7,50,18700
20240219,11:58:19,315.5,50,18700
20240219,11:58:20,314.6,350,18700
20240219,11:58:39,319.05,50,18700
20240219,11:58:48,318.6,10000,18700
20240219,11:58:58,314.6,800,18700
20240219,11:58:58,314.0,50,18700
20240219,11:59:03,315.75,500,18700
20240219,11:59:10,315.75,50,18700
20240219,11:59:16,316.15,50,18700
20240219,11:59:33,316.65,200,18700
20240219,12:00:00,318.7,50,18700
20240219,12:00:05,316.65,50,18700
20240219,12:00:07,318.0,200,18700
20240219,12:00:11,318.6,50,18700
20240219,12:00:13,318.95,250,18700
20240219,12:00:19,322.25,50,18700
20240219,12:00:30,321.4,50,18700
20240219,12:00:43,322.35,50,18700
20240219,12:00:45,322.35,50,18700
20240219,12:01:13,321.75,50,27300
20240219,12:01:18,319.35,50,27300
20240219,12:01:20,319.5,150,27300
20240219,12:01:26,322.0,150,27300
20240219,12:01:41,324.9,50,27300
20240219,12:02:01,326.0,50,27300
20240219,12:02:26,329.25,50,27300
20240219,12:02:37,329.4,200,27300
20240219,12:02:40,330.0,50,27300
20240219,12:02:55,328.1,250,27300
20240219,12:03:05,326.4,200,27300
20240219,12:03:41,326.9,1950,27300
20240219,12:04:02,326.55,1800,27300
20240219,12:04:04,326.3,200,27300
20240219,12:04:05,326.0,50,27300
20240219,12:04:09,322.65,1900,27300
20240219,12:04:15,320.4,1000,27300
20240219,12:04:17,321.45,300,27300
20240219,12:04:21,323.35,1800,27300
20240219,12:04:26,321.6,1800,27300
20240219,12:04:31,321.65,1800,27300
20240219,12:04:35,322.65,1800,27300
20240219,12:04:39,322.35,1800,27300
20240219,12:05:00,323.3,50,27300
20240219,12:05:08,321.6,300,27300
20240219,12:05:27,325.7,50,27300
20240219,12:06:44,318.1,50,27300
20240219,12:07:56,321.15,150,20050
20240219,12:09:05,320.7,50,20050
20240219,12:09:31,321.0,150,20050
20240219,12:09:31,321.0,50,20050
20240219,12:11:25,317.5,50,20300
20240219,12:11:27,318.85,300,20300
20240219,12:11:37,317.6,1050,20300
20240219,12:12:08,316.55,50,20300
20240219,12:12:21,317.0,50,20300
20240219,12:12:35,313.4,50,20300
20240219,12:12:39,314.45,500,20300
20240219,12:12:46,315.9,250,20300
20240219,12:12:57,314.85,100,19600
20240219,12:13:11,315.9,50,19600
20240219,12:13:23,313.25,50,19600
20240219,12:13:29,314.5,1250,19600
20240219,12:13:30,313.15,350,19600
20240219,12:13:34,314.25,50,19600
20240219,12:13:35,314.45,50,19600
20240219,12:13:47,311.4,250,19600
20240219,12:13:55,311.6,50,19600
20240219,12:13:56,311.15,100,19600
20240219,12:13:57,311.3,100,19600
20240219,12:14:02,310.5,4000,19600
20240219,12:14:24,310.5,50,19600
20240219,12:15:02,314.6,50,19600
20240219,12:15:28,312.0,300,19600
20240219,12:15:39,312.8,50,19600
20240219,12:15:41,312.65,50,19600
20240219,12:15:44,311.55,250,19600
20240219,12:16:43,313.55,1800,19600
20240219,12:16:46,312.35,1800,19400
20240219,12:16:50,311.85,700,19400
20240219,12:16:53,308.55,600,19400
20240219,12:17:03,308.4,250,19400
20240219,12:17:04,305.0,500,19400
20240219,12:17:05,305.0,100,19400
20240219,12:17:08,305.0,100,19400
20240219,12:17:15,307.4,50,19400
20240219,12:17:36,308.0,50,19400
20240219,12:18:01,312.0,150,19400
20240219,12:18:02,312.85,50,19400
20240219,12:18:03,310.2,600,19400
20240219,12:18:19,311.9,150,19400
20240219,12:18:20,311.9,250,19400
20240219,12:18:20,312.1,250,19400
20240219,12:18:45,314.3,50,19400
20240219,12:19:44,315.3,50,17650
20240219,12:20:23,316.15,50,17650
20240219,12:20:37,316.45,200,17650
20240219,12:20:38,316.0,50,17650
20240219,12:20:39,316.8,150,17650
20240219,12:20:46,316.55,1050,17650
20240219,12:20:51,317.5,50,17650
20240219,12:21:00,315.2,50,17650
20240219,12:21:02,314.3,200,17650
20240219,12:21:37,309.3,100,17650
20240219,12:21:55,306.9,500,17650
20240219,12:22:03,307.05,50,17650
20240219,12:22:25,308.25,3100,17650
20240219,12:22:27,308.25,50,17650
20240219,12:22:43,306.5,250,17650
20240219,12:22:51,306.95,100,17650
20240219,12:22:52,306.2,400,17650
20240219,12:23:26,308.05,100,17650
20240219,12:23:30,308.85,100,17650
20240219,12:23:35,309.75,1100,17650
20240219,12:23:51,311.7,50,17650
20240219,12:24:17,310.9,100,17650
20240219,12:24:46,311.35,300,17650
20240219,12:24:50,311.7,50,17650
20240219,12:24:53,312.15,100,17650
20240219,12:25:13,312.0,450,18400
20240219,12:25:21,313.0,50,18400
20240219,12:25:28,314.75,100,18400
20240219,12:25:39,316.0,50,18400
20240219,12:26:38,318.9,100,18400
20240219,12:26:52,318.6,350,18400
20240219,12:28:04,323.1,50,18100
20240219,12:28:05,324.0,450,18100
20240219,12:28:18,322.2,50,18100
20240219,12:28:28,322.7,50,18100
20240219,12:28:33,321.55,200,18100
20240219,12:29:10,321.55,1000,18100
20240219,12:29:21,322.85,200,18100
20240219,12:29:23,322.8,100,18100
20240219,12:29:27,323.35,200,18100
20240219,12:29:36,323.0,50,18100
20240219,12:29:44,321.0,2400,18100
20240219,12:29:45,322.35,2400,18100
20240219,12:30:09,319.1,150,18100
20240219,12:30:12,317.95,100,18100
20240219,12:30:50,318.0,2400,18100
20240219,12:31:00,321.4,300,21200
20240219,12:31:39,320.15,100,21200
20240219,12:34:20,317.65,150,21300
20240219,12:35:45,318.0,100,21300
20240219,12:36:14,316.0,200,21300
20240219,12:36:29,316.25,50,21300
20240219,12:36:55,318.0,50,21300
20240219,12:37:20,315.2,50,21450
20240219,12:38:03,311.3,50,21450
20240219,12:38:26,312.45,50,21450
20240219,12:38:33,313.15,50,21450
20240219,12:38:54,309.7,250,21450
20240219,12:38:57,310.2,200,21450
20240219,12:39:08,310.15,100,21450
20240219,12:39:15,308.2,500,21450
20240219,12:39:33,306.0,50,21450
20240219,12:39:35,304.35,400,21450
20240219,12:39:36,305.3,100,21450
20240219,12:39:37,304.2,1300,21450
20240219,12:40:16,304.2,100,23000
20240219,12:40:47,307.95,50,23000
20240219,12:40:53,308.7,50,23000
20240219,12:41:11,309.7,150,23000
20240219,12:41:45,305.25,250,23000
20240219,12:41:49,305.25,500,23000
20240219,12:42:02,304.7,250,23000
20240219,12:42:02,304.8,50,23000
20240219,12:42:09,303.15,50,23000
20240219,12:42:17,302.65,50,23000
20240219,12:42:22,300.55,200,23000
20240219,12:42:29,300.55,250,23000
20240219,12:42:31,300.55,150,23000
20240219,12:42:32,303.1,750,23000
20240219,12:42:34,300.85,150,23000
20240219,12:42:36,300.85,50,23000
20240219,12:42:41,299.3,200,23000
20240219,12:42:42,297.35,50,23000
20240219,12:42:46,297.35,150,23000
20240219,12:42:47,298.95,450,23000
20240219,12:42:53,299.4,100,23000
20240219,12:42:54,300.25,50,23000
20240219,12:43:01,301.95,150,23000
20240219,12:43:02,302.65,50,22800
20240219,12:43:15,303.1,100,22800
20240219,12:43:16,305.15,250,22800
20240219,12:43:17,305.15,50,22800
20240219,12:43:37,304.3,100,22800
20240219,12:44:28,305.1,50,22800
20240219,12:44:29,305.15,300,22800
20240219,12:44:37,303.95,250,22800
20240219,12:45:02,305.9,100,22800
20240219,12:45:21,305.0,50,22800
20240219,12:45:29,305.3,50,22800
20240219,12:45:30,305.4,100,22800
20240219,12:45:34,307.95,250,22800
20240219,12:45:36,307.35,150,22800
20240219,12:45:50,304.75,50,22800
20240219,12:45:56,305.7,50,22800
20240219,12:45:59,306.25,250,22800
20240219,12:46:13,307.5,50,22800
20240219,12:46:22,307.6,1000,22200
20240219,12:46:24,308.6,50,22200
20240219,12:46:57,311.05,250,22200
20240219,12:47:00,310.65,50,22200
20240219,12:47:02,309.8,50,22200
20240219,12:47:13,308.8,50,22200
20240219,12:47:14,308.0,50,22200
20240219,12:47:17,309.0,250,22200
20240219,12:47:20,308.1,50,22200
20240219,12:47:52,309.15,50,22200
20240219,12:48:04,311.75,100,22200
20240219,12:48:11,313.3,50,22200
20240219,12:48:15,313.25,50,22200
20240219,12:48:18,311.85,400,22200
20240219,12:48:19,311.6,50,22200
20240219,12:48:20,310.85,50,22200
20240219,12:48:26,311.55,400,22200
20240219,12:48:38,312.05,50,22200
20240219,12:48:45,312.55,50,22200
20240219,12:48:53,313.1,400,22200
20240219,12:49:15,312.9,100,21800
20240219,12:49:19,313.05,100,21800
20240219,12:50:18,310.7,200,21800
20240219,12:50:52,309.7,50,21800
20240219,12:51:31,308.25,100,21800
20240219,12:51:48,310.75,300,21800
20240219,12:52:05,312.55,100,21750
20240219,12:52:49,312.35,250,21750
20240219,12:54:18,314.9,600,21750
20240219,12:54:27,315.55,100,21750
20240219,12:54:54,312.65,100,21750
20240219,12:55:02,313.5,500,21750
20240219,12:56:23,309.15,300,22000
20240219,12:56:24,309.3,100,22000
20240219,12:56:29,311.55,100,22000
20240219,12:56:32,311.2,50,22000
20240219,12:56:34,310.15,50,22000
20240219,12:57:41,312.2,100,22000
20240219,12:58:08,312.2,50,20750
20240219,12:59:01,312.3,250,20750
20240219,12:59:07,310.4,100,20750
20240219,12:59:28,310.3,100,20750
20240219,12:59:31,309.45,150,20750
20240219,12:59:37,310.65,350,20750
20240219,12:59:43,310.55,50,20750
20240219,12:59:44,311.45,250,20750
20240219,12:59:47,311.75,50,20750
20240219,12:59:49,312.7,250,20750
20240219,13:00:43,308.95,650,20750
20240219,13:01:03,309.9,100,20750
20240219,13:01:53,312.0,100,20200
20240219,13:02:13,313.85,400,20200
20240219,13:02:15,315.0,50,20200
20240219,13:02:19,314.1,500,20200
20240219,13:02:24,313.75,50,20200
20240219,13:02:54,313.0,50,20200
20240219,13:03:07,313.9,50,20200
20240219,13:03:16,313.65,50,20200
20240219,13:03:34,311.75,50,20200
20240219,13:04:19,311.05,50,20250
20240219,13:04:48,316.0,50,20250
20240219,13:04:57,317.0,50,20250
20240219,13:04:59,315.7,50,20250
20240219,13:05:11,315.3,50,20250
20240219,13:05:33,317.5,200,20250
20240219,13:05:47,315.95,50,20250
20240219,13:06:00,316.25,50,20250
20240219,13:06:27,317.0,850,20250
20240219,13:06:43,315.8,400,20250
20240219,13:06:45,315.0,100,20250
20240219,13:07:13,309.6,250,20250
20240219,13:07:32,308.8,100,19150
20240219,13:07:41,309.1,50,19150
20240219,13:07:48,309.7,150,19150
20240219,13:07:50,309.65,150,19150
20240219,13:07:52,309.1,50,19150
20240219,13:08:00,308.05,50,19150
20240219,13:09:05,312.9,50,19150
20240219,13:09:10,309.75,50,19150
20240219,13:09:11,310.9,50,19150
20240219,13:09:13,310.9,50,19150
20240219,13:09:42,308.0,50,19150
20240219,13:09:46,308.6,100,19150
20240219,13:09:48,308.7,200,19150
20240219,13:09:52,308.2,250,19150
20240219,13:10:22,306.2,50,19200
20240219,13:10:36,306.45,50,19200
20240219,13:10:37,305.15,200,19200
20240219,13:10:38,305.0,100,19200
20240219,13:10:42,305.2,50,19200
20240219,13:11:04,305.2,50,19200
20240219,13:12:39,305.0,50,19200
20240219,13:12:42,303.7,150,19200
20240219,13:12:55,300.9,150,19200
20240219,13:12:58,302.5,250,19200
20240219,13:13:02,301.2,500,19200
20240219,13:13:09,302.55,50,19200
20240219,13:13:10,301.95,50,20100
20240219,13:13:20,301.6,150,20100
20240219,13:13:52,300.55,350,20100
20240219,13:13:54,298.0,600,20100
20240219,13:13:57,298.7,450,20100
20240219,13:14:01,295.6,350,20100
20240219,13:14:02,295.6,100,20100
20240219,13:14:05,295.6,500,20100
20240219,13:14:06,295.8,1800,20100
20240219,13:14:21,297.8,50,20100
20240219,13:14:47,297.25,50,20100
20240219,13:15:04,297.5,150,20100
20240219,13:15:21,299.7,50,20100
20240219,13:15:26,295.45,700,20100
20240219,13:15:28,296.9,50,20100
20240219,13:15:37,295.8,50,20100
20240219,13:15:39,294.65,150,20100
20240219,13:15:41,294.7,150,20100
20240219,13:15:51,292.0,50,20100
20240219,13:15:54,292.0,250,20100
20240219,13:15:59,292.9,250,20100
20240219,13:16:24,297.25,50,22550
20240219,13:16:35,295.0,100,22550
20240219,13:16:40,295.65,300,22550
20240219,13:16:42,295.65,50,22550
20240219,13:16:47,295.45,100,22550
20240219,13:17:02,297.0,100,22550
20240219,13:17:03,296.6,300,22550
20240219,13:17:10,297.45,100,22550
20240219,13:17:13,297.55,50,22550
20240219,13:17:17,298.3,50,22550
20240219,13:17:22,298.9,50,22550
20240219,13:17:31,298.25,100,22550
20240219,13:17:32,297.0,150,22550
20240219,13:17:37,296.75,250,22550
20240219,13:17:58,298.0,100,22550
20240219,13:18:01,299.1,250,22550
20240219,13:18:33,300.9,50,22550
20240219,13:18:39,301.05,100,22550
20240219,13:18:46,302.0,50,22550
20240219,13:18:51,301.65,50,22550
20240219,13:18:52,301.2,100,22550
20240219,13:18:56,302.65,100,22550
20240219,13:19:07,303.8,50,22550
20240219,13:19:14,302.9,50,22450
20240219,13:19:33,303.45,600,22450
20240219,13:19:39,302.35,50,22450
20240219,13:19:40,302.7,250,22450
20240219,13:19:49,302.0,50,22450
20240219,13:19:54,302.7,150,22450
20240219,13:20:26,303.9,300,22450
20240219,13:20:28,304.0,50,22450
20240219,13:20:53,304.0,50,22450
20240219,13:21:06,304.9,50,22450
20240219,13:21:09,305.0,50,22450
20240219,13:21:19,303.1,50,22450
20240219,13:21:26,305.25,50,22450
20240219,13:21:51,304.85,200,22450
20240219,13:22:00,305.4,50,22450
20240219,13:22:02,306.3,250,22450
20240219,13:22:08,303.95,50,21200
20240219,13:22:40,306.5,50,21200
20240219,13:22:44,306.35,100,21200
20240219,13:22:46,306.5,50,21200
20240219,13:23:02,305.45,350,21200
20240219,13:23:02,305.55,50,21200
20240219,13:23:34,307.5,50,21200
20240219,13:23:35,308.0,50,21200
20240219,13:25:27,307.95,50,20850
20240219,13:26:15,309.55,250,20850
20240219,13:26:23,309.65,50,20850
20240219,13:26:59,310.9,100,20850
20240219,13:27:13,313.1,50,20850
20240219,13:27:24,314.1,100,20850
20240219,13:27:31,313.0,1000,20850
20240219,13:27:47,314.55,50,20850
20240219,13:27:52,314.15,150,20850
20240219,13:27:59,314.25,1050,20850
20240219,13:28:22,318.0,150,21550
20240219,13:28:35,324.25,250,21550
20240219,13:28:36,325.15,100,21550
20240219,13:28:38,325.75,150,21550
20240219,13:28:42,324.25,300,21550
20240219,13:28:43,325.35,50,21550
20240219,13:29:03,321.65,50,21550
20240219,13:29:12,324.35,50,21550
20240219,13:29:14,324.75,50,21550
20240219,13:29:20,324.75,100,21550
20240219,13:29:29,326.2,50,21550
20240219,13:29:37,326.6,200,21550
20240219,13:29:46,323.4,50,21550
20240219,13:29:59,320.4,50,21550
20240219,13:30:26,318.4,50,21550
20240219,13:30:31,322.0,200,21550
20240219,13:30:36,322.9,50,21550
20240219,13:30:44,326.0,50,21550
20240219,13:30:46,326.8,50,21550
20240219,13:30:47,326.8,50,21550
20240219,13:30:48,326.8,50,21550
20240219,13:31:00,325.55,50,21550
20240219,13:31:30,321.0,500,21050
20240219,13:31:43,320.25,50,21050
20240219,13:31:45,319.0,50,21050
20240219,13:32:58,326.2,100,21050
20240219,13:33:07,325.45,50,21050
20240219,13:33:38,320.8,50,21050
20240219,13:33:39,319.1,50,21050
20240219,13:33:50,319.85,100,21050
20240219,13:34:30,316.7,100,20900
20240219,13:35:19,315.35,50,20900
20240219,13:36:14,319.4,50,20900
20240219,13:36:54,321.1,600,20900
20240219,13:37:01,321.0,100,20900
20240219,13:37:34,320.0,5000,20900
20240219,13:37:40,320.85,350,20350
20240219,13:37:57,319.75,100,20350
20240219,13:38:21,322.35,50,20350
20240219,13:38:31,319.4,50,20350
20240219,13:38:41,318.55,50,20350
20240219,13:39:04,317.25,50,20350
20240219,13:39:58,312.6,300,20350
20240219,13:40:11,315.7,250,23650
20240219,13:40:45,314.85,150,23650
20240219,13:40:50,314.3,100,23650
20240219,13:40:55,313.25,50,23650
20240219,13:41:07,313.25,150,23650
20240219,13:41:49,307.35,100,23650
20240219,13:42:57,303.65,250,23650
20240219,13:42:58,305.2,100,23650
20240219,13:43:00,304.35,50,23650
20240219,13:43:10,305.75,50,23650
20240219,13:43:14,306.8,50,23650
20240219,13:43:15,305.75,50,23650
20240219,13:43:19,305.45,200,23650
20240219,13:43:50,307.8,300,23650
20240219,13:44:16,309.8,50,23650
20240219,13:44:50,307.8,100,23650
20240219,13:45:47,304.4,50,23650
20240219,13:46:07,305.95,250,23650
20240219,13:46:24,305.25,50,23800
20240219,13:46:55,300.85,250,23800
20240219,13:46:56,302.0,50,23800
20240219,13:47:44,306.4,150,23800
20240219,13:47:45,306.4,250,23800
20240219,13:48:14,305.75,50,23800
20240219,13:48:55,299.85,400,23800
20240219,13:49:01,302.25,500,23800
20240219,13:49:11,303.75,100,22900
20240219,13:49:29,301.6,250,22900
20240219,13:50:02,301.05,400,22900
20240219,13:50:03,299.7,350,22900
20240219,13:50:04,300.85,50,22900
20240219,13:50:47,299.0,50,22900
20240219,13:50:55,297.25,100,22900
20240219,13:51:02,297.25,100,22900
20240219,13:51:09,295.9,50,22900
20240219,13:51:10,294.0,200,22900
20240219,13:51:11,293.3,350,22900
20240219,13:51:12,293.7,250,22900
20240219,13:51:15,294.85,50,22900
20240219,13:51:17,295.55,100,22900
20240219,13:51:19,295.6,200,22900
20240219,13:51:25,295.05,50,22900
20240219,13:51:33,296.2,50,22900
20240219,13:51:41,296.9,50,22900
20240219,13:51:53,295.7,50,22900
20240219,13:52:00,297.1,350,22900
20240219,13:52:02,295.4,250,22900
20240219,13:52:10,294.55,50,22900
20240219,13:52:25,295.5,500,22900
20240219,13:52:28,296.25,50,24200
20240219,13:52:44,298.0,50,24200
20240219,13:52:57,294.3,350,24200
20240219,13:53:02,292.95,300,24200
20240219,13:53:07,293.65,100,24200
20240219,13:53:14,294.05,50,24200
20240219,13:53:21,294.3,50,24200
20240219,13:53:46,297.0,200,24200
20240219,13:53:49,297.25,250,24200
20240219,13:54:15,299.9,50,24200
20240219,13:54:20,300.0,50,24200
20240219,13:55:00,298.0,50,24200
20240219,13:55:01,297.0,50,24200
20240219,13:55:02,295.2,250,24200
20240219,13:55:26,300.3,50,24400
20240219,13:55:40,300.45,50,24400
20240219,13:55:50,301.25,250,24400
20240219,13:55:53,300.5,50,24400
20240219,13:55:55,302.5,200,24400
20240219,13:55:58,300.4,400,24400
20240219,13:56:02,300.0,550,24400
20240219,13:56:07,298.15,50,24400
20240219,13:56:08,298.35,50,24400
20240219,13:56:26,297.9,50,24400
20240219,13:57:23,301.6,250,24400
20240219,13:57:27,301.05,50,24400
20240219,13:58:04,295.25,50,24400
20240219,13:58:05,294.8,300,24400
20240219,13:58:11,285.3,850,24400
20240219,13:58:12,288.2,550,24400
20240219,13:58:15,289.3,350,24750
20240219,13:58:16,288.65,200,24750
20240219,13:58:22,290.7,150,24750
20240219,13:58:29,294.5,50,24750
20240219,13:59:20,300.05,50,24750
20240219,14:00:08,300.05,10000,24750
20240219,14:00:19,300.4,1800,24750
20240219,14:00:22,300.2,250,24750
20240219,14:00:29,300.35,50,24750
20240219,14:00:30,301.8,50,24750
20240219,14:00:33,301.7,200,24750
20240219,14:00:40,302.2,400,24750
20240219,14:00:48,299.35,100,24750
20240219,14:00:55,299.7,300,24750
20240219,14:00:56,300.75,150,24750
20240219,14:00:58,299.15,450,24750
20240219,14:01:00,300.95,50,24750
20240219,14:01:16,299.8,50,31600
20240219,14:01:17,299.45,100,31600
20240219,14:01:36,299.05,50,31600
20240219,14:01:57,300.5,50,31600
20240219,14:01:59,300.25,100,31600
20240219,14:02:04,300.1,50,31600
20240219,14:02:23,301.25,250,31600
20240219,14:02:31,300.35,50,31600
20240219,14:02:46,297.05,400,31600
20240219,14:02:47,295.9,250,31600
20240219,14:02:48,296.45,300,31600
20240219,14:02:50,294.8,250,31600
20240219,14:03:08,294.15,50,31600
20240219,14:03:45,299.15,100,31600
20240219,14:03:48,300.35,300,31600
20240219,14:03:53,299.85,350,31600
20240219,14:04:01,299.5,250,31600
20240219,14:04:04,299.95,300,31600
20240219,14:04:47,296.35,250,31900
20240219,14:05:30,297.0,100,31900
20240219,14:05:31,296.15,1800,31900
20240219,14:05:36,297.95,1800,31900
20240219,14:05:42,297.25,350,31900
20240219,14:05:43,297.0,1800,31900
20240219,14:05:45,297.25,50,31900
20240219,14:05:48,296.8,1800,31900
20240219,14:05:49,297.6,250,31900
20240219,14:05:53,297.0,1800,31900
20240219,14:05:56,298.4,1300,31900
20240219,14:06:02,297.6,750,31900
20240219,14:06:58,295.65,50,31900
20240219,14:07:17,295.65,350,31900
20240219,14:07:18,295.6,100,26600
20240219,14:07:22,294.75,100,26600
20240219,14:07:25,294.7,50,26600
20240219,14:07:28,293.9,300,26600
20240219,14:07:36,293.7,50,26600
20240219,14:07:38,293.8,50,26600
20240219,14:08:02,293.9,50,26600
20240219,14:08:03,292.9,500,26600
20240219,14:08:12,296.0,50,26600
20240219,14:09:02,294.75,550,26600
20240219,14:09:05,294.9,250,26600
20240219,14:09:31,299.5,250,26600
20240219,14:09:38,299.5,150,26600
20240219,14:09:43,298.2,50,26600
20240219,14:10:48,304.15,800,27250
20240219,14:10:54,301.85,150,27250
20240219,14:10:54,300.65,50,27250
20240219,14:10:56,300.0,100,27250
20240219,14:10:57,299.55,700,27250
20240219,14:12:20,300.8,200,27250
20240219,14:12:31,304.1,700,27250
20240219,14:12:34,305.0,50,27250
20240219,14:12:35,303.4,250,27250
20240219,14:13:07,305.5,400,27250
20240219,14:13:09,304.1,350,27250
20240219,14:13:10,305.5,50,27250
20240219,14:13:29,304.15,50,27300
20240219,14:14:02,307.55,100,27300
20240219,14:14:06,308.35,150,27300
20240219,14:14:07,307.9,50,27300
20240219,14:14:13,307.25,150,27300
20240219,14:14:31,304.0,100,27300
20240219,14:14:34,304.05,100,27300
20240219,14:15:15,303.2,200,27300
20240219,14:15:25,300.85,50,27300
20240219,14:15:41,300.0,50,27300
20240219,14:16:00,298.85,100,27300
20240219,14:16:08,296.0,250,27300
20240219,14:16:10,297.6,150,27300
20240219,14:16:50,299.0,100,27400
20240219,14:16:57,298.25,200,27400
20240219,14:16:58,298.8,200,27400
20240219,14:17:55,301.8,100,27400
20240219,14:18:27,297.95,50,27400
20240219,14:18:32,298.25,50,27400
20240219,14:18:40,297.95,50,27400
20240219,14:18:49,296.05,100,27400
20240219,14:18:52,297.4,250,27400
20240219,14:18:54,296.4,250,27400
20240219,14:19:01,297.2,500,27400
20240219,14:20:00,297.5,150,27400
20240219,14:20:00,297.4,100,26750
20240219,14:20:04,298.55,50,26750
20240219,14:20:20,297.25,250,26750
20240219,14:20:26,293.15,250,26750
20240219,14:20:27,292.0,350,26750
20240219,14:20:29,291.6,50,26750
20240219,14:20:59,293.65,50,26750
20240219,14:21:03,293.5,250,26750
20240219,14:21:22,293.2,650,26750
20240219,14:21:23,293.2,200,26750
20240219,14:21:42,293.35,250,26750
20240219,14:21:50,293.0,50,26750
20240219,14:21:54,292.1,300,26750
20240219,14:22:05,290.7,50,26750
20240219,14:22:06,290.0,150,26750
20240219,14:22:11,290.9,50,26750
20240219,14:22:17,285.6,400,27550
20240219,14:22:18,286.2,650,27550
20240219,14:22:19,285.4,250,27550
20240219,14:22:21,285.9,150,27550
20240219,14:22:35,286.1,200,27550
20240219,14:22:36,286.1,300,27550
20240219,14:22:38,286.5,50,27550
20240219,14:22:48,284.7,100,27550
20240219,14:23:02,282.0,950,27550
20240219,14:23:03,281.9,250,27550
20240219,14:23:09,280.0,200,27550
20240219,14:23:12,280.0,100,27550
20240219,14:23:17,282.05,50,27550
20240219,14:23:19,282.8,150,27550
20240219,14:23:21,281.85,50,27550
20240219,14:23:26,282.15,50,27550
20240219,14:23:42,282.85,250,27550
20240219,14:23:53,282.2,50,27550
20240219,14:23:54,282.0,100,27550
20240219,14:23:56,282.35,250,27550
20240219,14:24:02,281.0,250,27550
20240219,14:24:10,282.0,50,27550
20240219,14:24:12,282.05,50,27550
20240219,14:24:17,281.05,50,27550
20240219,14:24:27,281.75,400,27550
20240219,14:24:45,278.3,300,27550
20240219,14:24:46,277.8,500,27550
20240219,14:24:47,277.1,250,27550
20240219,14:24:51,276.6,50,27550
20240219,14:24:55,276.05,150,27550
20240219,14:24:57,276.05,50,27550
20240219,14:24:58,278.65,300,27550
20240219,14:25:02,277.8,500,27550
20240219,14:25:03,276.95,100,27550
20240219,14:25:04,276.9,150,27550
20240219,14:25:07,277.15,200,27550
20240219,14:25:10,277.15,50,27550
20240219,14:25:16,277.3,250,30450
20240219,14:25:29,278.45,100,30450
20240219,14:25:44,279.0,250,30450
20240219,14:25:49,278.45,300,30450
20240219,14:25:57,276.8,250,30450
20240219,14:26:04,277.0,50,30450
20240219,14:26:18,278.55,50,30450
20240219,14:26:27,279.25,50,30450
20240219,14:26:30,278.6,50,30450
20240219,14:26:35,278.45,200,30450
20240219,14:26:40,276.95,300,30450
20240219,14:26:47,276.95,50,30450
20240219,14:27:07,277.0,300,30450
20240219,14:27:12,278.6,50,30450
20240219,14:27:20,280.3,100,30450
20240219,14:27:25,282.3,50,30450
20240219,14:27:26,281.9,50,30450
20240219,14:27:27,280.9,50,30450
20240219,14:27:29,280.9,50,30450
20240219,14:27:30,280.75,50,30450
20240219,14:27:33,280.15,50,30450
20240219,14:27:35,280.35,50,30450
20240219,14:27:37,279.15,150,30450
20240219,14:27:38,278.6,250,30450
20240219,14:27:39,278.7,200,30450
20240219,14:27:41,279.4,50,30450
20240219,14:27:42,279.95,50,30450
20240219,14:27:47,280.9,100,30450
20240219,14:27:52,280.6,50,30450
20240219,14:28:00,281.0,50,30450
20240219,14:28:01,280.2,300,30450
20240219,14:28:02,280.2,250,30450
20240219,14:28:07,282.0,50,30450
20240219,14:28:08,282.0,50,30450
20240219,14:28:10,281.5,50,30450
20240219,14:28:14,282.45,50,30450
20240219,14:28:19,283.25,150,32600
20240219,14:28:21,283.15,50,32600
20240219,14:28:22,282.6,50,32600
20240219,14:28:23,282.65,50,32600
20240219,14:28:26,282.15,50,32600
20240219,14:28:27,280.75,50,32600
20240219,14:28:37,280.0,100,32600
20240219,14:28:47,276.7,350,32600
20240219,14:28:50,277.75,100,32600
20240219,14:28:56,278.6,50,32600
20240219,14:29:23,280.1,250,32600
20240219,14:29:25,279.75,50,32600
20240219,14:29:35,279.85,100,32600
20240219,14:29:41,278.65,50,32600
20240219,14:29:45,278.75,50,32600
20240219,14:30:00,279.95,50,32600
20240219,14:30:01,279.7,250,32600
20240219,14:30:05,280.95,400,32600
20240219,14:30:07,281.75,550,32600
20240219,14:30:13,283.0,300,32600
20240219,14:30:16,283.35,150,32600
20240219,14:30:17,283.5,50,32600
20240219,14:30:19,283.85,50,32600
20240219,14:30:23,283.0,50,32600
20240219,14:30:30,282.45,50,32600
20240219,14:30:40,285.0,150,32600
20240219,14:30:42,286.4,250,32600
20240219,14:30:51,284.15,250,32600
20240219,14:30:59,286.75,50,32600
20240219,14:31:06,286.15,50,32600
20240219,14:31:10,286.05,50,32600
20240219,14:31:14,285.1,50,32600
20240219,14:31:15,285.0,650,32600
20240219,14:31:18,284.05,300,32600
20240219,14:31:23,285.5,50,32600
20240219,14:31:32,285.65,200,32600
20240219,14:31:38,284.2,2000,32600
20240219,14:31:43,284.15,300,32600
20240219,14:31:45,284.55,50,32600
20240219,14:32:08,285.1,100,32600
20240219,14:32:11,284.95,100,32600
20240219,14:32:16,284.65,100,32600
20240219,14:32:18,285.45,100,32600
20240219,14:32:19,285.4,100,32600
20240219,14:32:21,285.4,50,32600
20240219,14:32:23,285.9,50,32600
20240219,14:32:26,285.7,100,32600
20240219,14:32:30,285.65,50,32600
20240219,14:32:42,285.0,50,32600
20240219,14:32:44,284.65,50,32600
20240219,14:32:53,284.45,600,32600
20240219,14:33:00,285.6,250,32600
20240219,14:33:03,286.5,100,32600
20240219,14:33:05,287.5,250,32600
20240219,14:33:11,288.2,300,32600
20240219,14:33:23,289.1,300,32600
20240219,14:33:25,289.35,100,32600
20240219,14:33:36,288.45,100,32600
20240219,14:34:04,287.05,100,32600
20240219,14:34:31,291.45,50,31250
20240219,14:34:36,289.9,600,31250
20240219,14:34:38,290.6,250,31250
20240219,14:35:00,289.1,50,31250
20240219,14:35:02,288.2,500,31250
20240219,14:35:17,287.85,50,31250
20240219,14:35:42,286.1,50,31250
20240219,14:35:46,286.45,50,31250
20240219,14:35:55,285.95,50,31250
20240219,14:35:56,285.45,300,31250
20240219,14:36:02,287.7,150,31250
20240219,14:36:55,287.55,100,31250
20240219,14:37:04,290.7,300,31250
20240219,14:37:05,290.8,350,31250
20240219,14:37:20,292.75,50,31250
20240219,14:37:23,294.05,400,30650
20240219,14:37:37,292.7,1700,30650
20240219,14:37:40,292.9,50,30650
20240219,14:37:58,295.65,100,30650
20240219,14:38:09,295.1,100,30650
20240219,14:38:10,294.8,200,30650
20240219,14:38:21,292.75,50,30650
20240219,14:38:29,291.45,250,30650
20240219,14:38:56,293.8,100,30650
20240219,14:39:03,292.3,50,30650
20240219,14:39:12,292.3,250,30650
20240219,14:39:21,291.7,50,30650
20240219,14:39:24,290.0,100,30650
20240219,14:39:25,289.4,50,30650
20240219,14:39:41,290.2,150,30650
20240219,14:40:00,293.15,200,30650
20240219,14:40:04,294.55,1600,30650
20240219,14:40:17,295.45,50,30650
20240219,14:40:18,295.55,150,30650
20240219,14:40:56,294.45,250,29250
20240219,14:40:58,294.0,50,29250
20240219,14:41:01,293.7,250,29250
20240219,14:41:15,292.0,100,29250
20240219,14:41:29,292.6,50,29250
20240219,14:41:31,293.0,50,29250
20240219,14:41:32,294.0,100,29250
20240219,14:41:38,294.5,100,29250
20240219,14:41:40,294.3,250,29250
20240219,14:41:55,292.5,200,29250
20240219,14:42:04,294.1,300,29250
20240219,14:42:23,293.35,50,29250
20240219,14:42:27,294.0,650,29250
20240219,14:42:31,295.0,150,29250
20240219,14:42:56,293.0,250,29250
20240219,14:43:42,289.85,600,29250
20240219,14:43:49,290.7,250,28650
20240219,14:44:29,298.15,150,28650
20240219,14:44:39,298.75,50,28650
20240219,14:45:04,298.0,100,28650
20240219,14:45:08,298.95,50,28650
20240219,14:45:23,298.2,800,28650
20240219,14:45:28,298.55,250,28650
20240219,14:45:36,301.4,200,28650
20240219,14:45:42,304.8,200,28650
20240219,14:45:48,301.05,100,28650
20240219,14:46:03,299.2,400,28650
20240219,14:46:29,304.0,50,27650
20240219,14:46:32,303.55,50,27650
20240219,14:46:38,302.05,50,27650
20240219,14:46:51,300.85,50,27650
20240219,14:47:28,300.8,100,27650
20240219,14:47:57,304.0,100,27650
20240219,14:48:08,304.15,50,27650
20240219,14:48:21,309.15,400,27650
20240219,14:48:23,309.6,50,27650
20240219,14:48:29,309.75,50,27650
20240219,14:48:41,312.55,50,27650
20240219,14:48:51,316.95,50,27650
20240219,14:49:04,317.55,50,27650
20240219,14:49:10,316.35,50,27650
20240219,14:49:16,312.8,50,27650
20240219,14:49:25,315.0,50,27300
20240219,14:49:32,313.05,650,27300
20240219,14:49:38,313.45,150,27300
20240219,14:49:44,311.65,50,27300
20240219,14:49:50,313.45,100,27300
20240219,14:49:54,313.75,50,27300
20240219,14:50:02,316.0,50,27300
20240219,14:50:24,321.55,50,27300
20240219,14:50:25,321.4,50,27300
20240219,14:50:28,320.15,100,27300
20240219,14:50:30,319.2,50,27300
20240219,14:50:40,319.55,100,27300
20240219,14:51:00,312.4,400,27300
20240219,14:51:04,313.25,100,27300
20240219,14:51:19,314.4,150,27300
20240219,14:51:31,314.15,250,27300
20240219,14:51:37,312.7,150,27300
20240219,14:52:08,308.4,50,27300
20240219,14:52:19,306.15,250,27300
20240219,14:52:21,305.7,100,27850
20240219,14:52:22,306.55,50,27850
20240219,14:52:35,304.5,100,27850
20240219,14:52:38,303.2,50,27850
20240219,14:52:48,302.75,100,27850
20240219,14:53:12,305.25,50,27850
20240219,14:54:06,305.35,100,27850
20240219,14:55:47,310.1,50,28050
20240219,14:56:06,314.65,50,28050
20240219,14:56:08,316.15,100,28050
20240219,14:56:16,316.1,50,28050
20240219,14:56:37,311.75,100,28050
20240219,14:56:41,311.25,150,28050
20240219,14:56:44,310.05,50,28050
20240219,14:56:55,316.8,50,28050
20240219,14:57:02,320.4,50,28050
20240219,14:57:09,320.8,50,28050
20240219,14:57:11,321.05,100,28050
20240219,14:57:19,323.35,50,28050
20240219,14:57:20,325.0,100,28050
20240219,14:57:24,327.0,50,28050
20240219,14:57:25,329.0,300,28050
20240219,14:57:26,329.25,1750,28050
20240219,14:57:30,327.8,100,28050
20240219,14:57:32,330.5,200,28050
20240219,14:57:35,329.4,50,28050
20240219,14:57:47,329.95,100,28050
20240219,14:57:49,331.05,50,28050
20240219,14:57:51,332.6,50,28050
20240219,14:57:53,332.5,1000,28050
20240219,14:57:55,332.65,50,28050
20240219,14:57:56,331.0,750,28050
20240219,14:58:03,331.05,150,28050
20240219,14:58:20,325.45,50,28050
20240219,14:58:51,331.55,50,28050
20240219,14:59:02,329.95,100,27600
20240219,14:59:05,329.25,50,27600
20240219,14:59:15,327.05,50,27600
20240219,14:59:19,326.75,100,27600
20240219,14:59:56,327.7,700,27600
20240219,15:00:01,326.4,200,27600
20240219,15:00:09,326.4,500,27600
20240219,15:00:26,335.25,500,27600
20240219,15:00:27,337.2,450,27600
20240219,15:00:31,337.75,50,27600
20240219,15:00:37,333.6,100,27600
20240219,15:00:51,329.25,50,27600
20240219,15:01:08,322.2,1150,27600
20240219,15:01:09,319.15,450,27600
20240219,15:01:11,319.55,50,27600
20240219,15:01:38,309.7,400,27300
20240219,15:01:42,312.45,50,27300
20240219,15:01:45,313.5,100,27300
20240219,15:02:00,316.35,200,27300
20240219,15:02:06,315.75,200,27300
20240219,15:02:11,313.45,150,27300
20240219,15:02:20,313.55,50,27300
20240219,15:02:27,315.25,50,27300
20240219,15:02:32,316.8,50,27300
20240219,15:02:50,317.3,100,27300
20240219,15:02:54,318.25,50,27300
20240219,15:03:09,326.55,150,27300
20240219,15:03:16,325.15,50,27300
20240219,15:03:20,326.85,50,27300
20240219,15:03:47,333.8,50,27300
20240219,15:03:49,338.0,500,27300
20240219,15:03:53,341.1,50,27300
20240219,15:03:58,341.8,300,27300
20240219,15:04:01,339.0,50,27300
20240219,15:04:02,340.15,150,27300
20240219,15:04:04,339.25,50,27300
20240219,15:04:29,338.7,250,27300
20240219,15:04:40,339.4,100,27650
20240219,15:04:44,338.6,300,27650
20240219,15:04:56,337.9,200,27650
20240219,15:04:57,337.75,50,27650
20240219,15:04:59,338.4,50,27650
20240219,15:05:01,338.2,50,27650
20240219,15:05:07,338.85,50,27650
20240219,15:05:16,337.95,150,27650
20240219,15:05:18,339.0,50,27650
20240219,15:05:28,338.7,350,27650
20240219,15:05:29,341.75,200,27650
20240219,15:05:33,338.25,50,27650
20240219,15:06:03,340.9,100,27650
20240219,15:06:27,347.85,50,27650
20240219,15:06:28,349.25,50,27650
20240219,15:06:30,350.85,2400,27650
20240219,15:06:31,351.05,250,27650
20240219,15:06:40,360.75,100,27650
20240219,15:06:41,359.7,50,27650
20240219,15:06:42,360.2,100,27650
20240219,15:06:43,359.9,150,27650
20240219,15:06:45,359.7,50,27650
20240219,15:06:46,359.15,150,27650
20240219,15:06:47,357.45,500,27650
20240219,15:06:54,356.05,150,27650
20240219,15:07:03,357.9,100,27650
20240219,15:07:12,361.05,300,27650
20240219,15:07:22,362.85,50,27650
20240219,15:07:47,361.55,50,28350
20240219,15:07:54,361.85,100,28350
20240219,15:08:42,356.45,200,28350
20240219,15:08:51,357.95,50,28350
20240219,15:08:55,358.3,50,28350
20240219,15:09:19,358.8,50,28350
20240219,15:09:26,363.3,250,28350
20240219,15:09:39,368.8,50,28350
20240219,15:09:43,371.0,50,28350
20240219,15:09:48,373.8,150,28350
20240219,15:09:49,372.75,50,28350
20240219,15:09:50,373.8,100,28350
20240219,15:09:53,369.9,400,28350
20240219,15:09:57,366.85,850,28350
20240219,15:09:58,365.35,150,28350
20240219,15:10:08,364.45,50,28350
20240219,15:10:16,361.25,2050,28350
20240219,15:10:40,370.95,750,28450
20240219,15:10:44,369.45,50,28450
20240219,15:10:53,364.7,550,28450
20240219,15:10:55,364.5,250,28450
20240219,15:11:06,364.2,50,28450
20240219,15:11:07,362.85,300,28450
20240219,15:11:13,365.6,150,28450
20240219,15:11:31,361.45,100,28450
20240219,15:11:47,355.4,50,28450
20240219,15:12:04,363.0,150,28450
20240219,15:12:35,358.75,50,28450
20240219,15:12:48,358.35,200,28450
20240219,15:13:29,350.05,300,29950
20240219,15:13:38,350.7,1350,29950
20240219,15:13:40,350.1,50,29950
20240219,15:13:45,348.15,500,29950
20240219,15:13:49,349.4,100,29950
20240219,15:13:59,353.7,350,29950
20240219,15:14:00,353.4,50,29950
20240219,15:14:01,354.4,50,29950
20240219,15:14:05,359.8,50,29950
20240219,15:14:14,356.45,150,29950
20240219,15:14:17,355.65,200,29950
20240219,15:14:22,355.5,600,29950
20240219,15:14:29,353.1,450,29950
20240219,15:14:30,353.25,100,29950
20240219,15:14:41,351.45,50,29950
20240219,15:15:01,353.85,50,29950
20240219,15:15:05,352.0,550,29950
20240219,15:15:11,355.0,1000,29950
20240219,15:15:12,355.85,300,29950
20240219,15:15:20,357.9,250,29950
20240219,15:15:28,356.4,150,29950
20240219,15:15:33,354.55,200,29950
20240219,15:15:34,353.6,100,29950
20240219,15:15:40,354.2,50,29950
20240219,15:15:42,354.95,200,29950
20240219,15:15:44,352.5,250,29950
20240219,15:15:47,352.35,50,29950
20240219,15:15:51,350.55,700,29950
20240219,15:16:18,346.35,450,29950
20240219,15:16:23,344.4,50,29950
20240219,15:16:29,339.15,200,30400
20240219,15:16:30,339.45,50,30400
20240219,15:16:32,337.75,50,30400
20240219,15:16:40,339.05,200,30400
20240219,15:16:49,335.7,50,30400
20240219,15:16:58,335.4,450,30400
20240219,15:17:01,336.9,100,30400
20240219,15:17:02,337.4,500,30400
20240219,15:17:05,339.85,50,30400
20240219,15:17:08,340.45,50,30400
20240219,15:17:09,342.3,100,30400
20240219,15:17:14,338.45,250,30400
20240219,15:17:20,337.55,250,30400
20240219,15:17:29,336.3,100,30400
20240219,15:17:40,335.1,50,30400
20240219,15:17:45,334.95,50,30400
20240219,15:17:47,333.5,150,30400
20240219,15:17:50,332.95,200,30400
20240219,15:18:00,335.55,50,30400
20240219,15:18:18,341.3,100,30400
20240219,15:18:19,341.7,350,30400
20240219,15:18:23,345.3,900,30400
20240219,15:18:27,342.55,200,30400
20240219,15:18:33,343.5,150,30400
20240219,15:18:35,344.1,50,30400
20240219,15:18:36,344.35,50,30400
20240219,15:18:45,341.95,200,30400
20240219,15:18:53,342.85,100,30400
20240219,15:18:59,346.0,800,30400
20240219,15:19:00,345.45,150,30400
20240219,15:19:03,348.0,50,30400
20240219,15:19:07,347.95,500,30400
20240219,15:19:16,349.95,250,30400
20240219,15:19:25,349.05,50,31800
20240219,15:19:26,347.95,100,31800
20240219,15:19:34,347.55,250,31800
20240219,15:19:49,345.1,150,31800
20240219,15:19:54,347.55,50,31800
20240219,15:19:59,347.15,50,31800
20240219,15:20:00,346.3,750,31800
20240219,15:20:01,346.15,200,31800
20240219,15:20:02,348.3,450,31800
20240219,15:20:03,348.4,250,31800
20240219,15:20:04,347.1,200,31800
20240219,15:20:05,346.55,50,31800
20240219,15:20:06,346.45,200,31800
20240219,15:20:07,347.0,150,31800
20240219,15:20:08,346.3,200,31800
20240219,15:20:09,346.5,200,31800
20240219,15:20:10,346.8,50,31800
20240219,15:20:11,346.45,200,31800
20240219,15:20:16,343.1,600,31800
20240219,15:20:20,343.2,50,31800
20240219,15:20:22,344.05,100,31800
20240219,15:20:34,342.25,50,31800
20240219,15:20:36,342.95,700,31800
20240219,15:20:40,346.45,250,31800
20240219,15:20:44,348.0,50,31800
20240219,15:20:54,348.4,150,31800
20240219,15:21:12,349.7,50,31800
20240219,15:21:18,348.0,250,31800
20240219,15:21:22,349.3,550,31800
20240219,15:21:36,347.85,300,31800
20240219,15:21:44,348.0,550,31800
20240219,15:21:53,350.45,150,31800
20240219,15:21:57,349.65,750,31800
20240219,15:22:02,351.15,250,31800
20240219,15:22:03,350.55,300,31800
20240219,15:22:06,350.95,50,31800
20240219,15:22:15,349.35,150,31800
20240219,15:22:18,350.55,50,31800
20240219,15:22:19,351.75,400,31800
20240219,15:22:29,350.0,50,32500
20240219,15:22:31,349.65,450,32500
20240219,15:22:31,349.35,100,32500
20240219,15:22:32,348.0,600,32500
20240219,15:22:39,349.8,200,32500
20240219,15:22:44,350.1,50,32500
20240219,15:22:54,350.55,50,32500
20240219,15:22:59,351.5,1250,32500
20240219,15:23:00,350.15,100,32500
20240219,15:23:01,350.0,100,32500
20240219,15:23:03,351.0,450,32500
20240219,15:23:06,351.65,1050,32500
20240219,15:23:11,352.8,300,32500
20240219,15:23:12,352.9,300,32500
20240219,15:23:13,352.25,250,32500
20240219,15:23:14,352.5,150,32500
20240219,15:23:17,352.75,250,32500
20240219,15:23:19,352.9,200,32500
20240219,15:23:26,354.15,250,32500
20240219,15:23:26,353.0,100,32500
20240219,15:23:28,353.45,750,32500
20240219,15:23:37,352.0,50,32500
20240219,15:23:37,352.5,100,32500
20240219,15:23:38,352.55,50,32500
20240219,15:23:39,352.35,50,32500
20240219,15:23:50,350.3,200,32500
20240219,15:23:51,350.25,50,32500
20240219,15:23:52,349.5,50,32500
20240219,15:23:55,350.1,200,32500
20240219,15:23:58,351.15,200,32500
20240219,15:24:03,351.65,200,32500
20240219,15:24:04,350.85,100,32500
20240219,15:24:05,350.9,100,32500
20240219,15:24:09,351.75,50,32500
20240219,15:24:12,351.25,100,32500
20240219,15:24:21,353.65,250,32500
20240219,15:24:22,354.7,50,32500
20240219,15:24:23,354.45,350,32500
20240219,15:24:28,356.15,50,32500
20240219,15:24:29,354.6,50,32500
20240219,15:24:31,355.3,50,32500
20240219,15:24:44,356.4,250,32500
20240219,15:24:59,356.2,50,32500
20240219,15:25:02,354.9,100,32500
20240219,15:25:13,356.85,250,32500
20240219,15:25:14,357.15,200,32500
20240219,15:25:15,357.15,50,32500
20240219,15:25:19,357.35,50,32500
20240219,15:25:21,357.6,350,32500
20240219,15:25:26,357.3,100,32500
20240219,15:25:37,357.15,400,35350
20240219,15:25:39,357.35,50,35350
20240219,15:25:40,356.5,600,35350
20240219,15:25:45,357.8,50,35350
20240219,15:25:46,358.1,50,35350
20240219,15:25:48,360.0,100,35350
20240219,15:25:53,360.0,450,35350
20240219,15:25:55,357.6,200,35350
20240219,15:25:59,357.35,50,35350
20240219,15:26:11,358.35,50,35350
20240219,15:26:13,358.4,200,35350
20240219,15:26:17,358.9,50,35350
20240219,15:26:28,359.5,50,35350
20240219,15:26:30,359.9,50,35350
20240219,15:26:32,361.85,100,35350
20240219,15:26:35,361.9,450,35350
20240219,15:26:48,362.45,250,35350
20240219,15:26:59,364.8,100,35350
20240219,15:27:00,365.4,200,35350
20240219,15:27:01,365.4,100,35350
20240219,15:27:03,366.6,900,35350
20240219,15:27:05,365.1,800,35350
20240219,15:27:09,364.65,800,35350
20240219,15:27:13,365.0,50,35350
20240219,15:27:14,365.0,150,35350
20240219,15:27:15,365.0,100,35350
20240219,15:27:22,363.15,300,35350
20240219,15:27:24,361.05,400,35350
20240219,15:27:25,362.2,300,35350
20240219,15:27:36,358.5,50,35350
20240219,15:28:09,359.65,450,35350
20240219,15:29:05,360.35,100,35150
20240219,15:29:13,361.15,50,35150
20240219,15:29:19,359.2,100,35150
20240219,15:29:24,357.65,50,35150
20240219,15:29:33,358.3,50,35150
20240219,15:29:45,357.0,400,35150
20240219,15:29:48,357.0,200,35150
20240220,09:15:04,390.65,1,35150
20240220,09:15:04,390.65,250,35150
20240220,09:15:06,400.1,100,35100
20240220,09:15:09,403.5,50,35100
20240220,09:15:10,403.5,100,35100
20240220,09:15:13,400.45,50,35100
20240220,09:15:15,396.15,350,35100
20240220,09:15:17,396.8,50,35100
20240220,09:15:18,397.0,50,35100
20240220,09:15:26,389.9,200,35100
20240220,09:15:27,392.85,50,35100
20240220,09:15:29,393.05,50,35100
20240220,09:15:31,391.4,100,35100
20240220,09:15:34,390.95,50,35100
20240220,09:15:45,392.4,100,35100
20240220,09:15:58,394.8,50,35350
20240220,09:16:04,398.65,100,35350
20240220,09:16:08,401.35,50,35350
20240220,09:16:12,402.9,1800,35350
20240220,09:16:19,399.2,100,35350
20240220,09:16:30,397.9,50,35350
20240220,09:16:47,397.9,50,35350
20240220,09:16:49,397.9,1100,35350
20240220,09:17:02,399.0,150,35350
20240220,09:17:03,397.9,250,35350
20240220,09:17:07,401.2,300,35350
20240220,09:17:13,398.35,100,35350
20240220,09:17:16,398.65,250,35350
20240220,09:17:17,398.55,50,35350
20240220,09:17:18,398.55,50,35350
20240220,09:17:19,398.35,100,35350
20240220,09:17:20,396.25,400,35350
20240220,09:17:23,399.25,50,35350
20240220,09:17:52,399.25,50,35350
20240220,09:18:21,405.0,50,35350
20240220,09:18:44,407.6,50,35350
20240220,09:18:45,408.6,100,35350
20240220,09:19:00,409.7,50,36600
20240220,09:19:08,415.0,150,36600
20240220,09:19:11,415.75,100,36600
20240220,09:19:37,415.75,50,36600
20240220,09:20:04,412.75,100,36600
20240220,09:20:42,403.25,50,36600
20240220,09:20:47,403.55,50,36600
20240220,09:21:06,414.0,100,36600
20240220,09:21:16,408.3,250,36600
20240220,09:21:49,405.1,50,36650
20240220,09:22:35,408.4,150,36650
20240220,09:22:45,409.9,900,36650
20240220,09:23:23,403.85,50,36650
20240220,09:23:28,404.75,50,36650
20240220,09:23:31,405.5,100,36650
20240220,09:23:34,405.35,50,36650
20240220,09:23:36,404.65,50,36650
20240220,09:23:41,404.5,50,36650
20240220,09:23:46,403.15,50,36650
20240220,09:23:49,401.65,50,36650
20240220,09:23:51,399.35,50,36650
20240220,09:23:53,395.6,50,36650
20240220,09:23:55,394.8,50,36650
20240220,09:23:58,396.15,150,36650
20240220,09:23:58,396.05,200,36650
20240220,09:24:01,397.35,150,36650
20240220,09:24:02,398.7,100,36650
20240220,09:24:04,397.4,50,36650
20240220,09:24:09,398.4,100,36650
20240220,09:24:12,394.85,50,36650
20240220,09:24:13,397.2,100,36650
20240220,09:24:15,397.4,50,36650
20240220,09:24:17,396.9,50,36650
20240220,09:24:18,397.55,100,36650
20240220,09:25:26,396.9,500,37200
20240220,09:25:27,396.0,50,37200
20240220,09:25:32,392.0,50,37200
20240220,09:26:09,392.2,50,37200
20240220,09:26:11,394.0,100,37200
20240220,09:26:30,390.9,650,37200
20240220,09:26:50,393.15,500,37200
20240220,09:27:08,390.0,100,37200
20240220,09:27:19,391.8,500,37200
20240220,09:28:35,392.4,200,38550
20240220,09:28:38,390.0,100,38550
20240220,09:28:53,393.7,50,38550
20240220,09:28:54,392.65,50,38550
20240220,09:29:00,386.65,300,38550
20240220,09:29:04,385.35,50,38550
20240220,09:29:20,382.95,50,38550
20240220,09:30:24,382.95,100,38550
20240220,09:30:53,390.6,100,38150
20240220,09:31:12,397.9,50,38150
20240220,09:31:17,397.95,250,38150
20240220,09:31:52,397.8,100,38150
20240220,09:32:06,405.1,100,38150
20240220,09:32:16,398.6,750,38150
20240220,09:32:21,400.05,50,38150
20240220,09:32:51,398.7,100,38150
20240220,09:33:09,402.9,50,38150
20240220,09:33:13,402.55,150,38150
20240220,09:33:37,397.85,50,38150
20240220,09:34:20,401.95,50,38000
20240220,09:35:07,404.2,50,38000
20240220,09:35:20,404.2,50,38000
20240220,09:35:33,401.65,900,38000
20240220,09:35:58,397.85,50,38000
20240220,09:37:04,400.35,100,37700
20240220,09:37:41,388.0,200,37700
20240220,09:38:37,390.15,50,37700
20240220,09:38:52,386.55,50,37700
20240220,09:39:14,383.85,150,37700
20240220,09:39:16,382.9,200,37700
20240220,09:39:17,382.5,50,37700
20240220,09:39:20,382.5,50,37700
20240220,09:39:29,384.1,50,37700
20240220,09:39:54,386.4,150,37900
20240220,09:40:03,385.6,50,37900
20240220,09:40:32,385.0,150,37900
20240220,09:40:35,386.55,100,37900
20240220,09:40:36,385.35,50,37900
20240220,09:40:39,384.3,100,37900
20240220,09:40:43,378.4,200,37900
20240220,09:40:44,379.3,50,37900
20240220,09:40:46,379.6,50,37900
20240220,09:40:52,383.2,50,37900
20240220,09:40:57,379.0,50,37900
20240220,09:41:00,379.4,50,37900
20240220,09:41:03,378.7,50,37900
20240220,09:41:06,380.05,150,37900
20240220,09:41:19,380.8,50,37900
20240220,09:41:24,379.0,50,37900
20240220,09:41:29,377.2,150,37900
20240220,09:41:30,377.2,50,37900
20240220,09:41:56,375.85,50,37900
20240220,09:42:05,375.75,50,37900
20240220,09:42:07,373.5,150,37900
20240220,09:42:09,373.5,50,37900
20240220,09:42:23,370.45,50,37900
20240220,09:42:32,368.95,100,37900
20240220,09:42:44,364.15,250,37900
20240220,09:42:45,364.15,50,37900
20240220,09:42:46,365.3,150,37900
20240220,09:43:03,365.0,250,38300
20240220,09:43:07,366.6,50,38300
20240220,09:43:08,364.9,50,38300
20240220,09:43:33,361.65,50,38300
20240220,09:43:37,361.65,50,38300
20240220,09:44:02,360.75,50,38300
20240220,09:44:03,360.75,100,38300
20240220,09:44:08,363.3,400,38300
20240220,09:44:13,368.85,50,38300
20240220,09:44:37,372.0,50,38300
20240220,09:44:38,373.1,50,38300
20240220,09:45:07,374.9,100,38300
20240220,09:45:11,376.8,50,38300
20240220,09:45:13,377.1,50,38300
20240220,09:45:22,372.5,50,38300
20240220,09:45:37,371.0,50,38300
20240220,09:45:43,371.8,100,38300
20240220,09:45:45,370.85,1800,38300
20240220,09:45:46,371.85,1800,38300
20240220,09:46:23,372.5,50,40050
20240220,09:46:31,373.8,150,40050
20240220,09:47:02,374.8,150,40050
20240220,09:47:24,376.8,50,40050
20240220,09:47:30,378.35,50,40050
20240220,09:48:01,374.8,300,40050
20240220,09:48:13,383.0,100,40050
20240220,09:48:14,383.2,50,40050
20240220,09:48:26,384.45,100,40050
20240220,09:48:54,386.5,50,39850
20240220,09:49:01,387.6,50,39850
20240220,09:49:03,391.2,200,39850
20240220,09:49:04,394.0,200,39850
20240220,09:49:05,395.05,100,39850
20240220,09:49:06,393.75,1800,39850
20240220,09:49:08,396.55,50,39850
20240220,09:49:15,397.65,150,39850
20240220,09:49:47,400.6,1800,39850
20240220,09:49:54,401.1,400,39850
20240220,09:50:01,404.45,50,39850
20240220,09:50:03,403.0,150,39850
20240220,09:50:08,411.2,50,39850
20240220,09:50:10,406.15,50,39850
20240220,09:50:14,407.5,50,39850
20240220,09:50:19,407.5,300,39850
20240220,09:50:49,397.75,50,39850
20240220,09:50:51,395.45,100,39850
20240220,09:51:02,400.5,100,39850
20240220,09:51:09,406.8,50,39850
20240220,09:51:18,402.2,50,39850
20240220,09:51:20,402.55,50,39850
20240220,09:51:37,401.1,200,39850
20240220,09:51:55,403.4,300,42750
20240220,09:52:39,399.45,100,42750
20240220,09:53:49,415.6,150,42750
20240220,09:53:51,414.75,50,42750
20240220,09:53:57,420.45,650,42750
20240220,09:53:59,420.45,150,42750
20240220,09:54:04,421.85,450,42750
20240220,09:54:11,421.85,50,42750
20240220,09:54:17,415.65,150,42750
20240220,09:54:21,414.55,50,42750
20240220,09:54:22,415.65,200,42750
20240220,09:54:23,415.0,200,42750
20240220,09:54:31,411.2,100,42750
20240220,09:54:43,413.4,200,42750
20240220,09:54:55,420.0,50,43150
20240220,09:54:57,420.7,200,43150
20240220,09:55:21,421.45,50,43150
20240220,09:55:32,425.1,150,43150
20240220,09:55:55,425.1,50,43150
20240220,09:56:05,432.85,50,43150
20240220,09:56:15,439.7,50,43150
20240220,09:56:19,439.7,50,43150
20240220,09:56:24,432.05,1100,43150
20240220,09:56:58,422.55,50,43150
20240220,09:57:00,423.35,50,43150
20240220,09:57:02,425.0,50,43150
20240220,09:57:06,424.9,50,43150
20240220,09:57:23,424.1,50,43150
20240220,09:57:28,424.75,50,43150
20240220,09:57:32,418.8,150,43150
20240220,09:57:39,418.0,150,43150
20240220,09:57:43,416.0,300,43150
20240220,09:57:51,414.8,150,43150
20240220,09:58:02,413.1,50,43050
20240220,09:58:29,416.55,50,43050
20240220,09:59:09,416.65,100,43050
20240220,10:00:26,410.35,350,43050
20240220,10:01:13,409.75,50,43350
20240220,10:01:17,411.25,50,43350
20240220,10:01:56,408.4,50,43350
20240220,10:02:05,404.85,150,43350
20240220,10:02:51,402.5,50,43350
20240220,10:02:55,401.65,100,43350
20240220,10:03:10,407.0,300,43350
20240220,10:03:12,408.05,100,43350
20240220,10:03:39,421.1,50,43350
20240220,10:03:47,420.7,100,43350
20240220,10:03:55,421.1,50,43350
20240220,10:04:04,415.65,50,43350
20240220,10:04:35,411.7,450,43350
20240220,10:04:50,415.7,750,43350
20240220,10:05:11,415.7,350,43350
20240220,10:05:23,415.65,50,43350
20240220,10:05:46,415.55,50,43350
20240220,10:05:47,412.1,900,43350
20240220,10:06:13,404.75,1000,43350
20240220,10:06:15,404.15,150,43350
20240220,10:06:21,407.5,100,43350
20240220,10:06:49,412.5,150,43350
20240220,10:07:05,409.3,150,43350
20240220,10:08:10,406.8,50,43600
20240220,10:08:25,403.9,200,43600
20240220,10:08:33,398.05,50,43600
20240220,10:08:42,398.6,300,43600
20240220,10:08:50,392.0,200,43600
20240220,10:08:52,391.5,300,43600
20240220,10:08:55,396.05,300,43600
20240220,10:08:56,395.0,200,43600
20240220,10:08:59,394.4,150,43600
20240220,10:09:06,391.35,200,43600
20240220,10:09:22,391.35,50,43600
20240220,10:09:47,396.0,200,43600
20240220,10:09:59,396.0,150,43800
20240220,10:11:28,396.5,50,43800
20240220,10:11:32,396.2,50,43800
20240220,10:11:33,397.7,150,43800
20240220,10:11:36,400.3,300,43800
20240220,10:11:43,401.3,500,43800
20240220,10:11:49,401.45,150,43800
20240220,10:11:50,401.05,500,43800
20240220,10:11:52,395.35,50,43800
20240220,10:11:58,394.8,200,43800
20240220,10:12:05,402.0,200,43800
20240220,10:12:10,400.4,50,43800
20240220,10:12:45,403.05,200,43800
20240220,10:13:04,407.8,100,43600
20240220,10:13:08,409.6,450,43600
20240220,10:13:09,411.75,150,43600
20240220,10:13:16,409.5,150,43600
20240220,10:13:46,399.75,50,43600
20240220,10:14:28,398.75,50,43600
20240220,10:14:37,396.0,150,43600
20240220,10:14:41,394.0,250,43600
20240220,10:15:03,388.0,200,43600
20240220,10:15:04,388.0,100,43600
20240220,10:15:08,392.5,750,43600
20240220,10:15:11,389.55,550,43600
20240220,10:15:23,386.4,50,43600
20240220,10:15:24,385.25,300,43600
20240220,10:15:28,382.95,50,43600
20240220,10:15:34,385.0,50,43600
20240220,10:15:57,378.0,150,43150
20240220,10:16:03,374.0,100,43150
20240220,10:16:05,373.6,250,43150
20240220,10:16:06,372.6,50,43150
20240220,10:16:08,376.75,550,43150
20240220,10:16:10,375.45,300,43150
20240220,10:16:13,374.6,50,43150
20240220,10:16:17,369.7,600,43150
20240220,10:16:19,367.15,50,43150
20240220,10:16:27,363.75,50,43150
20240220,10:16:28,366.05,500,43150
20240220,10:16:32,368.2,50,43150
20240220,10:16:48,366.9,150,43150
20240220,10:16:59,371.25,100,43150
20240220,10:17:04,369.6,1050,43150
20240220,10:17:18,375.8,50,43150
20240220,10:17:20,375.2,50,43150
20240220,10:17:22,371.85,100,43150
20240220,10:17:23,370.3,50,43150
20240220,10:17:24,370.65,500,43150
20240220,10:17:41,367.2,50,43150
20240220,10:18:02,370.05,50,43150
20240220,10:18:03,369.35,150,43150
20240220,10:18:52,367.95,250,43150
20240220,10:19:08,362.6,150,44400
20240220,10:19:11,362.6,350,44400
20240220,10:19:22,362.25,50,44400
20240220,10:19:24,364.7,100,44400
20240220,10:19:30,364.7,50,44400
20240220,10:19:34,362.6,300,44400
20240220,10:19:37,361.9,150,44400
20240220,10:20:07,360.5,50,44400
20240220,10:20:13,360.5,100,44400
20240220,10:20:17,364.0,200,44400
20240220,10:20:20,366.0,150,44400
20240220,10:20:22,365.8,50,44400
20240220,10:20:38,369.7,50,44400
20240220,10:20:56,367.8,50,44400
20240220,10:21:06,360.0,100,44400
20240220,10:21:11,360.05,200,44400
20240220,10:21:34,362.8,50,44400
20240220,10:21:34,362.7,50,44400
20240220,10:21:36,361.9,100,44400
20240220,10:21:51,364.05,200,44400
20240220,10:22:10,366.6,150,43400
20240220,10:22:16,365.5,150,43400
20240220,10:22:23,364.9,100,43400
20240220,10:22:36,364.05,950,43400
20240220,10:23:23,369.35,650,43400
20240220,10:23:37,368.55,300,43400
20240220,10:23:49,370.5,50,43400
20240220,10:23:54,370.5,50,43400
20240220,10:24:05,366.85,300,43400
20240220,10:24:47,360.8,450,43400
20240220,10:24:52,361.4,50,43400
20240220,10:25:06,365.8,100,43950
20240220,10:25:38,360.55,50,43950
20240220,10:25:42,360.8,50,43950
20240220,10:26:34,364.95,50,43950
20240220,10:27:44,363.6,50,43950
20240220,10:28:00,366.3,50,43850
20240220,10:28:23,362.0,50,43850
20240220,10:28:32,360.8,300,43850
20240220,10:28:50,365.0,50,43850
20240220,10:29:00,367.0,50,43850
20240220,10:29:03,370.0,1050,43850
20240220,10:29:13,366.9,50,43850
20240220,10:29:17,365.9,150,43850
20240220,10:29:41,360.0,150,43850
20240220,10:29:52,355.3,150,43850
20240220,10:29:52,353.7,350,43850
20240220,10:29:53,353.55,1800,43850
20240220,10:29:57,353.55,200,43850
20240220,10:29:59,353.0,50,43850
20240220,10:30:00,353.0,100,43850
20240220,10:30:01,355.55,150,43850
20240220,10:30:09,358.0,50,43850
20240220,10:30:10,357.3,500,43850
20240220,10:30:22,361.0,100,43850
20240220,10:30:36,357.5,100,43850
20240220,10:30:50,348.6,200,43850
20240220,10:30:51,348.6,100,43850
20240220,10:31:04,354.85,50,44000
20240220,10:31:05,355.0,50,44000
20240220,10:31:18,356.9,100,44000
20240220,10:31:24,356.75,200,44000
20240220,10:31:26,355.0,50,44000
20240220,10:31:35,355.3,100,44000
20240220,10:31:56,358.2,400,44000
20240220,10:31:57,357.5,150,44000
20240220,10:32:02,354.9,50,44000
20240220,10:32:07,357.0,150,44000
20240220,10:32:11,357.05,150,44000
20240220,10:32:15,359.0,750,44000
20240220,10:32:17,359.0,100,44000
20240220,10:32:35,360.0,50,44000
20240220,10:32:39,361.85,200,44000
20240220,10:32:41,360.75,150,44000
20240220,10:32:49,362.05,50,44000
20240220,10:32:57,360.75,50,44000
20240220,10:33:49,365.1,100,44000
20240220,10:34:20,366.6,50,43200
20240220,10:34:23,365.1,50,43200
20240220,10:35:23,364.6,300,43200
20240220,10:35:42,363.75,5000,43200
20240220,10:35:59,368.0,50,43200
20240220,10:36:03,364.9,100,43200
20240220,10:36:13,370.0,350,43200
20240220,10:36:37,372.0,300,43200
20240220,10:36:43,373.6,50,43200
20240220,10:36:47,373.8,50,43200
20240220,10:37:07,375.65,50,39500
20240220,10:37:27,376.05,50,39500
20240220,10:37:29,378.25,1800,39500
20240220,10:37:39,377.6,50,39500
20240220,10:37:54,376.4,1200,39500
20240220,10:38:05,370.85,100,39500
20240220,10:38:09,371.7,150,39500
20240220,10:38:17,371.05,50,39500
20240220,10:38:19,371.65,50,39500
20240220,10:38:23,372.3,50,39500
20240220,10:39:32,371.45,150,39500
20240220,10:39:45,369.6,150,39500
20240220,10:39:48,368.85,50,39500
20240220,10:40:54,371.4,50,37450
20240220,10:40:59,371.1,50,37450
20240220,10:41:08,374.25,100,37450
20240220,10:41:28,373.45,250,37450
20240220,10:42:10,372.0,100,37450
20240220,10:42:10,370.0,50,37450
20240220,10:42:55,380.65,150,37450
20240220,10:43:06,380.2,50,37650
20240220,10:43:09,379.2,50,37650
20240220,10:43:20,378.55,50,37650
20240220,10:43:28,379.5,50,37650
20240220,10:43:46,380.1,1800,37650
20240220,10:44:01,382.1,500,37650
20240220,10:44:54,385.85,1000,37650
20240220,10:45:01,385.0,700,37650
20240220,10:45:02,385.5,50,37650
20240220,10:45:05,384.3,50,37650
20240220,10:45:13,382.35,50,37650
20240220,10:45:17,380.4,50,37650
20240220,10:45:21,381.8,50,37650
20240220,10:45:24,384.3,50,37650
20240220,10:45:34,385.05,1000,37650
20240220,10:45:37,385.7,150,37650
20240220,10:45:43,385.05,200,37650
20240220,10:46:00,383.1,250,37650
20240220,10:46:21,380.55,50,40850
20240220,10:47:08,381.15,150,40850
20240220,10:47:12,382.95,250,40850
20240220,10:47:22,381.3,1150,40850
20240220,10:47:24,381.6,100,40850
20240220,10:47:56,382.65,50,40850
20240220,10:48:08,380.4,100,40850
20240220,10:48:15,379.4,50,40850
20240220,10:48:17,379.05,100,40850
20240220,10:48:19,378.5,1250,40850
20240220,10:48:48,376.0,50,40850
20240220,10:49:21,385.4,250,41750
20240220,10:49:38,382.2,250,41750
20240220,10:49:46,380.05,50,41750
20240220,10:49:51,380.85,950,41750
20240220,10:50:07,380.4,50,41750
20240220,10:50:24,378.0,100,41750
20240220,10:50:30,378.0,50,41750
20240220,10:50:32,375.0,150,41750
20240220,10:50:37,376.9,50,41750
20240220,10:51:46,394.35,750,41750
20240220,10:51:47,393.75,200,41750
20240220,10:51:53,398.9,2850,41750
20240220,10:51:54,399.15,50,41750
20240220,10:51:55,398.85,1800,41750
20240220,10:51:59,395.65,50,41750
20240220,10:52:03,399.6,200,39000
20240220,10:52:04,402.55,450,39000
20240220,10:52:13,397.9,50,39000
20240220,10:52:15,400.5,200,39000
20240220,10:52:19,400.0,50,39000
20240220,10:52:25,401.35,50,39000
20240220,10:52:30,400.1,50,39000
20240220,10:52:37,398.75,50,39000
20240220,10:52:48,396.7,150,39000
20240220,10:52:50,393.95,50,39000
20240220,10:52:53,391.6,100,39000
20240220,10:52:57,391.25,50,39000
20240220,10:53:05,396.35,50,39000
20240220,10:53:14,397.6,350,39000
20240220,10:53:19,400.7,700,39000
20240220,10:53:43,397.25,250,39000
20240220,10:53:57,399.0,150,39000
20240220,10:53:58,401.0,100,39000
20240220,10:54:16,405.0,50,39000
20240220,10:54:17,403.7,100,39000
20240220,10:55:46,396.65,100,38750
20240220,10:56:19,395.25,50,38750
20240220,10:56:22,394.35,200,38750
20240220,10:56:25,395.2,50,38750
20240220,10:56:30,393.9,50,38750
20240220,10:57:37,389.5,50,38750
20240220,10:57:38,389.4,100,38750
20240220,10:58:13,389.2,50,38400
20240220,10:59:45,396.05,1850,38400
20240220,10:59:46,395.4,1800,38400
20240220,10:59:58,396.8,50,38400
20240220,11:00:03,400.55,450,38400
20240220,11:00:11,398.55,250,38400
20240220,11:00:33,398.5,50,38400
20240220,11:01:04,392.8,50,41350
20240220,11:01:08,398.05,400,41350
20240220,11:02:29,399.4,100,41350
20240220,11:02:45,399.4,50,41350
20240220,11:03:23,398.05,50,41350
20240220,11:03:24,397.35,50,41350
20240220,11:05:15,388.65,50,41000
20240220,11:05:24,390.0,350,41000
20240220,11:05:29,390.0,50,41000
20240220,11:07:08,390.0,50,40600
20240220,11:07:31,394.0,50,40600
20240220,11:09:01,385.05,50,40600
20240220,11:10:14,378.9,50,40550
20240220,11:11:27,380.3,50,40550
20240220,11:11:28,380.2,50,40550
20240220,11:11:29,380.1,100,40550
20240220,11:14:14,375.0,300,40700
20240220,11:14:26,377.4,1800,40700
20240220,11:14:52,380.65,50,40700
20240220,11:14:53,379.85,1800,40700
20240220,11:18:48,364.05,200,42750
20240220,11:18:54,364.55,100,42750
20240220,11:19:04,364.85,50,42750
20240220,11:19:17,367.6,400,42600
20240220,11:20:22,356.5,50,42600
20240220,11:20:23,357.4,50,42600
20240220,11:20:48,355.0,50,42600
20240220,11:20:51,355.3,50,42600
20240220,11:20:55,355.35,200,42600
20240220,11:21:15,357.7,400,42600
20240220,11:21:18,354.1,50,42600
20240220,11:21:42,357.45,250,42600
20240220,11:22:06,348.65,400,42600
20240220,11:23:37,352.65,150,42550
20240220,11:23:46,354.65,600,42550
20240220,11:23:59,354.75,150,42550
20240220,11:24:29,354.5,400,42550
20240220,11:26:02,363.1,300,43150
20240220,11:26:05,362.75,100,43150
20240220,11:26:24,360.15,300,43150
20240220,11:26:57,359.85,300,43150
20240220,11:27:44,359.85,300,43150
20240220,11:28:31,359.35,50,43750
20240220,11:29:20,358.05,300,43750
20240220,11:29:48,354.5,1000,43750
20240220,11:30:02,354.45,300,43750
20240220,11:30:21,355.9,150,43750
20240220,11:30:24,356.25,50,43750
20240220,11:30:32,355.65,350,43750
20240220,11:30:39,356.75,50,43750
20240220,11:30:57,357.9,100,43750
20240220,11:30:58,357.1,100,43750
20240220,11:31:45,351.0,200,43900
20240220,11:31:52,350.25,50,43900
20240220,11:32:02,347.25,50,43900
20240220,11:32:04,347.25,50,43900
20240220,11:32:16,346.1,50,43900
20240220,11:32:27,345.1,100,43900
20240220,11:32:36,342.3,1800,43900
20240220,11:32:37,339.9,350,43900
20240220,11:32:45,339.9,50,43900
20240220,11:32:49,343.0,300,43900
20240220,11:32:54,341.5,50,43900
20240220,11:32:55,343.25,1800,43900
20240220,11:32:59,342.65,50,43900
20240220,11:33:04,340.0,50,43900
20240220,11:33:56,342.0,150,43900
20240220,11:33:57,340.05,50,43900
20240220,11:34:04,343.6,100,43900
20240220,11:34:06,342.4,150,43900
20240220,11:34:18,340.6,50,42800
20240220,11:35:28,343.4,300,42800
20240220,11:35:44,345.7,50,42800
20240220,11:36:19,346.35,50,42800
20240220,11:36:42,349.65,100,42800
20240220,11:37:59,348.35,50,42750
20240220,11:38:09,353.1,50,42750
20240220,11:38:11,351.35,150,42750
20240220,11:38:13,352.3,50,42750
20240220,11:38:16,353.15,100,42750
20240220,11:38:17,354.1,50,42750
20240220,11:39:05,358.7,100,42750
20240220,11:39:07,359.65,50,42750
20240220,11:39:09,359.75,100,42750
20240220,11:39:15,362.2,50,42750
20240220,11:39:23,362.6,100,42750
20240220,11:39:26,363.15,50,42750
20240220,11:39:32,364.3,50,42750
20240220,11:39:50,364.3,400,42750
20240220,11:39:51,364.3,100,42750
20240220,11:40:03,360.0,100,42750
20240220,11:40:28,360.75,150,43100
20240220,11:41:03,360.4,100,43100
20240220,11:42:22,364.3,100,43100
20240220,11:42:51,364.35,150,43100
20240220,11:45:33,355.15,50,43100
20240220,11:49:21,350.0,550,43100
20240220,11:49:26,350.0,100,43100
20240220,11:49:34,350.0,600,43100
20240220,11:49:45,350.0,400,43100
20240220,11:50:33,354.25,50,43100
20240220,11:51:11,358.25,50,43100
20240220,11:51:21,355.35,50,43100
20240220,11:52:16,351.1,100,42950
20240220,11:52:26,351.05,50,42950
20240220,11:53:12,352.2,50,42950
20240220,11:53:30,349.0,500,42950
20240220,11:55:13,351.65,50,43000
20240220,11:55:37,345.0,200,43000
20240220,11:55:38,344.9,100,43000
20240220,11:55:40,346.75,50,43000
20240220,11:55:45,346.35,50,43000
20240220,11:57:30,341.85,50,43000
20240220,11:57:53,341.7,50,43000
20240220,11:58:02,341.0,50,43000
20240220,11:58:38,340.15,50,43050
20240220,11:59:37,328.5,350,43050
20240220,11:59:47,328.5,100,43050
20240220,11:59:49,330.4,50,43050
20240220,11:59:57,329.7,50,43050
20240220,12:00:26,328.2,150,43050
20240220,12:00:34,322.65,750,43050
20240220,12:00:52,322.65,50,43050
20240220,12:01:09,325.3,100,43050
20240220,12:01:12,325.2,50,43050
20240220,12:01:14,324.25,50,43400
20240220,12:01:21,324.9,150,43400
20240220,12:01:22,321.15,600,43400
20240220,12:01:34,321.15,500,43400
20240220,12:01:34,321.6,50,43400
20240220,12:01:39,320.95,150,43400
20240220,12:01:44,319.65,50,43400
20240220,12:02:18,315.0,400,43400
20240220,12:02:34,309.65,150,43400
20240220,12:02:35,310.3,50,43400
20240220,12:02:39,311.55,100,43400
20240220,12:02:48,309.2,300,43400
20240220,12:02:50,309.0,50,43400
20240220,12:03:03,309.0,100,43400
20240220,12:03:07,307.8,100,43400
20240220,12:03:09,304.45,50,43400
