date,time,tick_price,volume,open_interest
20240131,11:11:10,23.1,1800,1800
20240131,14:50:33,40.95,450,1800
20240131,14:50:41,40.95,200,1800
20240131,14:50:50,41.1,200,1800
20240131,14:50:58,41.5,100,1800
20240131,14:51:07,41.65,50,1800
20240131,14:51:25,41.65,150,2800
20240131,15:24:59,44.95,1800,2950
20240131,15:25:14,44.95,1250,2950
20240131,15:25:54,38.3,50,2950
20240131,15:29:10,40.3,250,5850
20240201,09:23:58,40.0,1,5850
20240201,09:23:58,40.0,50,5850
20240201,10:30:12,27.0,50,5900
20240201,10:53:47,27.0,50,5900
20240201,10:57:05,29.0,50,5900
20240201,11:39:48,29.0,50,5950
20240201,11:43:45,30.5,100,5950
20240201,12:02:06,29.9,250,6050
20240201,12:02:16,30.0,50,6050
20240201,12:02:54,31.6,250,6150
20240201,12:03:14,32.3,300,6150
20240201,12:03:24,32.85,450,6150
20240201,12:05:38,30.25,350,6150
20240201,12:05:48,29.7,1250,6150
20240201,12:06:16,29.65,100,6150
20240201,12:06:25,29.5,100,6150
20240201,12:06:53,28.85,100,6150
20240201,12:07:44,26.7,550,6150
20240201,12:07:55,26.7,250,6150
20240201,12:08:04,26.7,250,6150
20240201,12:08:13,26.7,150,6150
20240201,12:08:40,28.0,100,6150
20240201,12:12:17,25.0,1350,6900
20240201,12:12:26,25.0,450,6900
20240201,12:17:19,23.7,1800,8450
20240201,12:21:45,23.7,50,8450
20240201,12:22:03,25.0,150,8450
20240201,12:24:37,25.0,50,8650
20240201,12:27:12,24.2,100,8700
20240201,12:27:40,24.2,200,8700
20240201,12:28:41,24.0,50,8700
20240201,12:32:04,24.9,50,8800
20240201,12:51:43,24.0,100,8850
20240201,12:54:55,21.8,1300,8850
20240201,13:13:05,21.8,200,10150
20240201,13:19:21,21.25,50,10150
20240201,13:22:01,21.25,450,10200
20240201,13:22:10,23.3,1350,10200
20240201,13:26:17,23.45,50,10200
20240201,13:33:45,23.7,200,10200
20240201,13:41:53,24.2,50,10400
20240201,13:45:59,21.3,50,10400
20240201,13:48:45,21.3,100,10450
20240201,13:54:17,20.3,100,10550
20240201,14:13:24,10.5,1450,10450
20240201,14:13:40,10.5,600,10450
20240201,14:13:48,17.5,150,10450
20240201,14:14:52,18.75,700,10450
20240201,14:15:34,18.75,750,11200
20240201,14:15:59,18.5,1200,11200
20240201,14:16:15,18.5,300,11200
20240201,14:27:44,19.0,150,11950
20240201,14:36:56,18.9,100,11900
20240201,14:37:04,18.85,100,11900
20240201,14:38:23,19.1,500,11900
20240201,15:04:43,18.4,500,12350
20240201,15:04:59,18.55,650,12350
20240201,15:11:35,19.15,2000,13500
20240201,15:12:30,19.15,1200,13600
20240201,15:16:29,19.75,100,13600
20240201,15:16:46,19.7,50,13600
20240201,15:18:15,19.65,150,13600
20240201,15:20:10,19.2,50,13550
20240201,15:21:06,18.9,50,13550
20240201,15:21:15,18.9,100,13550
20240201,15:21:24,18.75,750,14100
20240201,15:22:24,17.35,50,14100
20240201,15:23:38,15.05,50,14100
20240201,15:25:35,18.45,50,14050
20240201,15:27:36,18.85,50,14050
20240201,15:27:44,18.7,50,14050
20240201,15:27:51,18.5,300,14050
20240201,15:28:07,18.5,200,14050
20240201,15:28:15,18.5,100,14050
20240201,15:28:23,18.65,500,14050
20240201,15:28:31,18.65,150,14050
20240201,15:28:39,18.65,200,14050
20240201,15:28:48,18.65,100,14050
20240201,15:28:56,18.7,150,14050
20240201,15:29:04,18.85,300,14050
20240201,15:29:12,18.85,300,14050
20240202,09:15:58,10.35,1,15000
20240202,09:15:58,10.4,350,15000
20240202,09:16:04,10.45,400,15000
20240202,09:16:15,10.55,200,15000
20240202,09:16:32,10.55,50,15000
20240202,09:16:54,10.35,50,15000
20240202,09:17:22,10.4,150,14950
20240202,09:17:47,10.4,200,14950
20240202,09:18:29,10.35,1350,14950
20240202,09:18:52,10.35,50,14950
20240202,09:19:03,10.25,150,14950
20240202,09:19:15,10.25,450,14950
20240202,09:19:26,10.45,100,14950
20240202,09:19:38,10.5,1600,14950
20240202,09:19:59,10.35,150,14950
20240202,09:20:12,10.55,250,14950
20240202,09:20:56,10.6,1300,14600
20240202,09:21:07,10.65,300,14600
20240202,09:21:30,10.7,100,14600
20240202,09:22:13,10.7,200,14600
20240202,09:22:13,10.2,200,14600
20240202,09:22:24,10.25,50,14600
20240202,09:22:56,10.1,150,14600
20240202,09:23:17,10.1,50,14600
20240202,09:23:38,10.1,200,14450
20240202,09:25:02,10.0,50,14450
20240202,09:25:24,9.95,150,14450
20240202,09:25:35,9.95,1500,14450
20240202,09:25:57,10.1,50,14450
20240202,09:26:29,10.1,50,13050
20240202,09:26:40,10.15,50,13050
20240202,09:26:52,10.05,500,13050
20240202,09:27:34,10.05,50,13050
20240202,09:28:57,10.0,100,13050
20240202,09:29:48,10.0,100,13300
20240202,09:30:19,10.05,200,13300
20240202,09:30:30,10.0,250,13300
20240202,09:30:51,10.05,50,13300
20240202,09:31:01,10.1,50,13300
20240202,09:31:42,10.1,50,13300
20240202,09:31:53,10.1,150,13300
20240202,09:32:34,10.1,300,13300
20240202,09:33:36,10.2,300,13300
20240202,09:34:09,10.2,1500,13300
20240202,09:34:19,10.15,150,13300
20240202,09:34:30,10.05,300,13300
20240202,09:34:40,10.05,1350,13300
20240202,09:35:31,10.05,150,13550
20240202,09:36:01,10.0,50,13550
20240202,09:36:11,9.95,50,13550
20240202,09:37:04,10.2,100,13550
20240202,09:37:25,9.95,50,13550
20240202,09:37:45,9.95,100,13550
20240202,09:38:16,9.95,50,13550
20240202,09:38:56,9.8,50,13700
20240202,09:39:58,9.8,50,13700
20240202,09:41:39,9.85,50,13700
20240202,09:41:49,10.0,350,13700
20240202,09:41:59,10.0,800,13700
20240202,09:44:17,9.9,250,13650
20240202,09:44:27,9.9,150,13650
20240202,09:45:35,9.85,50,13650
20240202,09:46:04,9.9,100,13650
20240202,09:46:35,9.8,50,13650
20240202,09:47:05,9.85,300,13650
20240202,09:47:25,9.8,50,13850
20240202,09:47:34,9.85,300,13850
20240202,09:47:44,9.8,100,13850
20240202,09:48:43,9.75,50,13850
20240202,09:49:32,9.7,800,13850
20240202,09:51:12,9.45,100,13950
20240202,09:51:42,9.45,50,13950
20240202,09:52:01,9.45,50,13950
20240202,09:55:57,9.7,50,13900
20240202,09:57:38,9.65,100,13850
20240202,09:57:48,9.75,100,13850
20240202,09:58:55,9.2,3800,13850
20240202,10:02:46,9.0,150,11250
20240202,10:02:56,8.95,50,11250
20240202,10:03:57,8.95,100,11250
20240202,10:04:18,9.1,1800,11250
20240202,10:05:17,9.1,500,11250
20240202,10:06:09,9.0,50,10850
20240202,10:07:11,9.05,50,10850
20240202,10:09:27,8.9,50,10900
20240202,10:09:36,8.9,50,10900
20240202,10:09:56,8.9,50,10900
20240202,10:12:10,8.9,50,10950
20240202,10:15:57,9.15,50,10900
20240202,10:18:54,9.25,50,10900
20240202,10:24:19,9.4,1000,10900
20240202,10:27:03,9.15,50,11900
20240202,10:33:54,9.0,50,11900
20240202,10:41:54,9.2,250,11850
20240202,10:43:50,9.3,300,11850
20240202,10:51:22,9.1,250,11850
20240202,10:54:17,9.05,50,11850
20240202,10:54:35,9.0,50,11850
20240202,10:55:49,9.1,150,11850
20240202,10:58:10,8.95,50,11800
20240202,10:58:16,9.0,50,11800
20240202,10:58:47,8.9,50,11800
20240202,11:03:11,8.95,50,11800
20240202,11:03:55,8.85,50,11800
20240202,11:04:52,8.8,1000,11800
20240202,11:05:10,8.8,700,11800
20240202,11:05:51,8.8,50,11350
20240202,11:05:58,8.8,50,11350
20240202,11:06:03,8.8,50,11350
20240202,11:06:23,8.8,50,11350
20240202,11:07:47,9.0,250,11350
20240202,11:10:48,8.95,100,11500
20240202,11:10:53,8.8,100,11500
20240202,11:11:03,8.8,200,11500
20240202,11:11:09,8.85,100,11500
20240202,11:11:28,8.8,200,11500
20240202,11:11:33,8.8,200,11900
20240202,11:11:39,8.8,200,11900
20240202,11:13:46,8.75,100,11900
20240202,11:13:56,8.75,150,11900
20240202,11:14:27,8.6,100,11900
20240202,11:14:37,8.6,150,12350
20240202,11:16:01,8.9,50,12350
20240202,11:16:34,9.05,250,12350
20240202,11:18:03,9.05,150,12600
20240202,11:18:15,9.05,50,12600
20240202,11:19:35,9.0,50,12600
20240202,11:19:57,9.0,100,12600
20240202,11:21:45,9.1,100,12650
20240202,11:22:06,9.05,100,12650
20240202,11:22:16,9.2,50,12650
20240202,11:22:39,9.3,50,12650
20240202,11:22:50,16.8,3700,12650
20240202,11:23:00,9.4,150,12650
20240202,11:25:53,9.3,50,13350
20240202,11:26:14,9.45,50,13350
20240202,11:26:34,9.4,50,13300
20240202,11:27:29,9.4,150,13300
20240202,11:27:58,9.35,50,13300
20240202,11:29:11,9.35,100,13300
20240202,11:31:02,9.5,500,13050
20240202,11:32:39,9.25,50,13050
20240202,11:37:19,9.15,100,12850
20240202,11:37:43,9.25,100,12850
20240202,11:39:09,9.05,100,12850
20240202,11:39:22,8.0,350,12850
20240202,11:40:10,9.15,50,12850
20240202,11:40:48,9.35,50,12850
20240202,11:41:01,9.35,50,12850
20240202,11:44:52,9.2,100,12900
20240202,11:47:55,9.8,50,12900
20240202,11:48:53,9.7,50,12900
20240202,11:49:05,9.45,4000,12900
20240202,11:49:16,9.35,850,12900
20240202,11:50:47,9.45,50,12100
20240202,11:50:58,9.45,350,12100
20240202,11:52:29,9.4,50,12100
20240202,11:53:24,9.25,100,12100
20240202,11:53:35,9.2,100,12100
20240202,11:53:46,9.2,100,12300
20240202,11:54:07,9.15,50,12300
20240202,11:54:18,9.15,50,12300
20240202,11:55:14,9.2,50,12300
20240202,12:02:05,8.9,200,12400
20240202,12:02:24,8.85,50,12400
20240202,12:02:45,8.85,100,12550
20240202,12:02:54,8.85,100,12550
20240202,12:06:49,8.8,250,12550
20240202,12:07:38,8.85,800,12550
20240202,12:09:05,9.0,100,11600
20240202,12:10:22,9.0,150,11600
20240202,12:10:58,9.0,400,11600
20240202,12:15:38,9.0,50,11700
20240202,12:16:21,9.0,50,11700
20240202,12:26:25,8.95,50,11700
20240202,12:26:40,8.95,50,11700
20240202,12:29:02,9.0,550,11700
20240202,12:29:20,9.15,100,11700
20240202,12:30:23,9.2,100,11150
20240202,12:30:33,9.25,300,11150
20240202,12:30:44,9.4,800,11150
20240202,12:30:53,9.4,100,11150
20240202,12:31:39,9.75,50,11150
20240202,12:31:49,9.85,100,11150
20240202,12:32:09,9.85,50,11150
20240202,12:33:07,10.0,50,11050
20240202,12:33:17,9.9,50,11050
20240202,12:33:44,9.9,50,11050
20240202,12:33:54,9.8,50,11050
20240202,12:34:13,9.45,400,11050
20240202,12:34:24,9.25,200,11050
20240202,12:34:54,9.05,250,11050
20240202,12:35:05,9.1,100,11050
20240202,12:35:24,9.45,150,11050
20240202,12:36:12,10.1,100,10800
20240202,12:36:31,10.15,450,10800
20240202,12:36:59,9.65,100,10800
20240202,12:37:18,9.75,50,10800
20240202,12:37:37,9.55,100,10800
20240202,12:38:13,9.3,100,10800
20240202,12:38:23,9.1,100,10800
20240202,12:38:53,9.3,50,11150
20240202,12:39:12,9.2,300,11150
20240202,12:39:22,9.4,250,11150
20240202,12:39:32,9.75,150,11150
20240202,12:39:41,9.8,1550,11150
20240202,12:40:02,9.6,550,11150
20240202,12:40:12,9.5,1000,11150
20240202,12:40:23,9.5,1350,11150
20240202,12:40:34,9.6,350,11150
20240202,12:40:44,9.5,800,11150
20240202,12:40:55,9.65,350,11150
20240202,12:41:06,9.85,200,11150
20240202,12:41:16,9.9,150,11150
20240202,12:41:26,10.25,350,11150
20240202,12:41:36,10.1,550,11150
20240202,12:42:15,10.05,200,7700
20240202,12:42:25,10.15,100,7700
20240202,12:42:35,10.15,50,7700
20240202,12:43:44,10.1,250,7700
20240202,12:44:03,10.2,150,7700
20240202,12:45:10,9.9,50,7550
20240202,12:45:21,10.15,400,7550
20240202,12:45:40,10.1,50,7550
20240202,12:45:59,10.15,50,7550
20240202,12:46:18,10.0,1250,7550
20240202,12:46:45,10.25,50,7550
20240202,12:47:13,10.4,100,7550
20240202,12:47:41,10.25,50,7550
20240202,12:47:50,10.3,50,7350
20240202,12:48:46,10.65,250,7350
20240202,12:49:13,10.55,50,7350
20240202,12:49:50,10.9,50,7350
20240202,12:50:25,11.15,50,7350
20240202,12:52:44,10.55,150,7400
20240202,12:53:48,10.4,50,7450
20240202,12:54:05,10.45,750,7450
20240202,12:54:23,10.3,200,7450
20240202,12:54:42,10.45,250,7450
20240202,12:57:01,10.5,50,6850
20240202,12:57:19,10.45,50,6850
20240202,12:58:45,10.65,100,6850
20240202,12:59:10,10.85,50,6850
20240202,12:59:35,10.85,150,6850
20240202,13:02:31,10.75,50,6950
20240202,13:04:33,10.15,250,6950
20240202,13:05:50,10.5,100,6900
20240202,13:07:54,10.3,50,6900
20240202,13:08:28,10.55,50,6900
20240202,13:11:31,10.65,100,6850
20240202,13:12:47,10.85,50,6850
20240202,13:13:44,11.05,50,6850
20240202,13:14:02,11.25,50,6850
20240202,13:14:38,11.7,200,6850
20240202,13:15:40,12.6,250,6650
20240202,13:16:00,13.05,50,6650
20240202,13:16:18,12.4,50,6650
20240202,13:16:37,12.4,50,6650
20240202,13:16:56,12.05,50,6650
20240202,13:20:07,11.65,50,6600
20240202,13:20:23,11.9,50,6600
20240202,13:20:56,12.3,150,6550
20240202,13:21:20,12.0,50,6550
20240202,13:26:01,13.85,700,6550
20240202,13:26:45,13.15,50,6550
20240202,13:26:53,13.0,50,6450
20240202,13:29:30,12.35,50,6450
20240202,13:31:06,13.1,50,6450
20240202,13:32:22,13.5,50,6450
20240202,13:37:53,12.5,500,6450
20240202,13:39:49,11.35,50,6950
20240202,13:41:18,11.7,500,6950
20240202,13:46:05,11.55,350,6900
20240202,13:50:42,12.0,50,6900
20240202,13:52:18,11.9,50,6900
20240202,13:54:07,11.25,50,6850
20240202,13:54:30,11.05,150,6850
20240202,13:54:38,11.0,250,6850
20240202,13:56:13,11.05,100,6850
20240202,13:57:44,11.35,100,7100
20240202,13:59:18,10.85,200,7100
20240202,14:03:22,10.9,150,7300
20240202,14:03:38,10.9,100,7300
20240202,14:08:58,10.15,100,7150
20240202,14:11:54,10.35,50,7150
20240202,14:12:02,10.45,100,7100
20240202,14:15:14,10.6,50,7200
20240202,14:15:57,10.8,50,7200
20240202,14:17:26,10.5,50,7200
20240202,14:19:25,11.15,250,7250
20240202,14:19:47,10.95,200,7250
20240202,14:21:34,10.9,200,7500
20240202,14:23:25,10.85,100,7500
20240202,14:24:16,10.85,100,7550
20240202,14:28:36,10.7,50,7550
20240202,14:29:56,10.95,200,7550
20240202,14:32:03,10.65,250,7700
20240202,14:32:10,10.55,50,7700
20240202,14:32:17,10.5,50,7700
20240202,14:34:23,10.5,50,7300
20240202,14:35:29,10.4,550,7300
20240202,14:35:34,10.55,100,7300
20240202,14:35:51,10.45,100,7300
20240202,14:36:00,10.45,50,7300
20240202,14:36:12,10.4,500,7300
20240202,14:37:08,10.15,100,7300
20240202,14:37:15,10.1,100,7300
20240202,14:38:21,10.05,100,7300
20240202,14:41:43,10.05,150,7200
20240202,14:44:19,9.2,50,7300
20240202,14:44:47,9.4,50,7300
20240202,14:44:54,9.4,150,7300
20240202,14:45:50,9.25,100,7200
20240202,14:45:56,9.4,50,7200
20240202,14:49:19,9.6,100,7100
20240202,14:49:58,9.85,200,7100
20240202,14:50:56,9.85,500,7100
20240202,14:51:10,9.9,550,6550
20240202,14:51:59,10.15,50,6550
20240202,14:52:07,10.1,250,6550
20240202,14:54:10,10.7,450,6200
20240202,14:55:38,11.1,50,6200
20240202,14:55:47,11.05,50,6200
20240202,14:56:04,11.0,100,6200
20240202,14:56:32,11.0,50,6200
20240202,14:56:52,11.15,100,6200
20240202,14:57:02,11.1,50,6200
20240202,14:57:11,11.5,50,6050
20240202,14:57:20,11.45,50,6050
20240202,14:58:35,11.55,50,6050
20240202,14:58:44,11.55,50,6050
20240202,14:59:38,11.75,50,6050
20240202,14:59:47,11.65,50,6050
20240202,14:59:56,11.55,100,6050
20240202,15:00:36,10.25,50,6300
20240202,15:02:29,11.2,50,6300
20240202,15:02:39,11.3,150,6300
20240202,15:03:53,11.3,50,6250
20240202,15:04:47,11.4,50,6250
20240202,15:04:55,11.4,150,6250
20240202,15:05:04,11.3,300,6250
20240202,15:10:28,10.6,100,6100
20240202,15:12:58,10.55,50,6050
20240202,15:13:25,10.65,50,6050
20240202,15:13:34,10.75,50,6050
20240202,15:14:26,10.3,50,6050
20240202,15:17:26,10.85,1000,6000
20240202,15:18:30,10.8,100,7000
20240202,15:18:38,11.05,50,7000
20240202,15:18:56,11.0,50,7000
20240202,15:19:04,10.95,50,7000
20240202,15:19:21,10.9,300,7000
20240202,15:19:47,10.95,50,7000
20240202,15:20:31,10.95,100,7000
20240202,15:21:13,10.9,500,7250
20240202,15:21:46,10.9,50,7250
20240202,15:22:11,10.75,50,7250
20240202,15:22:28,10.95,50,7250
20240202,15:24:03,11.05,150,7250
20240202,15:24:38,11.2,500,7750
20240202,15:24:46,11.1,100,7750
20240202,15:24:55,11.0,100,7750
20240202,15:25:03,11.0,50,7750
20240202,15:25:37,11.05,50,7750
20240202,15:27:17,11.05,100,7850
20240202,15:27:33,11.0,500,7850
20240202,15:27:48,10.95,300,7850
20240202,15:27:55,10.45,200,7850
20240202,15:28:43,10.6,100,7850
20240205,09:15:30,11.55,1,7650
20240205,09:15:30,11.6,150,7650
20240205,09:15:58,11.7,350,7650
20240205,09:15:58,11.3,350,7650
20240205,09:16:06,11.3,50,7650
20240205,09:16:17,11.4,100,7650
20240205,09:16:26,11.4,550,8050
20240205,09:16:43,11.2,150,8050
20240205,09:16:54,11.2,300,8050
20240205,09:17:03,11.1,50,8050
20240205,09:17:12,11.1,100,8050
20240205,09:17:20,11.55,500,8050
20240205,09:17:30,11.9,100,8050
20240205,09:17:39,11.95,150,8050
20240205,09:17:47,11.95,1250,8050
20240205,09:18:03,12.1,50,8050
20240205,09:18:18,12.25,100,8050
20240205,09:18:44,12.3,250,8050
20240205,09:18:51,12.45,300,8050
20240205,09:19:00,12.55,50,8050
20240205,09:19:17,12.55,100,9750
20240205,09:19:25,12.7,200,9750
20240205,09:19:33,12.7,50,9750
20240205,09:19:56,12.75,50,9750
20240205,09:20:04,12.75,350,9750
20240205,09:20:12,12.3,600,9750
20240205,09:20:20,12.4,100,9750
20240205,09:20:28,12.25,200,9750
20240205,09:21:17,12.0,500,9750
20240205,09:21:25,12.0,800,9750
20240205,09:22:09,12.3,100,9750
20240205,09:22:39,12.4,50,11400
20240205,09:22:46,12.4,50,11400
20240205,09:22:54,12.2,50,11400
20240205,09:23:08,12.2,200,11400
20240205,09:23:44,11.8,800,11400
20240205,09:23:51,11.8,100,11400
20240205,09:23:58,11.75,50,11400
20240205,09:24:13,11.8,600,11400
20240205,09:24:36,11.85,50,11400
20240205,09:24:43,11.75,450,11400
20240205,09:25:38,11.3,100,12050
20240205,09:25:45,11.25,50,12050
20240205,09:26:01,11.05,100,12050
20240205,09:26:35,10.5,50,12050
20240205,09:26:44,10.5,250,12050
20240205,09:26:52,10.3,200,12050
20240205,09:27:06,10.3,100,12050
20240205,09:27:27,10.65,50,12050
20240205,09:28:03,10.65,250,12050
20240205,09:28:10,10.65,300,12050
20240205,09:28:55,11.0,50,12500
20240205,09:29:18,10.95,150,12500
20240205,09:29:33,10.85,50,12500
20240205,09:30:06,10.9,50,12500
20240205,09:30:30,11.15,50,12500
20240205,09:30:44,11.35,50,12500
20240205,09:31:14,11.35,50,12400
20240205,09:31:29,11.15,50,12400
20240205,09:31:50,11.05,50,12400
20240205,09:31:58,11.0,50,12400
20240205,09:32:05,10.95,100,12400
20240205,09:32:35,11.25,50,12400
20240205,09:32:42,11.25,50,12400
20240205,09:32:58,11.3,150,12400
20240205,09:34:22,11.1,50,12600
20240205,09:34:29,11.05,200,12600
20240205,09:34:43,11.25,50,12600
20240205,09:34:58,11.2,50,12600
20240205,09:35:05,11.25,50,12600
20240205,09:35:12,11.05,50,12600
20240205,09:35:19,11.25,100,12600
20240205,09:35:49,11.2,50,12600
20240205,09:37:13,11.0,50,12600
20240205,09:37:42,10.9,100,12650
20240205,09:38:11,10.85,100,12650
20240205,09:38:32,10.55,50,12650
20240205,09:39:01,10.75,100,12650
20240205,09:41:12,10.35,50,12850
20240205,09:42:12,10.65,100,12850
20240205,09:42:26,10.6,50,12850
20240205,09:42:49,10.4,50,12850
20240205,09:42:56,10.4,50,12850
20240205,09:43:38,10.55,100,12950
20240205,09:43:59,10.8,350,12950
20240205,09:44:06,10.75,50,12950
20240205,09:44:45,10.75,100,12950
20240205,09:45:13,10.8,50,12950
20240205,09:45:34,10.65,50,12950
20240205,09:45:42,10.65,50,12950
20240205,09:45:49,10.65,100,12950
20240205,09:45:56,10.55,50,12950
20240205,09:46:14,10.5,100,12950
20240205,09:47:30,10.5,50,13500
20240205,09:47:36,10.5,50,13500
20240205,09:48:22,10.3,50,13500
20240205,09:48:29,10.3,100,13500
20240205,09:48:37,10.15,50,13500
20240205,09:49:20,10.15,100,13500
20240205,09:49:59,10.1,100,13500
20240205,09:50:12,10.1,50,13500
20240205,09:50:39,10.25,50,13500
20240205,09:51:06,10.05,150,13500
20240205,09:51:14,10.2,50,13500
20240205,09:51:49,10.1,100,13500
20240205,09:52:04,10.05,50,13500
20240205,09:52:11,10.1,50,13500
20240205,09:52:59,10.0,50,13300
20240205,09:53:08,10.0,50,13300
20240205,09:53:24,9.9,50,13300
20240205,09:53:32,9.9,100,13300
20240205,09:53:40,9.9,150,13300
20240205,09:53:55,10.1,150,13300
20240205,09:54:03,10.15,50,13300
20240205,09:56:10,10.05,50,13400
20240205,09:56:37,10.15,50,13400
20240205,09:57:20,10.15,50,13400
20240205,09:58:41,10.05,150,13450
20240205,09:59:16,9.95,50,13450
20240205,09:59:23,10.05,50,13450
20240205,10:00:01,10.1,100,13450
20240205,10:00:52,10.15,50,13450
20240205,10:00:58,10.2,200,13450
20240205,10:02:00,9.95,50,13750
20240205,10:02:10,10.05,200,13750
20240205,10:04:09,10.2,50,13750
20240205,10:05:09,10.45,50,13950
20240205,10:05:19,10.45,100,13950
20240205,10:05:28,10.3,100,13950
20240205,10:05:39,10.1,50,13950
20240205,10:05:49,10.1,300,13950
20240205,10:05:59,10.15,200,13950
20240205,10:08:08,10.2,50,14550
20240205,10:12:01,10.2,100,14550
20240205,10:12:11,10.1,50,14550
20240205,10:12:56,10.0,50,14550
20240205,10:13:06,10.0,50,14550
20240205,10:13:51,10.1,50,14650
20240205,10:14:57,10.1,50,14650
20240205,10:15:42,10.1,50,14650
20240205,10:16:11,10.1,50,14650
20240205,10:16:32,10.0,50,14750
20240205,10:17:10,10.2,50,14750
20240205,10:17:20,10.2,350,14750
20240205,10:17:30,10.45,100,14750
20240205,10:17:40,10.5,150,14750
20240205,10:18:01,10.5,50,14750
20240205,10:18:11,10.65,50,14750
20240205,10:18:22,10.7,100,14750
20240205,10:18:32,10.95,850,14750
20240205,10:18:43,10.8,50,14750
20240205,10:18:53,10.9,150,14750
20240205,10:19:03,11.0,100,14750
20240205,10:19:13,11.15,50,14750
20240205,10:19:34,11.3,150,15150
20240205,10:19:44,11.35,100,15150
20240205,10:19:54,11.25,100,15150
20240205,10:20:04,11.35,50,15150
20240205,10:20:34,11.1,200,15150
20240205,10:20:44,10.8,100,15150
20240205,10:20:54,10.65,100,15150
20240205,10:21:03,10.9,200,15150
20240205,10:21:13,11.2,50,15150
20240205,10:21:33,11.35,200,15150
20240205,10:21:53,11.3,100,15150
20240205,10:23:52,11.0,100,15000
20240205,10:24:01,10.8,50,15000
20240205,10:24:29,10.65,50,15000
20240205,10:25:07,10.15,150,15000
20240205,10:25:16,10.3,200,15000
20240205,10:25:25,10.35,100,14750
20240205,10:25:50,10.45,50,14750
20240205,10:26:35,10.2,50,14750
20240205,10:26:43,10.2,50,14750
20240205,10:26:52,10.25,300,14750
20240205,10:27:00,10.2,50,14750
20240205,10:27:09,10.05,50,14750
20240205,10:27:27,10.1,50,14750
20240205,10:27:36,10.2,50,14750
20240205,10:27:44,10.45,50,14750
20240205,10:28:00,10.45,50,14750
20240205,10:28:16,10.25,50,14750
20240205,10:30:25,10.25,300,15200
20240205,10:30:33,10.2,100,15200
20240205,10:31:04,10.55,100,15200
20240205,10:31:12,10.55,100,15200
20240205,10:31:20,10.65,50,15200
20240205,10:31:36,10.95,50,14950
20240205,10:31:53,10.9,100,14950
20240205,10:32:01,11.0,50,14950
20240205,10:32:10,11.0,50,14950
20240205,10:33:10,11.0,350,14950
20240205,10:33:18,10.85,50,14950
20240205,10:33:57,10.95,50,14950
20240205,10:34:13,10.9,100,14950
20240205,10:34:20,11.05,150,14950
20240205,10:34:29,11.05,50,15200
20240205,10:35:13,11.0,50,15200
20240205,10:35:21,10.9,300,15200
20240205,10:36:08,11.0,100,15200
20240205,10:37:13,10.6,100,15200
20240205,10:37:54,10.5,50,15350
20240205,10:38:03,10.45,50,15350
20240205,10:38:11,10.4,50,15350
20240205,10:38:28,10.25,50,15350
20240205,10:38:37,10.25,50,15350
20240205,10:38:45,10.3,100,15350
20240205,10:40:06,10.25,50,15350
20240205,10:40:14,10.3,50,15350
20240205,10:40:30,10.25,50,15350
20240205,10:41:54,10.2,50,15350
20240205,10:42:17,10.15,50,15350
20240205,10:42:41,10.25,50,15350
20240205,10:42:49,10.2,50,15350
20240205,10:43:41,10.0,50,15300
20240205,10:44:06,9.75,100,15300
20240205,10:44:37,9.7,350,15300
20240205,10:45:03,9.6,600,15300
20240205,10:45:29,9.6,50,15300
20240205,10:45:38,9.65,200,15300
20240205,10:45:56,9.6,50,15300
20240205,10:46:13,9.55,50,15300
20240205,10:46:22,9.55,100,15300
20240205,10:46:30,9.75,100,15150
20240205,10:47:05,9.7,50,15150
20240205,10:48:08,10.0,100,15150
20240205,10:48:23,9.95,50,15150
20240205,10:48:45,10.0,50,15150
20240205,10:49:07,10.0,50,15150
20240205,10:49:46,9.9,100,15200
20240205,10:50:07,10.0,50,15200
20240205,10:51:27,10.15,50,15200
20240205,10:52:19,10.2,100,15200
20240205,10:52:34,10.4,350,15100
20240205,10:52:42,10.4,400,15100
20240205,10:53:59,10.0,150,15100
20240205,10:55:32,9.85,50,14200
20240205,10:55:41,9.9,50,14200
20240205,10:58:06,9.8,50,14200
20240205,11:02:38,9.75,50,14250
20240205,11:03:07,9.7,50,14250
20240205,11:03:23,9.7,100,14250
20240205,11:04:36,9.8,50,14350
20240205,11:07:33,9.95,50,14300
20240205,11:09:21,10.0,50,14300
20240205,11:09:32,10.1,150,14300
20240205,11:09:38,10.2,400,14300
20240205,11:09:56,10.25,100,14300
20240205,11:10:39,10.1,100,14650
20240205,11:11:33,9.8,50,14650
20240205,11:13:05,9.6,50,14650
20240205,11:13:37,9.45,100,14600
20240205,11:14:05,9.45,50,14600
20240205,11:14:43,9.55,50,14600
20240205,11:15:06,9.55,100,14600
20240205,11:17:29,9.45,50,14750
20240205,11:17:39,9.3,100,14750
20240205,11:17:57,9.3,50,14750
20240205,11:20:15,9.3,100,14550
20240205,11:20:21,9.6,50,14550
20240205,11:20:26,9.5,100,14550
20240205,11:20:42,9.5,50,14550
20240205,11:21:38,9.4,50,14550
20240205,11:21:52,9.5,50,14550
20240205,11:23:35,9.6,50,14700
20240205,11:24:26,9.55,50,14700
20240205,11:24:57,9.45,150,14700
20240205,11:25:07,9.55,50,14700
20240205,11:26:08,9.65,50,14700
20240205,11:26:31,9.65,50,14700
20240205,11:26:41,9.65,50,14700
20240205,11:27:04,9.6,50,14700
20240205,11:28:30,9.65,50,14800
20240205,11:29:03,9.55,50,14800
20240205,11:29:13,9.5,50,14800
20240205,11:29:18,9.5,50,14800
20240205,11:30:09,9.45,100,14800
20240205,11:31:46,9.4,50,14850
20240205,11:31:53,9.4,50,14850
20240205,11:36:16,9.15,50,14850
20240205,11:37:22,9.15,50,14850
20240205,11:40:35,9.1,50,14850
20240205,11:41:02,9.1,50,14850
20240205,11:41:14,9.15,50,14850
20240205,11:41:43,9.1,50,14850
20240205,11:41:49,9.1,50,14850
20240205,11:41:54,9.05,100,14850
20240205,11:42:04,9.05,100,14850
20240205,11:42:09,9.05,50,14850
20240205,11:47:29,9.05,250,15150
20240205,11:47:41,9.35,100,15150
20240205,11:50:10,9.2,50,15250
20240205,11:50:47,9.15,50,15250
20240205,11:51:16,9.15,100,15250
20240205,11:52:25,9.2,50,15250
20240205,11:55:15,9.25,150,15350
20240205,11:56:49,9.2,50,15350
20240205,11:57:15,9.05,150,15350
20240205,11:57:34,9.1,50,15350
20240205,11:59:39,8.9,150,15500
20240205,11:59:49,8.9,100,15500
20240205,11:59:59,8.9,50,15500
20240205,12:03:25,8.9,50,15500
20240205,12:07:21,9.4,50,15650
20240205,12:07:25,9.35,50,15650
20240205,12:08:09,9.4,100,15600
20240205,12:08:32,9.5,50,15600
20240205,12:09:38,9.5,100,15600
20240205,12:09:44,9.45,50,15600
20240205,12:09:49,9.45,50,15600
20240205,12:10:00,9.45,100,15600
20240205,12:10:57,9.45,100,15450
20240205,12:12:05,9.15,50,15450
20240205,12:13:01,8.95,50,15450
20240205,12:13:06,8.95,50,15450
20240205,12:13:21,8.95,50,15450
20240205,12:15:04,8.65,100,15500
20240205,12:15:09,8.55,500,15500
20240205,12:15:16,8.55,1000,15500
20240205,12:15:42,8.5,1000,15500
20240205,12:15:57,8.45,1000,15500
20240205,12:16:21,8.4,1400,15500
20240205,12:16:27,8.35,350,15500
20240205,12:16:31,8.5,550,15500
20240205,12:16:44,8.4,400,18150
20240205,12:16:49,8.5,600,18150
20240205,12:17:34,8.4,50,18150
20240205,12:17:52,8.4,50,18150
20240205,12:17:57,8.4,350,18150
20240205,12:18:18,8.4,150,18150
20240205,12:18:33,8.2,450,18150
20240205,12:18:48,8.45,200,18150
20240205,12:18:55,8.4,50,18150
20240205,12:19:07,8.45,50,18150
20240205,12:19:18,8.35,50,18150
20240205,12:20:32,8.4,100,18400
20240205,12:22:07,8.45,50,18400
20240205,12:22:16,8.35,50,18400
20240205,12:22:25,8.35,100,18400
20240205,12:25:43,8.75,200,17750
20240205,12:26:22,8.9,150,17750
20240205,12:26:28,9.0,50,17750
20240205,12:29:34,9.05,50,17550
20240205,12:30:01,9.15,50,17550
20240205,12:30:14,9.05,50,17550
20240205,12:33:15,9.1,50,17500
20240205,12:33:34,9.25,50,17500
20240205,12:34:11,9.1,150,17500
20240205,12:34:20,9.2,250,17500
20240205,12:34:33,9.15,50,17500
20240205,12:34:43,9.1,50,17450
20240205,12:35:11,9.1,50,17450
20240205,12:35:31,9.0,50,17450
20240205,12:36:03,8.85,50,17450
20240205,12:36:36,8.75,50,17450
20240205,12:37:05,8.75,50,17450
20240205,12:38:39,8.65,50,17450
20240205,12:39:38,8.85,50,17450
20240205,12:41:28,8.8,50,17400
20240205,12:42:04,8.85,50,17400
20240205,12:42:34,8.75,100,17400
20240205,12:43:54,8.7,50,17350
20240205,12:44:15,8.6,50,17350
20240205,12:46:01,8.7,50,17350
20240205,12:47:09,8.75,50,17400
20240205,12:49:31,8.55,50,17400
20240205,12:51:21,8.8,50,17350
20240205,12:52:04,8.65,50,17350
20240205,12:56:05,8.55,150,17300
20240205,12:57:58,8.55,50,17300
20240205,12:59:01,8.5,50,17250
20240205,12:59:33,8.6,50,17250
20240205,13:00:48,8.4,100,17250
20240205,13:05:27,8.4,50,17250
20240205,13:06:41,8.2,50,17250
20240205,13:07:14,7.95,500,17250
20240205,13:07:23,8.1,50,17250
20240205,13:07:33,8.05,550,17250
20240205,13:08:01,7.9,50,17850
20240205,13:08:47,7.8,100,17850
20240205,13:09:30,7.8,100,17850
20240205,13:09:36,7.9,50,17850
20240205,13:11:00,8.0,50,17850
20240205,13:16:39,8.2,50,17850
20240205,13:18:03,8.25,50,18000
20240205,13:18:08,8.35,50,18000
20240205,13:19:29,8.15,50,18000
20240205,13:19:51,8.15,50,17900
20240205,13:20:08,8.2,50,17900
20240205,13:20:56,8.05,100,17900
20240205,13:24:08,8.15,50,17850
20240205,13:25:34,8.3,50,17850
20240205,13:25:37,8.3,50,17850
20240205,13:28:41,8.45,50,18000
20240205,13:28:55,8.5,100,17950
20240205,13:29:24,8.6,50,17950
20240205,13:37:08,7.95,50,17750
20240205,13:37:59,8.05,50,17800
20240205,13:38:10,8.15,50,17800
20240205,13:38:32,8.2,50,17800
20240205,13:42:48,8.2,50,17750
20240205,13:44:29,8.45,50,17800
20240205,13:44:33,8.3,50,17800
20240205,13:44:41,8.4,50,17800
20240205,13:44:57,8.35,50,17800
20240205,13:45:16,8.2,50,17800
20240205,13:47:01,8.25,50,17800
20240205,13:47:05,8.3,50,17800
20240205,13:47:26,8.2,50,17800
20240205,13:48:06,8.05,50,17800
20240205,13:48:53,7.95,100,17800
20240205,13:49:17,8.05,50,17800
20240205,13:49:24,7.9,1100,17800
20240205,13:49:27,7.95,100,17800
20240205,13:49:29,7.95,150,17800
20240205,13:49:57,7.8,1300,18850
20240205,13:50:06,7.9,100,18850
20240205,13:50:10,7.9,50,18850
20240205,13:50:13,7.9,100,18850
20240205,13:50:20,7.85,50,18850
20240205,13:50:28,7.85,50,18850
20240205,13:50:31,7.85,50,18850
20240205,13:50:39,7.9,100,18850
20240205,13:50:43,7.85,50,18850
20240205,13:50:59,7.9,100,18850
20240205,13:51:12,7.7,1100,18850
20240205,13:51:16,7.7,1150,18850
20240205,13:51:21,7.65,50,18850
20240205,13:51:24,7.65,50,18850
20240205,13:51:28,7.6,100,18850
20240205,13:51:36,7.7,50,18850
20240205,13:53:52,7.55,150,21600
20240205,13:53:58,7.65,50,21600
20240205,13:54:04,7.55,50,21600
20240205,13:54:52,7.65,150,21600
20240205,13:55:14,7.65,50,21600
20240205,13:55:53,7.7,50,21700
20240205,13:58:16,7.75,50,21700
20240205,14:04:21,7.9,50,21800
20240205,14:05:50,7.95,100,21000
20240205,14:07:06,8.15,50,21000
20240205,14:07:56,8.15,50,21000
20240205,14:10:41,8.85,50,21000
20240205,14:10:48,8.95,50,21000
20240205,14:10:56,8.95,50,20900
20240205,14:12:05,8.9,250,20900
20240205,14:12:11,8.95,50,20900
20240205,14:12:26,8.8,100,20900
20240205,14:12:34,8.75,50,20900
20240205,14:13:00,8.7,50,20900
20240205,14:13:07,8.55,50,20900
20240205,14:13:15,8.5,50,20900
20240205,14:14:08,8.25,50,21000
20240205,14:14:21,8.15,100,21000
20240205,14:14:27,8.15,150,21000
20240205,14:14:34,8.15,250,21000
20240205,14:14:41,8.1,50,21000
20240205,14:15:15,8.05,100,21000
20240205,14:15:44,8.15,50,21000
20240205,14:16:25,8.05,50,21000
20240205,14:16:38,8.0,100,21000
20240205,14:16:47,7.95,50,21000
20240205,14:17:46,7.9,50,21200
20240205,14:17:50,7.8,50,21200
20240205,14:17:59,7.9,50,21200
20240205,14:18:03,7.9,50,21200
20240205,14:18:07,7.75,50,21200
20240205,14:18:12,7.8,100,21200
20240205,14:18:17,7.8,100,21200
20240205,14:18:38,7.8,150,21200
20240205,14:19:01,7.75,100,21200
20240205,14:19:32,7.65,50,21200
20240205,14:19:40,7.75,50,21200
20240205,14:19:50,7.65,200,21200
20240205,14:19:54,7.75,250,21350
20240205,14:20:05,7.7,200,21350
20240205,14:20:08,7.8,200,21350
20240205,14:20:13,7.8,200,21350
20240205,14:20:19,7.9,50,21350
20240205,14:20:23,7.85,50,21350
20240205,14:20:50,7.95,150,21350
20240205,14:20:54,8.0,50,21350
20240205,14:21:38,8.25,150,21350
20240205,14:22:01,8.4,50,21350
20240205,14:22:19,8.35,50,21350
20240205,14:22:58,8.3,50,21100
20240205,14:23:33,8.25,750,21100
20240205,14:23:58,8.2,50,21100
20240205,14:26:17,8.75,150,21550
20240205,14:27:30,9.15,100,21550
20240205,14:28:11,9.0,50,21550
20240205,14:28:36,8.95,50,21550
20240205,14:29:46,8.7,50,21550
20240205,14:31:00,8.65,50,21550
20240205,14:31:05,8.7,50,21550
20240205,14:31:46,8.85,50,21550
20240205,14:31:52,9.0,200,21550
20240205,14:32:16,9.2,50,21600
20240205,14:32:44,9.25,50,21600
20240205,14:33:01,9.15,50,21600
20240205,14:33:36,8.9,150,21600
20240205,14:34:09,9.2,50,21600
20240205,14:34:53,9.3,50,21600
20240205,14:35:52,9.6,50,21400
20240205,14:36:01,9.45,250,21400
20240205,14:36:10,9.5,50,21400
20240205,14:36:20,9.5,50,21400
20240205,14:36:38,9.65,50,21400
20240205,14:36:48,9.6,50,21400
20240205,14:37:18,9.6,50,21400
20240205,14:37:54,9.8,150,21400
20240205,14:38:03,9.6,50,21350
20240205,14:38:30,9.7,50,21350
20240205,14:38:58,10.15,100,21350
20240205,14:39:08,10.05,550,21350
20240205,14:39:17,9.7,250,21350
20240205,14:39:26,9.9,100,21350
20240205,14:39:35,9.9,350,21350
20240205,14:39:53,9.8,250,21350
20240205,14:40:19,9.85,100,21350
20240205,14:40:29,9.9,150,21350
20240205,14:40:47,10.0,150,21350
20240205,14:41:04,9.9,300,21500
20240205,14:41:12,9.9,50,21500
20240205,14:41:30,9.6,50,21500
20240205,14:41:38,9.65,50,21500
20240205,14:41:47,9.8,50,21500
20240205,14:42:15,9.9,50,21500
20240205,14:42:25,10.25,300,21500
20240205,14:42:36,10.55,750,21500
20240205,14:42:49,10.65,250,21500
20240205,14:43:00,11.0,250,21500
20240205,14:43:20,11.85,1050,21500
20240205,14:43:29,12.0,150,21500
20240205,14:43:39,12.0,200,21500
20240205,14:43:50,12.1,50,21500
20240205,14:44:00,11.95,100,20950
20240205,14:44:20,11.8,700,20950
20240205,14:44:31,11.55,150,20950
20240205,14:44:42,10.85,1200,20950
20240205,14:44:52,10.75,100,20950
20240205,14:45:02,11.25,350,20950
20240205,14:45:12,12.3,650,20950
20240205,14:45:22,12.35,100,20950
20240205,14:45:34,12.85,100,20950
20240205,14:45:46,13.05,400,20950
20240205,14:46:08,13.55,1050,20950
20240205,14:46:19,12.25,1000,20950
20240205,14:46:28,12.3,50,20950
20240205,14:46:49,12.3,150,20950
20240205,14:47:09,12.45,250,21000
20240205,14:47:19,12.1,500,21000
20240205,14:47:30,11.3,150,21000
20240205,14:47:40,11.35,1000,21000
20240205,14:47:50,11.25,1200,21000
20240205,14:48:01,10.7,750,21000
20240205,14:48:12,10.1,850,21000
20240205,14:48:23,10.2,300,21000
20240205,14:48:32,10.2,150,21000
20240205,14:48:42,10.3,150,21000
20240205,14:48:52,10.5,1550,21000
20240205,14:49:02,10.95,250,21000
20240205,14:49:12,10.9,500,21000
20240205,14:49:23,10.75,100,21000
20240205,14:49:33,10.85,200,21000
20240205,14:49:43,11.05,550,21000
20240205,14:49:52,11.05,100,21000
20240205,14:50:02,11.15,200,21750
20240205,14:50:12,10.9,50,21750
20240205,14:50:22,10.9,400,21750
20240205,14:50:32,11.1,100,21750
20240205,14:50:42,11.65,350,21750
20240205,14:50:52,12.1,450,21750
20240205,14:51:02,12.0,350,21750
20240205,14:51:12,12.2,400,21750
20240205,14:51:22,12.2,300,21750
20240205,14:51:31,12.25,250,21750
20240205,14:51:40,12.4,200,21750
20240205,14:51:49,12.3,400,21750
20240205,14:51:58,12.15,100,21750
20240205,14:52:07,11.95,200,21750
20240205,14:52:16,12.1,200,21750
20240205,14:52:26,11.95,150,21750
20240205,14:52:36,11.55,500,21750
20240205,14:52:46,11.3,150,21750
20240205,14:52:55,11.35,200,21750
20240205,14:53:06,11.85,200,21050
20240205,14:53:15,11.95,150,21050
20240205,14:53:25,11.5,50,21050
20240205,14:53:35,11.25,100,21050
20240205,14:53:45,11.45,250,21050
20240205,14:53:54,11.6,100,21050
20240205,14:54:04,11.6,50,21050
20240205,14:54:13,11.5,100,21050
20240205,14:54:41,11.15,150,21050
20240205,14:54:50,11.2,200,21050
20240205,14:55:19,11.25,50,21050
20240205,14:55:27,11.35,150,21050
20240205,14:55:37,11.6,100,21050
20240205,14:55:47,11.65,100,21050
20240205,14:55:57,11.95,550,21050
20240205,14:56:07,11.95,150,21000
20240205,14:56:17,12.15,350,21000
20240205,14:56:25,12.2,400,21000
20240205,14:56:44,12.2,50,21000
20240205,14:56:54,12.45,50,21000
20240205,14:57:06,12.25,650,21000
20240205,14:57:16,12.4,300,21000
20240205,14:57:25,12.4,150,21000
20240205,14:57:34,12.5,100,21000
20240205,14:57:44,12.4,50,21000
20240205,14:57:54,12.3,500,21000
20240205,14:58:04,12.55,100,21000
20240205,14:58:13,12.3,300,21000
20240205,14:58:22,12.6,150,21000
20240205,14:58:32,12.9,200,21000
20240205,14:58:51,12.7,150,21000
20240205,14:59:00,12.85,250,21000
20240205,14:59:19,12.4,200,20500
20240205,14:59:28,12.65,150,20500
20240205,14:59:37,12.65,100,20500
20240205,14:59:46,12.7,150,20500
20240205,14:59:55,12.9,200,20500
20240205,15:00:32,12.1,100,20500
20240205,15:00:42,11.65,150,20500
20240205,15:00:51,12.0,50,20500
20240205,15:01:10,12.6,150,20500
20240205,15:01:20,12.1,50,20500
20240205,15:01:29,12.25,100,20500
20240205,15:01:38,12.55,250,20500
20240205,15:01:46,12.45,50,20500
20240205,15:02:04,12.1,50,20500
20240205,15:02:14,12.25,100,20250
20240205,15:02:22,12.35,50,20250
20240205,15:02:39,12.3,50,20250
20240205,15:02:48,12.25,100,20250
20240205,15:02:57,12.05,100,20250
20240205,15:03:05,12.1,100,20250
20240205,15:03:15,11.8,150,20250
20240205,15:03:24,11.65,100,20250
20240205,15:03:33,11.65,100,20250
20240205,15:04:00,11.4,150,20250
20240205,15:04:19,11.25,100,20250
20240205,15:04:28,11.2,50,20250
20240205,15:04:37,11.65,100,20250
20240205,15:04:46,11.4,800,20250
20240205,15:04:55,11.3,50,20250
20240205,15:05:05,11.1,100,21100
20240205,15:05:14,11.1,50,21100
20240205,15:05:24,11.55,100,21100
20240205,15:05:32,11.35,150,21100
20240205,15:06:03,11.1,100,21100
20240205,15:06:14,10.8,100,21100
20240205,15:06:23,10.8,50,21100
20240205,15:06:33,10.9,350,21100
20240205,15:06:43,11.05,600,21100
20240205,15:07:11,11.1,50,21100
20240205,15:07:41,10.6,50,21100
20240205,15:08:10,10.6,50,21200
20240205,15:08:37,10.3,200,21200
20240205,15:08:46,10.2,50,21200
20240205,15:08:56,9.9,150,21200
20240205,15:09:05,9.8,50,21200
20240205,15:09:15,9.75,150,21200
20240205,15:09:31,9.7,50,21200
20240205,15:09:39,9.6,200,21200
20240205,15:09:48,9.6,800,21200
20240205,15:09:57,9.7,50,21200
20240205,15:10:14,9.7,300,21200
20240205,15:10:23,9.75,400,21200
20240205,15:10:32,9.6,50,21200
20240205,15:10:42,9.75,50,21200
20240205,15:11:01,9.85,1100,21200
20240205,15:11:11,10.05,300,20050
20240205,15:11:22,10.2,450,20050
20240205,15:11:32,10.2,1250,20050
20240205,15:11:43,10.3,1200,20050
20240205,15:12:11,10.4,50,20050
20240205,15:12:21,10.3,50,20050
20240205,15:12:31,10.5,150,20050
20240205,15:12:40,10.65,50,20050
20240205,15:13:00,10.6,250,20050
20240205,15:13:29,10.8,150,20050
20240205,15:13:39,10.75,50,20050
20240205,15:13:49,10.75,250,20050
20240205,15:14:06,10.75,50,18700
20240205,15:14:15,10.9,100,18700
20240205,15:14:25,10.95,250,18700
20240205,15:14:34,10.95,100,18700
20240205,15:14:52,11.15,100,18700
20240205,15:15:01,11.15,50,18700
20240205,15:15:10,11.15,100,18700
20240205,15:15:20,11.15,200,18700
20240205,15:15:30,11.2,350,18700
20240205,15:15:40,11.15,50,18700
20240205,15:16:10,11.25,50,18700
20240205,15:16:29,11.1,150,18700
20240205,15:16:48,11.1,150,18700
20240205,15:16:58,10.9,2650,18700
20240205,15:17:07,10.7,250,18550
20240205,15:17:17,10.65,100,18550
20240205,15:17:26,10.8,50,18550
20240205,15:17:36,10.75,300,18550
20240205,15:17:46,10.65,100,18550
20240205,15:17:55,10.75,50,18550
20240205,15:18:05,10.8,100,18550
20240205,15:18:14,10.7,150,18550
20240205,15:18:23,10.55,100,18550
20240205,15:18:42,11.1,50,18550
20240205,15:19:09,11.15,200,18550
20240205,15:19:19,11.15,250,18550
20240205,15:19:28,11.15,100,18550
20240205,15:19:37,11.15,150,18550
20240205,15:19:46,11.25,50,18550
20240205,15:20:03,11.2,50,18550
20240205,15:20:12,11.2,250,17950
20240205,15:20:49,11.5,2900,17950
20240205,15:21:07,11.45,50,17950
20240205,15:21:53,11.5,100,17950
20240205,15:22:01,11.3,100,17950
20240205,15:22:10,11.1,350,17950
20240205,15:22:30,11.1,100,17950
20240205,15:22:39,11.2,50,17950
20240205,15:22:48,11.15,50,17950
20240205,15:23:15,11.15,100,19050
20240205,15:23:51,11.0,100,19050
20240205,15:23:59,11.05,50,19050
20240205,15:24:07,11.05,100,19050
20240205,15:24:15,11.15,50,19050
20240205,15:24:24,11.25,100,19050
20240205,15:24:33,11.2,100,19050
20240205,15:24:42,11.15,300,19050
20240205,15:24:59,11.25,50,19050
20240205,15:25:25,11.75,950,19050
20240205,15:25:34,11.5,150,19050
20240205,15:25:43,11.45,250,19050
20240205,15:25:52,11.4,250,19050
20240205,15:26:00,11.6,100,19050
20240205,15:26:34,11.65,100,19250
20240205,15:27:36,11.7,100,19250
20240205,15:27:45,11.65,100,19250
20240205,15:27:53,11.65,100,19250
20240205,15:28:02,11.65,300,19250
20240205,15:28:12,11.65,50,19250
20240205,15:28:20,11.5,350,19250
20240205,15:28:29,11.5,50,19250
20240205,15:28:38,11.4,500,19250
20240205,15:29:04,11.7,100,19250
20240205,15:29:14,11.5,50,19150
20240205,15:29:22,11.5,50,19150
20240205,15:29:39,11.45,300,19150
20240205,15:29:49,11.55,50,19150
20240205,15:29:59,11.55,50,19150
20240206,09:15:10,10.95,1,19000
20240206,09:15:10,11.0,300,19000
20240206,09:15:23,11.35,200,19000
20240206,09:16:25,9.9,250,19000
20240206,09:16:34,9.9,50,19150
20240206,09:16:57,10.6,300,19150
20240206,09:17:09,10.7,400,19150
20240206,09:17:21,10.75,150,19150
20240206,09:17:49,11.6,150,19150
20240206,09:18:09,11.75,400,19150
20240206,09:18:19,11.9,150,19150
20240206,09:18:28,12.05,50,19150
20240206,09:18:39,12.25,350,19150
20240206,09:18:48,12.15,200,19150
20240206,09:18:58,12.05,100,19150
20240206,09:19:07,11.9,250,19150
20240206,09:19:16,11.95,100,19150
20240206,09:19:25,11.7,50,19150
20240206,09:19:35,11.25,100,18900
20240206,09:19:44,11.3,50,18900
20240206,09:19:54,11.3,50,18900
20240206,09:20:03,11.4,200,18900
20240206,09:20:21,11.95,100,18900
20240206,09:20:40,12.05,200,18900
20240206,09:20:49,12.15,50,18900
20240206,09:21:17,12.4,150,18900
20240206,09:21:26,12.45,150,18900
20240206,09:21:58,12.15,150,18900
20240206,09:22:15,12.6,550,18900
20240206,09:22:24,12.65,550,18900
20240206,09:22:32,12.25,100,18250
20240206,09:22:41,12.15,300,18250
20240206,09:22:52,11.85,650,18250
20240206,09:23:30,11.4,50,18250
20240206,09:23:39,11.45,100,18250
20240206,09:23:47,11.2,100,18250
20240206,09:24:04,11.35,150,18250
20240206,09:24:13,11.45,50,18250
20240206,09:24:22,11.55,150,18250
20240206,09:24:30,11.4,250,18250
20240206,09:24:38,11.35,100,18250
20240206,09:24:56,11.3,100,18250
20240206,09:25:07,11.35,200,18250
20240206,09:25:18,11.25,150,18250
20240206,09:25:29,11.15,50,18250
20240206,09:26:06,10.65,500,18150
20240206,09:26:18,10.85,100,18150
20240206,09:26:30,10.9,200,18150
20240206,09:26:41,11.05,50,18150
20240206,09:27:15,10.9,50,18150
20240206,09:28:35,10.6,50,17850
20240206,09:28:57,10.65,250,17850
20240206,09:29:07,10.85,100,17850
20240206,09:30:20,10.65,100,17850
20240206,09:30:49,10.55,50,17850
20240206,09:33:07,10.15,50,17750
20240206,09:33:19,10.0,100,17750
20240206,09:33:55,10.1,100,17750
20240206,09:34:38,10.4,50,17800
20240206,09:34:49,10.25,100,17800
20240206,09:36:03,10.2,50,17800
20240206,09:36:13,10.35,300,17800
20240206,09:36:44,10.05,50,17800
20240206,09:36:55,10.15,100,17800
20240206,09:37:05,10.05,100,17800
20240206,09:37:34,10.05,200,17800
20240206,09:37:54,10.05,50,18100
20240206,09:39:07,9.6,100,18100
20240206,09:39:20,9.5,100,18100
20240206,09:39:32,9.5,100,18100
20240206,09:39:44,9.45,150,18100
20240206,09:40:18,9.55,100,18100
20240206,09:40:29,9.8,250,17850
20240206,09:41:15,10.0,50,17850
20240206,09:41:26,10.0,50,17850
20240206,09:42:01,10.05,50,17850
20240206,09:44:30,10.15,50,17450
20240206,09:44:40,10.0,50,17450
20240206,09:45:32,9.9,350,17450
20240206,09:45:44,9.85,100,17450
20240206,09:47:12,9.9,150,17550
20240206,09:48:26,9.8,50,17550
20240206,09:48:37,9.8,250,17550
20240206,09:49:49,9.5,100,17450
20240206,09:50:36,9.65,50,17450
20240206,09:52:13,9.65,50,17450
20240206,09:53:06,9.7,50,17650
20240206,09:53:16,9.85,50,17650
20240206,09:54:40,9.8,200,17650
20240206,09:54:49,9.8,100,17650
20240206,09:54:59,9.8,50,17650
20240206,09:55:54,9.85,50,17750
20240206,09:56:36,9.7,50,17750
20240206,09:57:46,9.5,50,17750
20240206,09:58:54,9.45,50,17700
20240206,10:00:09,9.5,50,17700
20240206,10:02:29,9.5,50,17700
20240206,10:03:12,9.35,50,17700
20240206,10:03:25,9.25,50,17700
20240206,10:05:08,9.25,150,17550
20240206,10:05:20,9.5,450,17550
20240206,10:05:31,9.5,150,17550
20240206,10:06:05,9.6,50,17550
20240206,10:08:52,9.65,50,17550
20240206,10:10:52,9.45,50,17550
20240206,10:12:03,9.4,100,17550
20240206,10:12:23,9.4,50,17550
20240206,10:12:43,9.4,50,17550
20240206,10:13:22,9.45,50,17550
20240206,10:14:05,9.4,50,17600
20240206,10:15:36,9.5,50,17600
20240206,10:15:57,9.7,50,17600
20240206,10:16:42,9.55,200,17600
20240206,10:18:10,9.5,50,17850
20240206,10:20:25,9.75,400,17900
20240206,10:20:35,9.65,50,17900
20240206,10:20:44,9.5,50,17900
20240206,10:22:18,9.15,150,17900
20240206,10:22:27,9.35,50,17900
20240206,10:22:36,9.4,50,17900
20240206,10:24:48,9.65,50,17950
20240206,10:24:58,9.75,50,17950
20240206,10:25:40,9.95,100,17950
20240206,10:26:01,9.85,50,17950
20240206,10:26:41,10.0,150,17950
20240206,10:26:52,9.9,50,17950
20240206,10:27:02,9.85,100,17950
20240206,10:27:12,9.95,50,17950
20240206,10:27:32,10.0,100,17950
20240206,10:30:29,10.4,50,17900
20240206,10:30:40,10.5,50,17900
20240206,10:30:49,10.7,50,17900
20240206,10:30:59,10.6,50,17900
20240206,10:32:01,10.1,50,17900
20240206,10:32:11,10.65,50,17900
20240206,10:33:07,10.75,100,17900
20240206,10:33:17,10.8,100,17900
20240206,10:33:35,10.8,1150,17900
20240206,10:33:44,10.45,50,17900
20240206,10:34:23,10.8,50,17900
20240206,10:34:51,10.8,50,18400
20240206,10:36:16,10.6,100,18400
20240206,10:36:54,10.7,200,18400
20240206,10:38:09,10.35,100,18300
20240206,10:39:13,10.1,50,18300
20240206,10:39:32,10.05,50,18300
20240206,10:39:50,9.95,1100,18300
20240206,10:39:58,10.15,200,18300
20240206,10:40:15,10.1,50,18300
20240206,10:41:13,10.2,50,18050
20240206,10:42:50,10.55,50,18050
20240206,10:42:59,10.5,50,18050
20240206,10:43:07,10.5,100,18050
20240206,10:44:13,10.15,50,17850
20240206,10:44:21,10.05,50,17850
20240206,10:45:09,9.75,50,17850
20240206,10:46:15,9.75,50,17850
20240206,10:47:40,9.95,50,17900
20240206,10:48:50,9.85,900,17900
20240206,10:49:06,9.7,50,17900
20240206,10:49:22,9.7,50,17900
20240206,10:50:01,9.65,50,18150
20240206,10:50:25,9.65,50,18150
20240206,10:51:19,9.55,50,18150
20240206,10:51:26,9.6,100,18150
20240206,10:51:53,9.35,100,18150
20240206,10:52:13,9.35,50,18150
20240206,10:53:33,9.55,50,18100
20240206,10:54:47,9.35,100,18100
20240206,10:55:32,9.25,50,18100
20240206,10:56:56,9.5,100,18200
20240206,10:57:04,9.55,150,18200
20240206,10:57:26,9.4,50,18200
20240206,10:58:10,9.4,50,18200
20240206,10:58:20,9.25,50,18200
20240206,10:58:30,9.3,100,18200
20240206,10:58:49,9.35,50,17950
20240206,10:58:59,9.15,200,17950
20240206,10:59:10,9.25,50,17950
20240206,10:59:29,9.05,100,17950
20240206,10:59:59,9.05,50,17950
20240206,11:00:09,9.0,50,17950
20240206,11:01:03,9.0,50,17950
20240206,11:03:25,9.0,100,17900
20240206,11:04:11,9.2,50,17900
20240206,11:05:39,9.25,50,17950
20240206,11:06:05,9.35,50,17950
20240206,11:07:04,9.45,50,17950
20240206,11:07:43,9.5,50,17950
20240206,11:08:45,9.25,50,17950
20240206,11:10:09,9.15,100,17950
20240206,11:10:56,9.0,100,18000
20240206,11:11:22,8.95,50,18000
20240206,11:11:37,8.95,50,18000
20240206,11:15:53,8.9,50,17950
20240206,11:18:24,8.8,50,17950
20240206,11:26:04,8.8,50,18000
20240206,11:26:37,9.05,50,18000
20240206,11:29:42,9.25,50,17950
20240206,11:31:11,9.1,50,17950
20240206,11:31:18,9.05,250,17950
20240206,11:31:23,9.2,50,17950
20240206,11:31:47,9.15,100,17950
20240206,11:32:24,9.15,50,18000
20240206,11:32:41,8.95,50,18000
20240206,11:32:50,9.15,200,18000
20240206,11:33:00,9.15,50,18000
20240206,11:33:13,8.95,50,18000
20240206,11:33:28,8.85,250,18000
20240206,11:33:54,8.9,450,18000
20240206,11:34:07,8.85,50,18000
20240206,11:34:22,8.7,150,18000
20240206,11:34:36,8.8,350,18000
20240206,11:34:50,8.85,50,18000
20240206,11:35:03,8.8,250,18050
20240206,11:35:17,8.75,100,18050
20240206,11:35:30,8.8,50,18050
20240206,11:35:43,8.9,200,18050
20240206,11:36:33,9.05,300,18050
20240206,11:36:45,8.95,900,18050
20240206,11:36:58,9.0,50,18050
20240206,11:37:34,9.0,50,18050
20240206,11:38:21,9.05,50,19000
20240206,11:39:16,8.9,50,19000
20240206,11:39:28,8.9,50,19000
20240206,11:39:39,8.9,150,19000
20240206,11:41:37,9.05,50,18850
20240206,11:43:43,9.3,50,18850
20240206,11:44:29,9.0,50,18850
20240206,11:46:08,9.0,50,18850
20240206,11:46:59,9.15,50,18850
20240206,11:47:20,9.15,150,18850
20240206,11:48:35,9.3,50,18850
20240206,11:48:54,9.25,150,18850
20240206,11:49:33,9.2,1000,18850
20240206,11:50:41,9.25,100,19400
20240206,11:50:49,9.15,50,19400
20240206,11:51:53,9.4,50,19400
20240206,11:52:24,9.3,50,19400
20240206,11:55:30,9.1,100,19500
20240206,11:55:50,9.2,450,19500
20240206,11:55:58,9.25,50,19550
20240206,11:56:05,9.3,950,19550
20240206,11:56:13,9.25,150,19550
20240206,11:56:37,9.2,50,19550
20240206,11:57:25,9.25,50,19550
20240206,11:58:06,9.15,350,19550
20240206,11:58:19,9.15,50,19550
20240206,12:00:06,8.9,50,20900
20240206,12:01:39,9.05,50,20900
20240206,12:02:16,9.05,50,20900
20240206,12:02:28,9.05,350,20900
20240206,12:02:39,9.0,100,20900
20240206,12:03:01,9.05,150,20900
20240206,12:03:14,9.05,300,20900
20240206,12:05:25,9.1,200,20850
20240206,12:07:37,9.05,50,20850
20240206,12:07:47,9.1,100,20850
20240206,12:07:57,9.1,50,20850
20240206,12:09:31,8.85,50,20800
20240206,12:10:09,8.85,50,20800
20240206,12:10:16,8.85,150,20800
20240206,12:10:33,8.9,250,20800
20240206,12:10:42,8.9,50,20800
20240206,12:11:00,8.9,50,20600
20240206,12:11:10,8.85,100,20600
20240206,12:11:20,8.95,50,20600
20240206,12:11:33,8.95,50,20600
20240206,12:11:44,9.0,50,20600
20240206,12:11:54,9.2,150,20600
20240206,12:13:04,8.95,100,20600
20240206,12:14:17,9.0,50,20850
20240206,12:14:43,8.8,50,20850
20240206,12:15:16,8.75,250,20850
20240206,12:15:25,8.75,400,20850
20240206,12:17:37,8.95,50,21200
20240206,12:17:51,8.9,50,21200
20240206,12:19:28,8.85,50,21200
20240206,12:22:03,9.05,50,21250
20240206,12:22:26,9.25,50,21250
20240206,12:22:41,9.15,100,21250
20240206,12:23:05,9.2,50,21250
20240206,12:24:33,9.3,50,21250
20240206,12:25:13,9.45,50,21250
20240206,12:25:30,9.45,50,21250
20240206,12:25:40,9.35,150,21250
20240206,12:25:48,9.2,50,21250
20240206,12:26:05,9.05,50,21100
20240206,12:26:40,9.05,50,21100
20240206,12:26:49,9.1,100,21100
20240206,12:28:09,9.2,50,21100
20240206,12:29:25,9.3,50,21050
20240206,12:35:07,9.05,900,21100
20240206,12:35:16,8.95,50,21100
20240206,12:35:23,9.0,500,21100
20240206,12:36:48,8.85,50,21100
20240206,12:37:06,8.9,50,21100
20240206,12:37:29,8.8,50,21100
20240206,12:38:15,8.75,50,21200
20240206,12:38:21,8.75,50,21200
20240206,12:38:36,8.8,200,21200
20240206,12:38:52,8.8,100,21200
20240206,12:39:01,8.8,50,21200
20240206,12:39:09,8.8,150,21200
20240206,12:39:17,8.8,300,21200
20240206,12:39:25,8.75,450,21200
20240206,12:39:31,8.8,50,21200
20240206,12:40:16,8.65,500,21200
20240206,12:40:36,8.65,50,21200
20240206,12:40:56,8.7,300,21200
20240206,12:41:11,8.65,50,21300
20240206,12:41:17,8.7,1100,21300
20240206,12:41:42,8.7,50,21300
20240206,12:42:01,8.7,200,21300
20240206,12:42:17,8.7,100,21300
20240206,12:42:23,8.7,100,21300
20240206,12:42:48,8.75,50,21300
20240206,12:43:18,8.75,650,21300
20240206,12:43:24,8.65,100,21300
20240206,12:43:39,8.75,50,21300
20240206,12:44:00,8.8,50,21300
20240206,12:44:55,8.7,50,21800
20240206,12:48:37,8.8,400,21750
20240206,12:48:47,9.0,100,21750
20240206,12:48:55,9.0,50,21750
20240206,12:49:09,9.2,50,21750
20240206,12:49:16,9.3,50,21750
20240206,12:50:22,9.25,100,21800
20240206,12:51:47,9.1,150,21800
20240206,12:52:23,9.1,100,21800
20240206,12:52:37,9.15,50,21800
20240206,12:53:22,9.05,150,21800
20240206,12:53:46,9.2,50,21800
20240206,12:53:54,9.25,50,21800
20240206,12:54:02,9.3,50,21800
20240206,12:54:32,9.05,150,21800
20240206,12:55:00,8.9,50,21800
20240206,12:55:34,8.95,150,21800
20240206,12:55:41,8.95,150,21800
20240206,12:56:45,8.9,100,21750
20240206,12:56:50,8.9,50,21750
20240206,12:57:31,8.85,150,21750
20240206,12:57:37,8.85,150,21750
20240206,12:58:07,8.85,100,21750
20240206,12:58:14,9.05,50,21750
20240206,12:58:22,9.1,50,21750
20240206,13:02:39,8.9,100,22050
20240206,13:02:45,8.9,600,22050
20240206,13:05:05,8.75,50,22650
20240206,13:05:33,8.65,50,22650
20240206,13:07:08,8.45,100,22650
20240206,13:07:15,8.45,50,22650
20240206,13:08:24,8.55,50,22550
20240206,13:09:13,8.6,100,22550
20240206,13:19:41,8.75,100,22500
20240206,13:20:21,8.8,50,22550
20240206,13:20:37,8.8,150,22550
20240206,13:21:10,8.6,150,22550
20240206,13:24:58,8.65,50,22600
20240206,13:26:48,8.6,50,22550
20240206,13:26:54,8.6,100,22550
20240206,13:27:04,8.6,100,22550
20240206,13:27:42,8.45,150,22550
20240206,13:27:49,8.5,50,22550
20240206,13:28:25,8.6,250,22550
20240206,13:28:53,8.55,50,22550
20240206,13:29:10,8.55,150,22900
20240206,13:29:30,8.5,50,22900
20240206,13:29:50,8.55,250,22900
20240206,13:30:27,8.45,200,22900
20240206,13:30:38,8.5,100,22900
20240206,13:31:02,8.45,200,22900
20240206,13:31:14,8.6,50,22900
20240206,13:32:54,8.55,50,23050
20240206,13:34:46,8.5,1000,23050
20240206,13:36:24,8.5,50,22400
20240206,13:36:30,8.5,50,22400
20240206,13:36:52,8.65,50,22400
20240206,13:37:04,8.7,200,22400
20240206,13:37:27,8.7,50,22400
20240206,13:37:45,8.8,50,22400
20240206,13:38:02,8.75,100,22400
20240206,13:38:12,8.65,50,22150
20240206,13:40:41,8.75,50,22150
20240206,13:42:09,8.65,50,22100
20240206,13:45:30,8.6,50,22100
20240206,13:45:53,8.65,50,22100
20240206,13:48:14,8.8,50,22150
20240206,13:48:30,8.85,50,22150
20240206,13:50:15,8.75,50,22200
20240206,13:50:46,8.8,250,22200
20240206,13:50:54,8.8,50,22200
20240206,13:51:01,8.85,50,22200
20240206,13:52:30,8.65,100,22200
20240206,13:52:50,8.7,50,22200
20240206,13:54:51,8.8,350,22350
20240206,13:55:29,8.85,50,22350
20240206,13:55:38,8.85,50,22350
20240206,13:56:05,8.8,50,22350
20240206,13:56:14,8.8,50,22400
20240206,13:56:22,8.8,50,22400
20240206,13:56:55,8.8,50,22400
20240206,13:57:12,8.8,50,22400
20240206,13:59:42,8.8,50,22450
20240206,14:00:22,8.75,200,22450
20240206,14:03:57,8.8,250,22500
20240206,14:04:48,8.65,50,22500
20240206,14:04:58,8.7,50,22500
20240206,14:05:17,8.65,50,22550
20240206,14:05:53,8.6,100,22550
20240206,14:06:03,8.6,100,22550
20240206,14:06:12,8.7,50,22550
20240206,14:06:50,8.8,200,22550
20240206,14:08:39,8.85,200,22750
20240206,14:08:55,8.85,50,22750
20240206,14:09:31,8.95,500,22750
20240206,14:11:13,8.95,50,22750
20240206,14:11:22,8.95,200,23450
20240206,14:11:33,8.95,250,23450
20240206,14:11:51,9.05,50,23450
20240206,14:12:17,9.05,50,23450
20240206,14:13:06,9.15,200,23450
20240206,14:13:15,9.1,200,23450
20240206,14:13:40,9.2,450,23450
20240206,14:13:51,9.3,200,23450
20240206,14:14:03,9.2,50,23450
20240206,14:14:24,9.0,100,22800
20240206,14:14:42,8.95,50,22800
20240206,14:14:52,9.05,50,22800
20240206,14:15:30,8.95,50,22800
20240206,14:17:02,9.0,50,22800
20240206,14:17:11,9.05,50,22800
20240206,14:17:37,8.85,1000,22700
20240206,14:18:02,9.0,50,22700
20240206,14:19:27,9.05,150,22700
20240206,14:19:41,8.9,50,22700
20240206,14:20:32,9.0,50,23850
20240206,14:21:08,9.05,50,23850
20240206,14:22:02,9.1,50,23850
20240206,14:22:40,9.25,50,23850
20240206,14:23:14,9.1,100,23850
20240206,14:24:44,9.1,50,24000
20240206,14:25:27,8.95,150,24000
20240206,14:25:51,9.0,50,24000
20240206,14:27:05,9.25,150,24000
20240206,14:27:49,8.95,150,24000
20240206,14:29:17,9.15,50,24000
20240206,14:30:02,9.25,50,23950
20240206,14:33:01,8.9,50,23750
20240206,14:33:23,8.9,150,23750
20240206,14:33:29,8.9,200,23750
20240206,14:33:37,8.9,50,23750
20240206,14:35:13,8.8,350,23750
20240206,14:35:54,8.85,50,23850
20240206,14:36:14,8.85,50,23850
20240206,14:36:25,8.85,100,23850
20240206,14:37:17,8.85,500,23850
20240206,14:37:23,8.85,150,23850
20240206,14:37:30,8.85,350,23850
20240206,14:38:08,8.8,200,23850
20240206,14:38:30,8.85,50,24850
20240206,14:38:49,8.7,50,24850
20240206,14:40:32,8.6,50,24850
20240206,14:40:41,8.55,50,24850
20240206,14:41:05,8.6,50,24850
20240206,14:41:51,8.65,500,24850
20240206,14:42:22,8.55,250,24850
20240206,14:43:36,8.55,100,24850
20240206,14:43:47,8.7,50,24850
20240206,14:44:05,8.55,100,24850
20240206,14:45:16,8.65,750,25800
20240206,14:45:42,8.75,800,25800
20240206,14:46:21,8.75,450,25800
20240206,14:46:34,8.65,50,25800
20240206,14:47:07,8.65,50,25800
20240206,14:47:18,8.65,50,25800
20240206,14:47:24,8.65,300,27100
20240206,14:47:29,8.6,50,27100
20240206,14:48:58,8.6,50,27100
20240206,14:49:28,8.6,50,27100
20240206,14:49:35,8.6,200,27100
20240206,14:49:42,8.6,450,27100
20240206,14:49:48,8.6,100,27100
20240206,14:49:54,8.65,100,27100
20240206,14:50:15,8.6,50,27100
20240206,14:50:28,8.5,50,27650
20240206,14:51:03,8.6,50,27650
20240206,14:51:22,8.55,50,27650
20240206,14:51:51,8.55,50,27650
20240206,14:52:24,8.6,250,27650
20240206,14:52:30,8.6,50,27650
20240206,14:52:38,8.7,50,27650
20240206,14:53:00,8.65,50,27650
20240206,14:53:13,8.7,50,27650
20240206,14:53:20,8.75,500,27700
20240206,14:53:46,8.65,200,27700
20240206,14:54:05,8.75,250,27700
20240206,14:54:26,8.85,50,27700
20240206,14:55:02,8.95,100,27700
20240206,14:55:10,9.0,50,27700
20240206,14:56:17,8.75,50,27700
20240206,14:56:30,8.75,150,28300
20240206,14:56:43,8.85,50,28300
20240206,14:57:01,8.75,50,28300
20240206,14:57:18,8.7,100,28300
20240206,14:57:39,8.45,150,28300
20240206,14:57:55,8.45,50,28300
20240206,14:58:31,8.6,50,28300
20240206,15:00:02,8.45,50,28400
20240206,15:00:17,8.5,50,28400
20240206,15:00:59,8.1,100,28400
20240206,15:01:06,8.1,400,28400
20240206,15:02:17,8.35,100,28400
20240206,15:03:29,8.25,50,28400
20240206,15:03:55,8.25,50,28400
20240206,15:04:01,8.2,50,28400
20240206,15:06:17,8.05,50,28400
20240206,15:06:29,8.0,100,28400
20240206,15:06:36,8.0,150,28400
20240206,15:06:42,8.0,50,28400
20240206,15:06:56,8.0,700,28400
20240206,15:07:15,7.95,50,28400
20240206,15:07:25,7.95,50,28400
20240206,15:07:31,8.25,50,28400
20240206,15:07:37,8.25,100,28400
20240206,15:08:02,8.25,100,28400
20240206,15:08:54,8.25,100,28900
20240206,15:08:59,8.3,100,28900
20240206,15:09:15,8.05,50,28900
20240206,15:10:17,8.25,50,28900
20240206,15:10:22,8.25,150,28900
20240206,15:10:31,8.15,50,28900
20240206,15:10:46,8.2,50,28900
20240206,15:10:56,8.1,950,28900
20240206,15:11:16,8.35,150,28900
20240206,15:15:02,8.45,50,28950
20240206,15:15:10,8.5,50,28950
20240206,15:15:49,8.5,900,28950
20240206,15:16:46,8.5,50,28950
20240206,15:17:15,8.55,150,28950
20240206,15:17:49,8.6,50,28750
20240206,15:18:22,8.6,50,28750
20240206,15:18:28,8.55,300,28750
20240206,15:18:46,8.6,50,28750
20240206,15:19:03,8.6,250,28750
20240206,15:19:30,8.6,200,28750
20240206,15:19:46,8.65,50,28750
20240206,15:19:56,8.7,50,28750
20240206,15:20:21,8.7,50,28750
20240206,15:20:46,8.7,50,28850
20240206,15:21:15,8.75,50,28850
20240206,15:22:09,8.6,50,28850
20240206,15:22:22,8.6,50,28850
20240206,15:22:28,8.6,50,28850
20240206,15:22:33,8.55,300,28850
20240206,15:22:45,8.6,50,28850
20240206,15:22:51,8.5,50,28850
20240206,15:24:06,8.45,350,29050
20240206,15:24:13,8.5,50,29050
20240206,15:24:27,8.3,50,29050
20240206,15:24:44,8.45,100,29050
20240206,15:25:08,8.55,150,29050
20240206,15:26:18,8.6,350,29050
20240206,15:26:37,8.75,250,29300
20240206,15:27:20,8.7,2250,29300
20240206,15:27:27,8.7,100,29300
20240206,15:28:02,8.65,400,29300
20240206,15:28:12,8.7,550,29300
20240206,15:28:22,8.6,1300,29300
20240206,15:28:33,8.55,50,29300
20240206,15:28:45,8.7,350,29300
20240206,15:29:08,8.5,100,29300
20240206,15:29:22,8.45,150,29300
20240206,15:29:35,8.6,200,32700
20240206,15:30:01,8.3,2800,32700
20240207,09:15:33,6.05,1,32450
20240207,09:15:33,6.25,1,32450
20240207,09:15:33,5.9,450,32450
20240207,09:15:48,6.45,450,32450
20240207,09:16:01,6.0,100,32450
20240207,09:16:15,6.0,300,32450
20240207,09:16:29,6.05,850,32450
20240207,09:16:42,5.95,50,34250
20240207,09:18:50,6.1,50,34250
20240207,09:19:47,6.4,50,34300
20240207,09:19:56,6.35,200,34300
20240207,09:20:17,6.4,100,34300
20240207,09:22:27,6.9,50,34300
20240207,09:24:30,6.9,450,34150
20240207,09:25:03,6.5,150,34150
20240207,09:25:15,6.5,50,34150
20240207,09:27:15,6.7,50,34150
20240207,09:28:00,6.7,700,34150
20240207,09:28:10,6.65,100,34150
20240207,09:28:43,6.8,50,34150
20240207,09:31:04,6.4,1800,33150
20240207,09:31:15,6.3,200,33150
20240207,09:31:26,6.25,250,33150
20240207,09:31:37,6.2,50,33150
20240207,09:32:08,6.35,100,33250
20240207,09:32:18,6.25,250,33250
20240207,09:32:38,6.35,50,33250
20240207,09:33:25,6.3,600,33250
20240207,09:33:54,6.35,250,33250
20240207,09:34:03,6.25,100,33250
20240207,09:34:21,6.2,100,33250
20240207,09:34:31,6.15,5200,33250
20240207,09:34:49,6.05,50,38000
20240207,09:35:10,6.0,500,38000
20240207,09:35:21,5.95,200,38000
20240207,09:36:31,5.95,100,38000
20240207,09:36:40,5.9,200,38000
20240207,09:37:17,6.0,100,38000
20240207,09:37:47,5.95,100,37650
20240207,09:37:57,5.95,50,37650
20240207,09:38:50,5.95,200,37650
20240207,09:39:11,5.9,50,37650
20240207,09:39:42,5.9,150,37650
20240207,09:39:53,5.95,100,37650
20240207,09:40:24,5.9,50,37650
20240207,09:40:36,5.85,50,37650
20240207,09:40:49,5.8,1400,37900
20240207,09:41:20,5.8,1050,37900
20240207,09:41:29,5.75,1750,37900
20240207,09:41:39,5.75,3200,37900
20240207,09:41:50,5.85,150,37900
20240207,09:42:20,5.9,2500,37900
20240207,09:42:42,6.0,50,37900
20240207,09:43:13,6.0,100,37900
20240207,09:43:32,6.1,100,37900
20240207,09:44:45,6.15,50,47250
20240207,09:44:55,6.05,50,47250
20240207,09:45:05,6.15,50,47250
20240207,09:45:16,6.2,50,47250
20240207,09:46:06,5.95,50,47250
20240207,09:46:15,5.95,150,47250
20240207,09:46:51,6.0,550,47350
20240207,09:47:30,6.0,150,47350
20240207,09:48:15,6.05,100,47350
20240207,09:48:24,6.0,400,47350
20240207,09:49:27,6.0,150,47350
20240207,09:49:46,5.9,100,47500
20240207,09:50:15,5.95,50,47500
20240207,09:50:54,6.05,200,47500
20240207,09:51:04,5.85,50,47500
20240207,09:52:00,5.85,50,47500
20240207,09:52:54,5.85,50,47400
20240207,09:54:03,5.8,200,47400
20240207,09:54:12,5.85,100,47400
20240207,09:54:30,5.9,350,47400
20240207,09:56:00,5.75,50,47400
20240207,09:56:51,5.65,50,47400
20240207,09:59:07,5.5,100,47400
20240207,10:00:10,5.5,150,47400
20240207,10:02:14,5.7,150,47400
20240207,10:03:45,5.7,100,47400
20240207,10:04:12,5.7,200,47400
20240207,10:04:39,5.75,400,47300
20240207,10:04:48,5.75,100,47300
20240207,10:05:07,5.75,100,47300
20240207,10:05:17,5.75,100,47300
20240207,10:05:29,5.85,50,47300
20240207,10:05:39,5.9,100,47300
20240207,10:05:48,5.85,50,47300
20240207,10:05:57,5.65,50,47300
20240207,10:08:30,5.7,100,47250
20240207,10:08:39,5.7,500,47250
20240207,10:09:12,5.6,250,47250
20240207,10:10:01,5.6,250,47250
20240207,10:11:28,5.6,150,47150
20240207,10:12:16,5.6,100,47150
20240207,10:14:52,5.6,1800,47150
20240207,10:19:18,5.45,950,48950
20240207,10:20:39,5.4,50,48950
20240207,10:21:50,5.4,100,48950
20240207,10:22:51,5.4,250,48950
20240207,10:24:10,5.4,50,48950
20240207,10:28:39,5.4,50,48950
20240207,10:28:46,5.4,50,48950
20240207,10:30:58,5.3,350,48950
20240207,10:32:22,5.3,50,48950
20240207,10:34:33,5.3,100,48950
20240207,10:35:12,5.3,50,48950
20240207,10:35:47,5.25,50,48950
20240207,10:36:02,5.25,50,48950
20240207,10:36:24,5.25,50,48950
20240207,10:36:31,5.25,50,48950
20240207,10:40:47,5.25,50,49000
20240207,10:40:55,5.35,100,49000
20240207,10:41:50,5.3,250,49000
20240207,10:41:58,5.4,250,49000
20240207,10:42:07,5.45,100,49000
20240207,10:42:24,5.4,50,49000
20240207,10:46:31,5.45,400,49000
20240207,10:46:46,5.3,250,49000
20240207,10:47:01,5.3,300,49250
20240207,10:47:30,5.4,50,49250
20240207,10:48:48,5.4,50,49250
20240207,10:53:03,5.45,250,49000
20240207,10:53:10,5.55,50,49000
20240207,10:53:34,5.6,550,49000
20240207,10:53:41,5.5,50,49000
20240207,10:53:48,5.5,300,49000
20240207,10:53:55,5.55,1500,49000
20240207,10:54:01,5.55,1150,49000
20240207,10:54:41,5.6,50,49000
20240207,10:54:46,5.6,500,49000
20240207,10:54:51,5.55,250,49000
20240207,10:54:56,5.55,700,49000
20240207,10:55:07,5.55,50,49000
20240207,10:55:14,5.6,500,49000
20240207,10:55:25,5.55,3200,49000
20240207,10:56:33,5.55,50,54150
20240207,10:58:10,5.75,50,54150
20240207,10:58:21,5.8,100,54150
20240207,10:58:26,5.75,100,54150
20240207,10:58:38,5.8,50,54150
20240207,10:58:44,5.8,50,54150
20240207,10:59:57,5.85,50,54250
20240207,11:00:46,5.8,50,54250
20240207,11:03:29,5.85,50,54250
20240207,11:03:36,5.85,1900,54250
20240207,11:03:54,5.75,1700,54250
20240207,11:04:01,5.75,800,54250
20240207,11:04:21,5.7,650,54250
20240207,11:04:35,5.7,400,54250
20240207,11:04:46,5.65,850,54250
20240207,11:05:06,5.65,2150,59550
20240207,11:05:13,5.75,250,59550
20240207,11:05:21,5.75,250,59550
20240207,11:05:43,5.6,250,59550
20240207,11:06:05,5.7,100,59550
20240207,11:06:13,5.7,350,59550
20240207,11:06:21,5.75,1250,59550
20240207,11:06:28,5.75,500,59550
20240207,11:07:03,5.7,100,59550
20240207,11:07:47,5.65,100,59550
20240207,11:08:24,5.65,50,63450
20240207,11:09:28,5.7,250,63450
20240207,11:11:08,5.65,50,63650
20240207,11:11:47,5.6,50,63650
20240207,11:12:34,5.55,50,63650
20240207,11:12:46,5.5,500,63650
20240207,11:13:57,5.5,250,63650
20240207,11:14:03,5.5,250,63650
20240207,11:14:22,5.45,250,63650
20240207,11:15:14,5.3,400,63650
20240207,11:17:18,5.35,150,63650
20240207,11:19:08,5.35,50,63650
20240207,11:20:00,5.3,150,63700
20240207,11:20:50,5.25,50,63700
20240207,11:22:28,5.35,150,63700
20240207,11:22:49,5.3,50,63700
20240207,11:25:16,5.45,50,63700
20240207,11:27:07,5.45,50,63700
20240207,11:28:49,5.55,50,63700
20240207,11:29:03,5.45,50,63700
20240207,11:29:09,5.55,650,63700
20240207,11:29:16,5.55,200,63700
20240207,11:29:36,5.45,450,63700
20240207,11:30:24,5.5,250,63700
20240207,11:31:50,5.6,50,63700
20240207,11:33:04,6.2,50,63650
20240207,11:33:52,6.2,100,63650
20240207,11:34:07,6.25,150,63650
20240207,11:34:24,6.4,300,63650
20240207,11:34:32,6.4,50,63650
20240207,11:34:56,6.4,100,63600
20240207,11:35:37,6.2,300,63600
20240207,11:36:13,6.25,350,63600
20240207,11:36:20,6.2,550,63600
20240207,11:38:20,6.65,150,63500
20240207,11:38:56,6.5,50,63500
20240207,11:39:25,6.65,50,63500
20240207,11:39:52,6.6,200,63500
20240207,11:40:00,6.6,100,63500
20240207,11:40:47,6.75,100,63500
20240207,11:41:01,6.8,150,63250
20240207,11:41:16,6.7,100,63250
20240207,11:45:31,6.25,300,63150
20240207,11:45:40,6.2,200,63150
20240207,11:46:05,5.95,150,63150
20240207,11:46:13,5.9,150,63150
20240207,11:46:53,5.85,50,62850
20240207,11:47:16,5.75,350,62850
20240207,11:48:25,5.75,200,62850
20240207,11:48:33,5.7,200,62850
20240207,11:49:28,5.65,500,62850
20240207,11:49:37,5.65,600,62850
20240207,11:51:18,5.7,150,61500
20240207,11:51:47,5.8,200,61500
20240207,11:52:24,5.85,250,61500
20240207,11:52:52,5.9,250,61500
20240207,11:53:20,5.95,400,61500
20240207,11:53:28,5.95,1850,61500
20240207,11:53:35,6.0,150,61500
20240207,11:53:43,5.95,300,61500
20240207,11:53:50,6.0,150,61500
20240207,11:54:06,6.05,100,61500
20240207,11:54:37,6.1,50,61500
20240207,11:54:52,6.2,50,61500
20240207,11:55:07,6.2,50,61500
20240207,11:55:22,6.25,50,61500
20240207,11:55:31,6.3,50,61500
20240207,11:56:40,6.5,50,61500
20240207,11:56:49,6.45,450,61500
20240207,11:56:58,6.45,50,61500
20240207,11:57:07,6.4,250,61500
20240207,11:57:41,6.65,50,61500
20240207,11:57:58,6.65,50,61500
20240207,11:58:31,6.6,200,61500
20240207,11:58:40,6.6,300,61500
20240207,11:59:19,6.6,2700,61900
20240207,11:59:27,6.65,50,61900
20240207,11:59:34,6.6,50,61900
20240207,11:59:42,6.5,700,61900
20240207,11:59:57,6.45,250,61900
20240207,12:00:05,6.45,450,61900
20240207,12:00:12,6.5,200,61900
20240207,12:00:19,6.5,100,61900
20240207,12:00:26,6.5,850,61900
20240207,12:00:33,6.45,250,61900
20240207,12:00:41,6.5,150,61900
20240207,12:00:48,6.45,50,61900
20240207,12:00:55,6.5,150,61900
20240207,12:01:34,6.5,50,61900
20240207,12:01:42,6.5,150,61900
20240207,12:02:12,6.45,50,61900
20240207,12:02:44,6.25,350,63350
20240207,12:02:52,6.35,400,63350
20240207,12:02:59,6.25,650,63350
20240207,12:03:07,6.25,500,63350
20240207,12:03:15,6.2,150,63350
20240207,12:03:45,6.1,300,63350
20240207,12:03:53,6.05,200,63350
20240207,12:04:01,6.05,250,63350
20240207,12:04:59,6.05,200,63400
20240207,12:05:08,6.0,100,63400
20240207,12:05:42,6.2,50,63400
20240207,12:06:06,6.15,350,63400
20240207,12:06:30,6.2,50,63400
20240207,12:06:59,6.15,200,63400
20240207,12:07:08,6.2,150,63400
20240207,12:08:29,6.05,50,62950
20240207,12:08:45,6.0,100,62950
20240207,12:09:52,6.05,50,62950
20240207,12:09:58,6.1,50,62950
20240207,12:10:05,6.05,50,62950
20240207,12:10:30,6.05,100,62950
20240207,12:10:50,6.15,50,62950
20240207,12:10:57,6.15,300,62950
20240207,12:11:09,6.15,300,62700
20240207,12:11:28,6.1,300,62700
20240207,12:12:02,6.0,200,62700
20240207,12:14:27,6.35,250,62700
20240207,12:14:42,6.3,400,62700
20240207,12:14:58,6.3,1200,62700
20240207,12:20:14,6.0,50,62000
20240207,12:20:34,6.05,200,62000
20240207,12:20:46,5.95,900,62000
20240207,12:21:16,5.9,50,62000
20240207,12:21:56,5.95,50,62000
20240207,12:22:26,5.9,100,62000
20240207,12:22:33,5.95,250,62000
20240207,12:22:47,6.0,200,62000
20240207,12:23:00,5.95,700,62350
20240207,12:23:33,5.95,100,62350
20240207,12:23:38,6.0,50,62350
20240207,12:25:18,5.95,50,62350
20240207,12:25:47,5.95,50,62350
20240207,12:29:24,5.75,250,62550
20240207,12:29:30,5.75,250,62550
20240207,12:30:33,5.7,200,62550
20240207,12:30:39,5.75,150,62550
20240207,12:31:15,5.75,350,62550
20240207,12:32:41,5.65,50,62250
20240207,12:32:48,5.7,150,62250
20240207,12:32:54,5.65,50,62250
20240207,12:33:00,5.7,50,62250
20240207,12:33:08,5.55,250,62250
20240207,12:33:39,5.55,50,62250
20240207,12:35:45,5.45,400,62250
20240207,12:36:33,5.45,500,62250
20240207,12:37:03,5.45,150,62250
20240207,12:37:17,5.5,150,62250
20240207,12:38:47,5.55,50,62500
20240207,12:39:24,5.55,100,62500
20240207,12:39:39,5.6,150,62500
20240207,12:40:34,5.75,150,62500
20240207,12:42:22,5.65,50,62550
20240207,12:42:45,5.7,50,62550
20240207,12:42:58,5.65,100,62550
20240207,12:43:10,5.6,100,62550
20240207,12:46:33,5.75,150,62400
20240207,12:47:42,5.8,400,62500
20240207,12:47:55,5.85,250,62500
20240207,12:50:29,6.0,200,62200
20240207,12:51:57,6.0,100,62200
20240207,12:54:20,6.05,50,62300
20240207,12:54:27,6.05,50,62300
20240207,12:55:01,6.0,50,62300
20240207,12:56:46,5.85,100,62200
20240207,12:57:25,5.75,200,62200
20240207,12:58:04,5.8,50,62200
20240207,12:58:23,5.8,100,62200
20240207,12:58:49,5.8,300,62200
20240207,12:59:04,5.75,200,62200
20240207,12:59:19,5.7,100,62250
20240207,13:02:20,5.7,150,62250
20240207,13:02:53,5.7,50,62250
20240207,13:03:44,5.7,1200,62250
20240207,13:04:00,5.7,150,62250
20240207,13:04:12,5.7,750,62250
20240207,13:04:48,5.7,300,62250
20240207,13:05:44,5.7,250,62150
20240207,13:08:46,5.65,150,62150
20240207,13:10:36,5.55,100,62150
20240207,13:12:33,5.55,100,62050
20240207,13:12:51,5.45,150,62050
20240207,13:13:21,5.5,50,62050
20240207,13:13:39,5.55,50,62050
20240207,13:14:09,5.65,300,62050
20240207,13:14:18,5.65,100,62050
20240207,13:14:28,5.7,100,62050
20240207,13:16:17,5.65,400,62050
20240207,13:18:29,5.6,300,61850
20240207,13:19:08,5.65,50,61850
20240207,13:19:42,5.6,100,61850
20240207,13:20:38,5.55,150,61900
20240207,13:20:50,5.55,100,61900
20240207,13:21:09,5.5,50,61900
20240207,13:21:42,5.45,50,61900
20240207,13:21:52,5.4,150,61900
20240207,13:22:11,5.5,950,61900
20240207,13:22:20,5.55,200,61900
20240207,13:22:29,5.55,50,61900
20240207,13:22:37,5.55,100,61900
20240207,13:23:26,5.5,400,62050
20240207,13:23:44,5.5,50,62050
20240207,13:23:56,5.55,100,62050
20240207,13:24:08,5.5,100,62050
20240207,13:24:14,5.5,50,62050
20240207,13:24:20,5.55,50,62050
20240207,13:24:31,5.5,750,62050
20240207,13:25:31,5.6,200,62050
20240207,13:26:01,5.55,750,62050
20240207,13:26:33,5.55,50,62150
20240207,13:26:57,5.5,200,62150
20240207,13:27:51,5.55,450,62150
20240207,13:28:30,5.6,50,62150
20240207,13:28:51,5.6,1000,62150
20240207,13:29:04,5.6,250,62150
20240207,13:29:10,5.65,300,62400
20240207,13:29:24,5.7,350,62400
20240207,13:32:27,5.45,650,62500
20240207,13:32:38,5.4,1200,62500
20240207,13:33:30,5.4,50,62500
20240207,13:33:38,5.35,300,62500
20240207,13:33:53,5.4,50,62500
20240207,13:34:01,5.35,50,62500
20240207,13:34:08,5.35,150,62500
20240207,13:34:52,5.4,300,62500
20240207,13:35:08,5.45,150,62700
20240207,13:35:57,5.5,50,62700
20240207,13:36:10,5.45,300,62700
20240207,13:36:24,5.45,250,62700
20240207,13:36:38,5.4,300,62700
20240207,13:37:02,5.35,50,62700
20240207,13:37:31,5.3,200,62700
20240207,13:37:39,5.3,150,62700
20240207,13:37:58,5.25,350,62700
20240207,13:38:08,5.2,200,62700
20240207,13:38:16,5.3,50,62500
20240207,13:38:37,5.3,300,62500
20240207,13:38:51,5.35,1250,62500
20240207,13:39:04,5.35,200,62500
20240207,13:39:24,5.3,50,62500
20240207,13:39:52,5.2,50,62500
20240207,13:41:05,5.1,1050,62500
20240207,13:41:15,5.1,1450,61500
20240207,13:41:24,5.1,900,61500
20240207,13:41:31,5.1,50,61500
20240207,13:42:00,5.0,1400,61500
20240207,13:42:09,5.05,1000,61500
20240207,13:42:18,5.05,4750,61500
20240207,13:42:28,4.9,50,61500
20240207,13:42:38,4.85,200,61500
20240207,13:42:46,4.8,50,61500
20240207,13:43:02,4.75,200,61500
20240207,13:43:40,4.65,100,61500
20240207,13:43:46,4.65,100,61500
20240207,13:44:02,4.6,50,61500
20240207,13:44:17,4.55,100,61050
20240207,13:45:13,4.55,600,61050
20240207,13:45:34,4.75,750,61050
20240207,13:45:56,4.85,50,61050
20240207,13:46:18,4.85,300,61050
20240207,13:46:28,4.9,300,61050
20240207,13:47:08,4.95,1000,61050
20240207,13:47:13,4.9,500,61050
20240207,13:47:18,4.95,50,60000
20240207,13:48:22,5.0,250,60000
20240207,13:48:31,4.95,50,60000
20240207,13:48:57,5.0,50,60000
20240207,13:49:02,5.0,50,60000
20240207,13:49:14,5.0,250,60000
20240207,13:50:23,4.95,450,59750
20240207,13:50:55,5.0,200,59750
20240207,13:55:02,4.95,50,59650
20240207,13:56:04,4.95,50,59650
20240207,13:57:19,4.85,50,59650
20240207,13:58:11,4.75,250,59650
20240207,13:58:38,4.8,50,59650
20240207,14:00:44,4.7,50,59650
20240207,14:01:00,4.7,50,59650
20240207,14:01:20,4.7,100,59650
20240207,14:01:52,4.6,700,59650
20240207,14:02:14,4.75,50,59650
20240207,14:03:07,4.75,300,59500
20240207,14:04:03,4.7,100,59500
20240207,14:04:48,4.75,150,59500
20240207,14:05:02,4.7,150,59500
20240207,14:05:10,4.7,1700,59500
20240207,14:05:23,4.75,300,59500
20240207,14:06:15,4.75,200,59500
20240207,14:08:34,4.6,50,59700
20240207,14:08:41,4.6,200,59700
20240207,14:08:55,4.55,100,59700
20240207,14:09:38,4.65,50,59700
20240207,14:09:52,4.6,400,59700
20240207,14:10:26,4.6,350,59700
20240207,14:11:34,4.5,1050,59750
20240207,14:11:54,4.5,150,59750
20240207,14:12:00,4.5,1350,59750
20240207,14:12:08,4.5,750,59750
20240207,14:12:15,4.5,450,59750
20240207,14:12:29,4.5,850,59750
20240207,14:12:35,4.5,100,59750
20240207,14:12:42,4.5,1500,59750
20240207,14:12:48,4.5,400,59750
20240207,14:13:14,4.5,250,59750
20240207,14:14:20,4.45,50,53450
20240207,14:14:26,4.45,2200,53450
20240207,14:14:58,4.55,1150,53450
20240207,14:15:05,4.5,50,53450
20240207,14:15:32,4.5,200,53450
20240207,14:16:18,4.45,500,53450
20240207,14:16:26,4.4,150,53450
20240207,14:16:33,4.35,200,53450
20240207,14:16:40,4.35,50,53450
20240207,14:17:03,4.35,500,53450
20240207,14:17:25,4.35,250,50050
20240207,14:18:41,4.25,50,50050
20240207,14:18:49,4.2,400,50050
20240207,14:20:20,4.2,50,49650
20240207,14:20:28,4.2,250,49650
20240207,14:21:13,4.15,750,49650
20240207,14:21:29,4.15,1000,49650
20240207,14:22:06,4.15,50,49650
20240207,14:23:04,4.15,400,49650
20240207,14:23:18,4.15,800,49650
20240207,14:24:41,4.2,600,49650
20240207,14:25:06,4.2,1050,49650
20240207,14:25:26,4.15,100,49650
20240207,14:25:33,4.15,1850,49650
20240207,14:25:53,4.15,300,49650
20240207,14:26:00,4.15,4700,49650
20240207,14:26:13,4.2,1200,49650
20240207,14:26:19,4.2,250,41000
20240207,14:26:45,4.15,50,41000
20240207,14:26:52,4.15,50,41000
20240207,14:27:10,4.15,100,41000
20240207,14:28:43,4.15,1050,41000
20240207,14:29:42,4.25,650,41800
20240207,14:30:48,4.15,100,41800
20240207,14:31:39,4.2,50,41800
20240207,14:31:48,4.2,100,41800
20240207,14:31:56,4.2,50,41800
20240207,14:33:00,4.15,50,41800
20240207,14:33:14,4.15,50,41800
20240207,14:33:29,4.1,450,41800
20240207,14:33:43,4.0,1700,41800
20240207,14:33:51,4.05,1000,41800
20240207,14:35:17,4.2,250,41800
20240207,14:35:24,4.2,500,43900
20240207,14:35:39,4.3,500,43900
20240207,14:36:08,4.15,150,43900
20240207,14:36:38,4.15,150,43900
20240207,14:37:03,4.15,550,43900
20240207,14:37:26,4.1,150,43900
20240207,14:37:34,4.1,400,43900
20240207,14:37:40,4.1,150,43900
20240207,14:38:04,4.15,200,43900
20240207,14:38:22,4.15,200,43800
20240207,14:38:39,4.25,400,43800
20240207,14:39:09,4.25,150,43800
20240207,14:39:51,4.2,450,43800
20240207,14:39:57,4.1,150,43800
20240207,14:40:03,4.05,500,43800
20240207,14:40:10,4.2,1200,43800
20240207,14:40:27,4.35,250,43800
20240207,14:40:33,4.4,50,43800
20240207,14:41:07,4.4,50,43800
20240207,14:41:33,4.25,400,44600
20240207,14:42:39,4.3,50,44600
20240207,14:43:24,4.25,250,44600
20240207,14:43:42,4.3,200,44600
20240207,14:43:51,4.3,100,44600
20240207,14:44:02,4.35,50,44600
20240207,14:46:25,4.05,100,45000
20240207,14:47:12,4.1,200,45000
20240207,14:47:46,4.1,250,44900
20240207,14:48:46,4.1,100,44900
20240207,14:48:51,4.1,50,44900
20240207,14:49:06,4.1,100,44900
20240207,14:49:31,4.1,100,44900
20240207,14:49:58,4.1,50,44900
20240207,14:50:10,4.05,250,44900
20240207,14:51:38,4.0,50,44650
20240207,14:51:48,4.05,300,44650
20240207,14:53:09,4.1,1500,44650
20240207,14:53:18,4.1,1900,44650
20240207,14:53:31,4.1,50,45650
20240207,14:53:49,4.0,100,45650
20240207,14:54:05,4.0,250,45650
20240207,14:54:57,4.0,100,45650
20240207,14:55:19,4.0,250,45650
20240207,14:55:25,4.0,250,45650
20240207,14:55:47,4.1,50,45650
20240207,14:55:58,4.0,250,45650
20240207,14:56:04,4.05,50,45650
20240207,14:56:10,4.05,100,45650
20240207,14:57:11,3.95,650,44650
20240207,14:58:05,4.05,300,44650
20240207,14:59:04,4.05,50,44650
20240207,14:59:33,4.15,800,45050
20240207,15:00:02,4.15,50,45050
20240207,15:00:10,4.2,850,45050
20240207,15:00:23,4.2,50,45050
20240207,15:00:39,4.2,5250,45050
20240207,15:01:24,4.1,50,45050
20240207,15:02:33,4.1,200,47700
20240207,15:02:38,4.1,450,47700
20240207,15:03:10,4.1,350,47700
20240207,15:03:15,4.05,800,47700
20240207,15:03:20,4.05,1000,47700
20240207,15:03:26,4.05,100,47700
20240207,15:03:41,4.05,50,47700
20240207,15:03:46,4.05,50,47700
20240207,15:03:55,4.0,1000,47700
20240207,15:04:09,4.0,150,47700
20240207,15:04:14,4.05,50,47700
20240207,15:04:43,4.0,250,47700
20240207,15:05:39,3.95,550,45300
20240207,15:06:29,3.9,500,45300
20240207,15:06:35,3.9,100,45300
20240207,15:06:55,3.9,150,45300
20240207,15:07:50,3.85,500,45300
20240207,15:07:54,3.85,300,45300
20240207,15:09:15,3.95,100,45850
20240207,15:09:56,3.9,400,45850
20240207,15:11:31,3.9,200,46300
20240207,15:11:45,3.85,50,46300
20240207,15:12:25,3.85,500,46300
20240207,15:12:46,3.75,500,46300
20240207,15:12:53,3.75,600,46300
20240207,15:13:08,3.75,1450,46300
20240207,15:13:13,3.7,2400,46300
20240207,15:13:38,3.75,100,46300
20240207,15:13:43,3.7,50,46300
20240207,15:13:47,3.75,1900,46300
20240207,15:13:56,3.75,50,46300
20240207,15:14:11,3.7,650,46300
20240207,15:15:20,3.7,50,48450
20240207,15:15:38,3.7,300,48450
20240207,15:17:03,3.65,50,48450
20240207,15:17:21,3.65,250,48450
20240207,15:17:26,3.7,200,49050
20240207,15:17:33,3.7,500,49050
20240207,15:19:02,3.7,50,49050
20240207,15:19:08,3.65,200,49050
20240207,15:19:12,3.7,650,49050
20240207,15:19:35,3.7,300,49050
20240207,15:20:02,3.65,400,49050
20240207,15:20:07,3.7,300,49050
20240207,15:20:17,3.7,3300,49050
20240207,15:20:22,3.8,1550,49050
20240207,15:21:35,3.7,50,50550
20240207,15:21:58,3.75,500,50550
20240207,15:23:02,3.75,150,50550
20240207,15:23:07,3.65,1000,50550
20240207,15:23:22,3.7,150,50550
20240207,15:23:27,3.6,1000,49800
20240207,15:24:14,3.6,200,49800
20240207,15:24:19,3.6,200,49800
20240207,15:24:23,3.6,200,49800
20240207,15:25:45,3.55,50,49800
20240207,15:26:09,3.55,2350,49800
20240207,15:26:14,3.6,250,49800
20240207,15:26:26,3.6,50,49800
20240207,15:26:37,3.55,100,50750
20240207,15:26:47,3.6,300,50750
20240207,15:27:07,3.65,250,50750
20240207,15:27:37,3.75,350,50750
20240207,15:27:42,3.8,300,50750
20240207,15:28:23,3.65,200,50750
20240207,15:28:33,3.6,400,50750
20240207,15:28:41,3.65,200,50750
20240207,15:29:01,3.65,200,50750
20240207,15:29:33,3.6,50,51800
20240207,15:29:42,3.65,100,51800
20240207,15:30:00,3.5,450,51800
20240208,09:16:16,3.45,1,51650
20240208,09:16:16,3.45,50,51650
20240208,09:16:26,3.35,50,51650
20240208,09:17:09,3.35,2000,51700
20240208,09:17:21,3.15,150,51700
20240208,09:17:32,3.1,100,51700
20240208,09:17:41,3.1,100,51700
20240208,09:17:52,3.1,50,51700
20240208,09:18:02,3.1,300,51700
20240208,09:18:13,3.1,200,51700
20240208,09:18:34,3.05,450,51700
20240208,09:18:45,3.05,150,51700
20240208,09:18:55,3.0,3050,51700
20240208,09:19:04,3.0,100,51700
20240208,09:19:14,3.05,50,51700
20240208,09:19:24,3.05,50,51700
20240208,09:20:11,3.0,100,55900
20240208,09:20:21,3.05,50,55900
20240208,09:20:32,3.0,1800,55900
20240208,09:20:43,2.95,1650,55900
20240208,09:20:55,2.95,50,55900
20240208,09:21:06,2.95,250,55900
20240208,09:22:02,3.0,250,55900
20240208,09:22:13,3.0,50,55900
20240208,09:22:24,3.0,200,55900
20240208,09:22:34,3.05,300,55900
20240208,09:23:36,2.95,250,58000
20240208,09:24:04,3.0,100,58000
20240208,09:24:58,2.95,150,58000
20240208,09:25:09,2.9,1400,58000
20240208,09:25:20,2.9,650,58000
20240208,09:25:31,2.9,400,58000
20240208,09:25:40,2.95,600,58000
20240208,09:25:50,2.9,50,59050
20240208,09:26:00,2.9,50,59050
20240208,09:26:11,2.85,50,59050
20240208,09:26:21,2.8,350,59050
20240208,09:27:19,2.8,50,59050
20240208,09:27:38,2.95,750,59050
20240208,09:29:15,2.8,150,58700
20240208,09:29:24,2.85,50,58700
20240208,09:30:12,2.9,250,58700
20240208,09:30:31,2.8,800,58700
20240208,09:30:49,2.9,300,58700
20240208,09:31:00,2.9,750,58700
20240208,09:31:38,2.85,50,58700
20240208,09:32:13,2.8,500,58250
20240208,09:32:21,2.85,250,58250
20240208,09:32:31,2.85,50,58250
20240208,09:32:41,2.95,200,58250
20240208,09:33:20,2.85,50,58250
20240208,09:34:09,2.9,350,58250
20240208,09:34:38,2.85,50,58250
20240208,09:36:36,2.9,2000,58850
20240208,09:36:46,2.95,100,58850
20240208,09:36:55,2.85,1850,58850
20240208,09:39:21,2.85,900,56550
20240208,09:39:32,2.9,50,56550
20240208,09:39:43,2.95,2550,56550
20240208,09:39:52,2.9,200,56550
20240208,09:40:02,2.9,50,56550
20240208,09:40:11,2.85,1250,56550
20240208,09:40:42,2.9,100,56550
20240208,09:41:41,2.85,50,56550
20240208,09:41:51,2.85,50,56550
20240208,09:42:52,2.85,50,56550
20240208,09:43:02,2.85,50,56550
20240208,09:44:19,2.8,50,56550
20240208,09:44:39,2.85,1000,56550
20240208,09:45:07,2.85,50,56550
20240208,09:45:46,2.85,50,56550
20240208,09:46:38,2.85,150,56550
20240208,09:47:18,2.8,1350,55500
20240208,09:47:37,2.85,100,55500
20240208,09:47:47,2.85,50,55500
20240208,09:48:16,2.9,750,55500
20240208,09:48:36,2.8,200,55500
20240208,09:48:46,2.8,350,55500
20240208,09:49:24,2.8,50,55500
20240208,09:49:34,2.8,850,55500
20240208,09:49:43,2.85,550,55500
20240208,09:49:52,2.8,100,53600
20240208,09:50:42,2.8,2000,53600
20240208,09:51:09,2.85,200,53600
20240208,09:52:19,2.9,400,53600
20240208,09:52:26,2.9,200,53600
20240208,09:53:12,2.8,1000,53600
20240208,09:53:35,2.8,50,53600
20240208,09:53:42,2.75,100,53600
20240208,09:53:58,2.75,50,53600
20240208,09:54:19,2.85,100,53600
20240208,09:56:22,2.85,50,54750
20240208,09:56:30,2.95,50,54750
20240208,09:59:39,2.85,300,54750
20240208,09:59:55,2.85,50,54750
20240208,10:00:15,2.85,250,54750
20240208,10:00:25,2.8,50,54750
20240208,10:00:43,2.75,50,54750
20240208,10:00:53,2.75,50,54750
20240208,10:01:01,2.75,50,54750
20240208,10:01:25,2.75,50,54750
20240208,10:01:56,2.75,200,54700
20240208,10:02:04,2.75,100,54700
20240208,10:03:01,2.7,50,54700
20240208,10:03:09,2.7,750,54700
20240208,10:03:35,2.7,50,54700
20240208,10:03:46,2.7,200,54700
20240208,10:05:00,2.7,50,55100
20240208,10:05:13,2.7,250,55100
20240208,10:05:48,2.65,100,55100
20240208,10:06:29,2.65,150,55100
20240208,10:06:39,2.6,50,55100
20240208,10:07:16,2.6,50,55100
20240208,10:08:00,2.6,400,54850
20240208,10:09:13,2.6,100,54850
20240208,10:09:25,2.55,100,54850
20240208,10:09:35,2.55,50,54850
20240208,10:10:01,2.75,2250,54850
20240208,10:10:12,2.55,200,54850
20240208,10:10:22,2.55,150,54850
20240208,10:10:31,2.6,400,54850
20240208,10:10:39,2.6,50,54850
20240208,10:10:49,2.6,100,54850
20240208,10:11:24,2.6,50,54150
20240208,10:11:32,2.6,50,54150
20240208,10:11:41,2.65,50,54150
20240208,10:12:39,2.75,50,54150
20240208,10:13:18,2.9,2650,54150
20240208,10:13:26,2.8,200,54150
20240208,10:15:00,2.75,2000,52450
20240208,10:15:09,2.8,150,52450
20240208,10:15:26,2.75,50,52450
20240208,10:15:36,2.75,300,52450
20240208,10:16:08,2.85,200,52450
20240208,10:16:17,2.85,50,52450
20240208,10:16:27,2.85,100,52450
20240208,10:16:44,2.85,50,52450
20240208,10:16:52,2.85,50,53050
20240208,10:17:00,2.85,150,53050
20240208,10:17:09,2.8,100,53050
20240208,10:17:17,2.8,50,53050
20240208,10:17:25,2.85,1800,53050
20240208,10:17:33,2.8,2400,53050
20240208,10:17:41,2.85,50,53050
20240208,10:17:58,2.7,1500,53050
20240208,10:19:04,2.85,100,53050
20240208,10:19:12,2.85,50,53050
20240208,10:20:02,2.75,3200,55500
20240208,10:21:03,2.7,550,55500
20240208,10:21:52,2.65,2400,55500
20240208,10:22:03,2.65,150,55500
20240208,10:22:29,2.65,50,55500
20240208,10:22:54,2.65,250,57050
20240208,10:23:13,2.6,750,57050
20240208,10:23:46,2.65,250,57050
20240208,10:24:18,2.65,50,57050
20240208,10:24:33,2.6,750,57050
20240208,10:25:07,2.65,50,57050
20240208,10:26:21,2.55,500,56900
20240208,10:26:41,2.5,1100,56900
20240208,10:26:49,2.45,1100,56900
20240208,10:27:08,2.45,450,56900
20240208,10:28:09,2.45,50,56900
20240208,10:29:15,2.45,350,56900
20240208,10:29:31,2.45,250,56900
20240208,10:29:39,2.45,250,56900
20240208,10:29:47,2.45,300,56900
20240208,10:30:20,2.45,1500,56900
20240208,10:30:36,2.45,450,56900
20240208,10:30:43,2.45,50,56900
20240208,10:32:23,2.4,600,58500
20240208,10:34:09,2.4,200,58500
20240208,10:34:50,2.4,100,58500
20240208,10:36:17,2.4,50,58050
20240208,10:36:34,2.4,150,58050
20240208,10:36:42,2.35,600,58050
20240208,10:37:15,2.4,350,58050
20240208,10:37:39,2.4,100,58050
20240208,10:37:47,2.4,50,58050
20240208,10:38:10,2.4,250,59300
20240208,10:38:19,2.4,600,59300
20240208,10:41:27,2.35,150,59300
20240208,10:41:37,2.35,400,59300
20240208,10:41:47,2.4,400,59300
20240208,10:42:07,2.45,500,59300
20240208,10:42:17,2.45,400,59300
20240208,10:42:26,2.5,100,59300
20240208,10:43:15,2.5,50,59300
20240208,10:43:24,2.5,50,59300
20240208,10:43:55,2.55,150,59300
20240208,10:44:05,2.55,400,60200
20240208,10:44:14,2.5,250,60200
20240208,10:44:23,2.5,50,60200
20240208,10:44:32,2.5,100,60200
20240208,10:45:26,2.5,100,60200
20240208,10:45:36,2.45,50,60200
20240208,10:45:45,2.45,550,60200
20240208,10:45:55,2.45,450,60200
20240208,10:46:04,2.5,50,60200
20240208,10:46:22,2.5,50,60200
20240208,10:47:28,2.5,1350,60200
20240208,10:47:37,2.5,250,60200
20240208,10:48:13,2.55,50,60200
20240208,10:48:39,2.55,50,60200
20240208,10:49:53,2.6,150,60200
20240208,10:51:10,2.45,100,60200
20240208,10:52:16,2.6,100,60200
20240208,10:55:36,2.6,100,60200
20240208,10:56:16,2.65,750,60100
20240208,10:56:50,2.65,50,60100
20240208,10:57:52,2.75,950,60100
20240208,10:58:04,2.75,3050,60100
20240208,10:58:15,2.9,600,60100
20240208,10:58:27,2.85,100,60100
20240208,10:59:09,2.95,100,64700
20240208,10:59:28,2.9,50,64700
20240208,11:00:21,2.95,1050,64700
20240208,11:00:32,3.0,50,64700
20240208,11:00:55,3.0,1150,64700
20240208,11:01:05,3.0,200,64700
20240208,11:01:34,2.95,100,64700
20240208,11:01:43,2.95,200,64700
20240208,11:02:02,2.85,300,66150
20240208,11:02:12,2.95,100,66150
20240208,11:02:23,2.9,300,66150
20240208,11:02:33,2.95,100,66150
20240208,11:02:42,3.0,350,66150
20240208,11:02:52,3.05,350,66150
20240208,11:03:03,3.15,50,66150
20240208,11:03:14,3.25,250,66150
20240208,11:03:25,3.3,1750,66150
20240208,11:03:36,3.35,50,66150
20240208,11:03:45,3.3,150,66150
20240208,11:03:54,3.25,300,66150
20240208,11:04:05,3.25,500,66150
20240208,11:04:14,3.3,300,66150
20240208,11:04:24,3.35,950,66150
20240208,11:04:34,3.4,150,66150
20240208,11:04:43,3.5,100,66150
20240208,11:04:53,3.6,1100,66150
20240208,11:05:01,3.35,300,66150
20240208,11:05:10,3.4,50,67150
20240208,11:05:19,3.4,550,67150
20240208,11:05:27,3.45,350,67150
20240208,11:05:36,3.5,250,67150
20240208,11:05:46,3.45,50,67150
20240208,11:05:56,3.4,1900,67150
20240208,11:06:06,3.5,250,67150
20240208,11:06:15,3.4,50,67150
20240208,11:06:25,3.2,150,67150
20240208,11:06:36,3.15,600,67150
20240208,11:06:46,3.15,300,67150
20240208,11:06:56,3.15,650,67150
20240208,11:07:06,3.2,650,67150
20240208,11:07:57,3.3,150,67150
20240208,11:08:07,3.25,250,67850
20240208,11:08:16,3.3,1550,67850
20240208,11:08:25,3.35,450,67850
20240208,11:08:35,3.6,750,67850
20240208,11:08:45,3.75,1050,67850
20240208,11:08:55,3.8,350,67850
20240208,11:09:04,3.85,350,67850
20240208,11:09:13,3.85,4800,67850
20240208,11:09:22,3.75,900,67850
20240208,11:09:32,3.8,1150,67850
20240208,11:09:41,3.95,700,67850
20240208,11:09:51,3.95,100,67850
20240208,11:10:00,4.05,950,67850
20240208,11:10:09,4.25,1100,67850
20240208,11:10:19,4.4,250,67850
20240208,11:10:28,4.45,400,67850
20240208,11:10:38,4.55,200,67850
20240208,11:10:46,4.55,250,67850
20240208,11:10:55,4.45,300,67850
20240208,11:11:04,4.4,50,67850
20240208,11:11:12,4.35,100,69550
20240208,11:11:22,4.3,50,69550
20240208,11:11:41,4.15,50,69550
20240208,11:11:50,4.25,450,69550
20240208,11:12:27,4.15,150,69550
20240208,11:12:36,4.15,1350,69550
20240208,11:12:54,4.25,1950,69550
20240208,11:13:02,4.3,350,69550
20240208,11:13:12,4.25,50,69550
20240208,11:13:20,4.3,800,69550
20240208,11:13:29,4.3,1950,69550
20240208,11:13:54,4.3,550,69550
20240208,11:14:03,4.25,50,70300
20240208,11:14:12,4.3,200,70300
20240208,11:14:21,4.35,550,70300
20240208,11:14:29,4.25,1000,70300
20240208,11:15:27,4.5,250,70300
20240208,11:15:36,4.55,50,70300
20240208,11:15:45,4.65,50,70300
20240208,11:15:54,4.65,850,70300
20240208,11:16:10,4.6,50,70300
20240208,11:16:45,4.4,150,70300
20240208,11:17:02,4.35,5950,72400
20240208,11:17:10,4.2,700,72400
20240208,11:17:28,4.25,2700,72400
20240208,11:18:00,4.4,500,72400
20240208,11:18:32,4.3,100,72400
20240208,11:18:57,4.1,300,72400
20240208,11:19:05,4.1,100,72400
20240208,11:19:14,4.05,50,72400
20240208,11:19:22,4.0,1400,72400
20240208,11:19:39,3.95,50,72400
20240208,11:19:47,4.0,100,72400
20240208,11:20:54,3.95,150,72050
20240208,11:21:02,4.0,100,72050
20240208,11:21:19,3.9,150,72050
20240208,11:21:28,3.95,1350,72050
20240208,11:22:17,3.8,200,72050
20240208,11:22:51,3.85,2350,72050
20240208,11:23:06,3.9,400,73000
20240208,11:23:21,3.85,100,73000
20240208,11:23:29,3.85,150,73000
20240208,11:23:38,3.85,50,73000
20240208,11:24:10,3.95,50,73000
20240208,11:25:12,3.9,50,73000
20240208,11:25:38,3.8,150,73000
20240208,11:25:48,3.8,50,73000
20240208,11:25:56,3.75,50,73000
20240208,11:27:29,3.5,100,73350
20240208,11:28:06,3.5,200,73350
20240208,11:28:41,3.35,450,73350
20240208,11:28:50,3.35,50,73350
20240208,11:28:59,3.25,250,73350
20240208,11:29:09,3.1,1000,73550
20240208,11:29:18,3.25,100,73550
20240208,11:29:26,3.3,2050,73550
20240208,11:29:33,3.3,400,73550
20240208,11:29:58,3.3,50,73550
20240208,11:30:06,3.3,50,73550
20240208,11:30:15,3.25,400,73550
20240208,11:31:54,3.25,50,73550
20240208,11:32:03,3.25,300,73550
20240208,11:32:18,3.35,100,71600
20240208,11:32:34,3.4,50,71600
20240208,11:32:42,3.4,50,71600
20240208,11:32:50,3.4,50,71600
20240208,11:32:59,3.35,100,71600
20240208,11:33:14,3.45,50,71600
20240208,11:34:35,3.5,300,71600
20240208,11:34:44,3.5,200,71600
20240208,11:34:51,3.4,50,71600
20240208,11:34:59,3.55,200,71600
20240208,11:35:37,3.55,100,71700
20240208,11:36:00,3.5,50,71700
20240208,11:36:08,3.5,50,71700
20240208,11:37:16,3.4,900,71700
20240208,11:37:24,3.4,50,71700
20240208,11:37:56,3.3,50,71700
20240208,11:38:12,3.35,50,72750
20240208,11:38:28,3.45,50,72750
20240208,11:39:26,3.4,250,72750
20240208,11:39:33,3.35,50,72750
20240208,11:40:54,3.45,50,72750
20240208,11:42:24,3.45,50,72550
20240208,11:42:38,3.4,200,72550
20240208,11:43:25,3.25,400,72550
20240208,11:44:24,3.25,300,73150
20240208,11:44:32,3.1,50,73150
20240208,11:44:45,3.1,50,73150
20240208,11:45:55,3.25,150,73150
20240208,11:46:08,3.3,50,73150
20240208,11:46:56,3.15,850,73150
20240208,11:47:16,3.1,550,73950
20240208,11:48:12,3.15,500,73950
20240208,11:48:25,3.05,50,73950
20240208,11:49:24,3.0,100,73950
20240208,11:49:39,3.0,50,73950
20240208,11:51:51,3.1,50,74650
20240208,11:52:19,2.95,100,74650
20240208,11:52:34,3.1,100,74650
20240208,11:52:51,3.0,50,74650
20240208,11:52:59,3.0,50,74650
20240208,11:53:14,3.05,100,74650
20240208,11:53:22,3.05,250,74650
20240208,11:53:30,3.05,50,74650
20240208,11:53:39,3.0,250,74650
20240208,11:53:56,3.0,50,74650
20240208,11:54:05,2.95,500,74650
20240208,11:54:15,2.95,350,74650
20240208,11:54:24,2.95,100,74650
20240208,11:55:11,2.95,2000,74650
20240208,11:55:18,2.95,1000,74650
20240208,11:55:34,2.95,550,74650
20240208,11:55:51,2.95,900,74650
20240208,11:56:13,2.95,50,79100
20240208,11:56:21,3.0,1300,79100
20240208,11:56:28,3.05,1050,79100
20240208,11:56:36,3.05,500,79100
20240208,11:57:13,3.05,500,79100
20240208,11:57:29,3.15,250,79100
20240208,11:57:37,3.1,150,79100
20240208,11:57:45,3.1,200,79100
20240208,11:58:01,3.1,100,79100
20240208,11:58:18,3.1,50,79100
20240208,11:58:48,3.1,1050,79100
20240208,11:59:05,3.1,250,79100
20240208,11:59:38,3.1,4250,77850
20240208,11:59:46,3.05,5200,77850
20240208,11:59:54,3.1,250,77850
20240208,12:00:25,3.05,100,77850
20240208,12:01:04,3.1,1000,77850
20240208,12:02:29,3.15,50,87650
20240208,12:02:55,3.25,100,87650
20240208,12:03:03,3.15,50,87650
20240208,12:03:12,3.05,1500,87650
20240208,12:03:20,3.1,500,87650
20240208,12:04:18,3.0,500,87650
20240208,12:04:26,3.0,700,87650
20240208,12:05:02,3.05,100,87650
20240208,12:05:46,2.95,1000,89050
20240208,12:05:53,2.95,200,89050
20240208,12:06:23,2.9,50,89050
20240208,12:06:37,2.9,50,89050
20240208,12:06:45,2.9,300,89050
20240208,12:07:06,2.9,50,89050
20240208,12:07:59,2.85,650,89050
20240208,12:08:06,2.9,50,89050
20240208,12:08:12,2.9,550,89500
20240208,12:08:19,2.9,300,89500
20240208,12:08:26,2.9,200,89500
20240208,12:08:32,2.9,5000,89500
20240208,12:08:50,2.9,800,89500
20240208,12:08:57,2.9,500,89500
20240208,12:09:09,2.9,1400,89500
20240208,12:10:26,2.9,150,89500
20240208,12:11:20,2.95,1100,89800
20240208,12:11:31,2.95,500,89800
20240208,12:11:56,2.9,1800,89800
20240208,12:13:05,2.9,150,89800
20240208,12:13:15,2.95,150,89800
20240208,12:13:24,2.9,150,89800
20240208,12:15:02,2.9,200,89250
20240208,12:15:52,2.85,50,89250
20240208,12:17:19,2.8,750,89250
20240208,12:17:53,2.85,300,89250
20240208,12:17:59,2.85,50,89250
20240208,12:18:04,2.85,50,89250
20240208,12:18:10,2.9,150,89250
20240208,12:18:15,2.85,50,89250
20240208,12:18:20,2.9,100,89250
20240208,12:18:26,2.9,200,89250
20240208,12:18:32,2.85,100,89250
20240208,12:18:44,2.9,100,89250
20240208,12:18:49,2.9,150,89250
20240208,12:18:54,2.9,150,89250
20240208,12:19:06,2.9,300,89250
20240208,12:19:12,2.9,250,89250
20240208,12:19:17,2.9,200,89250
20240208,12:19:33,2.9,150,89250
20240208,12:20:14,2.85,50,89250
20240208,12:20:20,2.9,150,89250
20240208,12:20:27,2.9,300,89250
20240208,12:21:22,2.95,250,89250
20240208,12:21:28,2.95,100,89250
20240208,12:22:18,3.0,50,89250
20240208,12:22:25,3.0,500,89250
20240208,12:22:58,3.05,50,89250
20240208,12:23:18,3.1,100,89500
20240208,12:23:46,3.1,50,89500
20240208,12:23:53,3.15,1200,89500
20240208,12:24:19,3.15,150,89500
20240208,12:24:25,3.2,50,89500
20240208,12:25:46,3.1,300,89500
20240208,12:26:05,3.1,200,89500
20240208,12:26:12,3.15,200,89500
20240208,12:26:50,3.1,100,89900
20240208,12:28:00,3.1,250,89900
20240208,12:28:06,3.1,400,89900
20240208,12:29:04,3.15,50,89900
20240208,12:29:15,3.15,350,89950
20240208,12:31:30,3.25,300,89950
20240208,12:31:37,3.2,150,89950
20240208,12:31:50,3.2,900,89950
20240208,12:32:08,3.2,650,89950
20240208,12:32:45,3.15,2000,89300
20240208,12:33:02,3.15,500,89300
20240208,12:33:45,3.15,500,89300
20240208,12:35:06,3.05,500,89300
20240208,12:37:07,3.15,350,92300
