date,time,tick_price,volume,open_interest
20240124,10:36:43,3.05,200,200
20240124,10:40:04,3.05,900,200
20240124,10:47:13,3.0,5000,1100
20240124,10:54:26,3.0,500,6100
20240124,10:55:58,3.05,1800,6100
20240124,10:56:31,3.05,200,6100
20240124,11:00:04,3.05,1250,8600
20240124,11:00:13,3.05,1250,8600
20240124,11:00:38,3.4,650,8600
20240124,11:03:01,3.4,350,11750
20240124,11:03:49,3.4,200,11750
20240124,11:06:27,3.4,400,12300
20240124,11:06:35,3.35,150,12300
20240124,11:06:43,3.35,250,12300
20240124,11:07:05,3.35,250,12300
20240124,11:07:13,3.35,250,12300
20240124,11:07:22,3.35,500,12300
20240124,11:10:32,3.2,350,12050
20240124,11:10:40,3.4,50,12050
20240124,11:12:01,3.35,50,12050
20240124,11:12:18,3.3,100,12450
20240124,11:14:05,3.35,750,12450
20240124,11:14:29,3.35,50,12450
20240124,11:14:36,3.35,500,12450
20240124,11:16:06,3.35,50,12450
20240124,11:20:57,3.35,300,12450
20240124,11:21:24,3.4,50,12750
20240124,11:21:38,3.4,100,12750
20240124,11:22:57,3.45,50,12750
20240124,11:23:04,3.5,1450,12750
20240124,11:23:47,3.55,50,12750
20240124,11:25:13,3.55,50,14200
20240124,11:25:28,3.55,250,14200
20240124,11:26:01,3.7,100,14200
20240124,11:26:11,3.7,600,14200
20240124,11:26:19,3.75,300,14200
20240124,11:26:46,3.8,50,14200
20240124,11:29:00,3.8,150,15250
20240124,11:29:43,3.85,50,15250
20240124,11:30:35,3.85,100,15450
20240124,11:30:53,3.8,50,15450
20240124,11:31:02,3.8,1750,15450
20240124,11:33:25,4.0,1250,14300
20240124,11:34:26,4.15,50,14300
20240124,11:35:27,4.25,100,14300
20240124,11:36:00,4.25,100,14300
20240124,11:36:09,3.9,150,13400
20240124,11:36:28,3.85,50,13400
20240124,11:36:46,3.7,50,13400
20240124,11:36:56,3.7,50,13400
20240124,11:37:49,3.75,50,13400
20240124,11:38:06,3.4,850,13400
20240124,11:38:32,4.15,100,13400
20240124,11:44:36,4.1,4250,13650
20240124,11:45:01,3.7,1400,17500
20240124,11:45:23,3.9,100,17500
20240124,11:45:31,3.9,50,17500
20240124,11:45:47,3.9,50,17500
20240124,11:45:56,3.9,150,17500
20240124,11:46:56,3.85,50,17500
20240124,11:47:05,3.85,950,17500
20240124,11:48:45,4.05,100,16900
20240124,11:50:10,3.95,50,16900
20240124,11:51:00,3.9,1000,16900
20240124,11:51:16,3.95,250,16850
20240124,11:51:24,3.8,1000,16850
20240124,11:51:40,3.8,250,16850
20240124,11:51:57,3.8,250,16850
20240124,11:52:21,3.75,50,16850
20240124,11:53:07,3.8,400,16850
20240124,11:54:25,3.8,100,17750
20240124,11:54:50,3.75,100,17750
20240124,11:55:15,3.8,50,17750
20240124,11:55:52,3.75,50,17750
20240124,11:56:07,3.8,1450,17750
20240124,11:56:16,3.8,1650,17750
20240124,11:57:10,3.8,250,18250
20240124,11:58:04,3.95,50,18250
20240124,11:59:18,3.8,50,18250
20240124,12:00:07,3.8,50,18300
20240124,12:00:15,3.8,300,18300
20240124,12:00:38,3.85,50,18300
20240124,12:03:10,4.0,250,18150
20240124,12:05:19,4.25,50,18150
20240124,12:06:19,4.15,1000,18150
20240124,12:07:13,3.85,500,18150
20240124,12:10:58,3.95,50,17800
20240124,12:11:32,3.95,200,17800
20240124,12:11:41,3.95,200,17800
20240124,12:11:49,3.85,200,17800
20240124,12:12:13,4.05,500,18300
20240124,12:12:21,4.0,1000,18300
20240124,12:12:37,4.05,2000,18300
20240124,12:12:54,4.1,2000,18300
20240124,12:13:02,4.1,1400,18300
20240124,12:13:19,4.15,50,18300
20240124,12:13:27,4.05,200,18300
20240124,12:13:42,4.1,5700,18300
20240124,12:13:50,4.1,2050,18300
20240124,12:13:57,4.05,1200,18300
20240124,12:14:12,4.05,100,18300
20240124,12:14:28,4.05,200,18300
20240124,12:14:36,4.05,1600,18300
20240124,12:15:09,4.0,1000,34450
20240124,12:15:17,4.1,150,34450
20240124,12:15:25,4.1,150,34450
20240124,12:15:49,4.2,1000,34450
20240124,12:16:29,4.15,150,34450
20240124,12:17:50,4.05,1150,34450
20240124,12:18:33,4.05,50,35450
20240124,12:19:14,4.15,100,35450
20240124,12:19:49,3.9,250,35450
20240124,12:20:08,3.8,250,35450
20240124,12:20:25,3.85,50,35450
20240124,12:20:34,3.95,50,35450
20240124,12:20:52,3.95,50,35450
20240124,12:21:00,3.95,100,35450
20240124,12:21:17,3.95,50,35650
20240124,12:21:25,4.0,50,35650
20240124,12:21:32,4.05,50,35650
20240124,12:22:15,4.1,100,35650
20240124,12:22:24,4.3,100,35650
20240124,12:23:12,4.3,50,35650
20240124,12:26:06,4.3,50,35650
20240124,12:26:14,4.3,50,35650
20240124,12:26:22,4.3,150,35650
20240124,12:26:29,4.3,50,35650
20240124,12:26:36,4.3,200,35650
20240124,12:26:43,4.3,200,35650
20240124,12:26:50,4.35,100,35650
20240124,12:26:57,4.35,100,35650
20240124,12:27:05,4.3,1050,35650
20240124,12:27:20,4.35,50,34850
20240124,12:28:00,4.5,350,34850
20240124,12:28:08,4.5,100,34850
20240124,12:28:39,4.5,50,34850
20240124,12:29:05,4.3,50,34850
20240124,12:29:14,4.15,100,34850
20240124,12:30:15,4.2,50,34600
20240124,12:32:07,4.2,800,34600
20240124,12:32:16,4.3,50,34600
20240124,12:34:14,4.35,50,34750
20240124,12:34:29,4.55,500,34750
20240124,12:35:18,4.55,50,34750
20240124,12:35:33,4.3,50,34750
20240124,12:37:09,4.4,150,34750
20240124,12:37:49,4.6,50,34750
20240124,12:37:56,4.6,50,34750
20240124,12:38:03,4.45,50,34750
20240124,12:38:34,4.4,50,34750
20240124,12:38:41,4.5,100,34750
20240124,12:40:16,4.7,150,34600
20240124,12:40:33,4.35,50,34600
20240124,12:40:49,4.35,300,34600
20240124,12:42:15,4.3,700,34850
20240124,12:42:24,4.4,300,34850
20240124,12:44:06,4.3,100,34850
20240124,12:46:26,4.15,250,34950
20240124,12:46:35,4.1,300,34950
20240124,12:48:02,4.25,50,34950
20240124,12:48:32,4.2,50,34800
20240124,12:49:13,4.1,150,34800
20240124,12:49:29,4.05,200,34800
20240124,12:49:46,3.85,150,34800
20240124,12:50:11,3.85,50,34800
20240124,12:50:18,3.8,50,34800
20240124,12:51:43,3.6,50,34600
20240124,12:51:51,3.65,50,34600
20240124,12:51:59,3.6,100,34600
20240124,12:52:08,3.6,150,34600
20240124,12:53:49,3.85,50,34600
20240124,12:54:13,3.9,50,34650
20240124,12:54:21,3.9,50,34650
20240124,12:56:06,4.0,50,34650
20240124,12:57:03,3.95,50,34650
20240124,12:57:26,3.9,400,34800
20240124,12:57:34,4.0,50,34800
20240124,12:58:10,3.85,550,34800
20240124,12:58:26,3.8,50,34800
20240124,12:58:59,3.85,50,34800
20240124,12:59:14,3.9,50,34800
20240124,13:01:11,3.6,200,34600
20240124,13:02:34,3.55,50,34600
20240124,13:04:08,3.5,50,34400
20240124,13:05:02,3.65,50,34400
20240124,13:06:08,3.7,50,34400
20240124,13:06:43,3.7,100,34500
20240124,13:06:52,3.7,50,34500
20240124,13:07:09,3.7,50,34500
20240124,13:07:48,3.95,50,34500
20240124,13:08:43,3.75,550,34500
20240124,13:09:05,3.8,450,34500
20240124,13:10:52,3.75,300,35150
20240124,13:11:00,3.8,50,35150
20240124,13:11:26,3.8,50,35150
20240124,13:11:35,3.9,250,35150
20240124,13:12:31,3.75,50,35100
20240124,13:13:35,3.75,200,35100
20240124,13:16:02,3.8,400,35000
20240124,13:16:55,3.85,200,35000
20240124,13:17:04,3.85,300,35000
20240124,13:17:58,3.9,50,35000
20240124,13:18:51,3.75,50,34850
20240124,13:19:24,3.7,650,34850
20240124,13:19:32,3.7,50,34850
20240124,13:19:41,3.7,100,34850
20240124,13:21:06,3.75,100,34850
20240124,13:23:28,3.8,450,34950
20240124,13:24:37,3.9,50,35200
20240124,13:25:57,3.85,700,35200
20240124,13:26:12,3.9,50,35200
20240124,13:26:42,3.95,1000,35200
20240124,13:27:27,3.85,500,36900
20240124,13:27:34,3.85,1150,36900
20240124,13:27:43,3.8,650,36900
20240124,13:27:52,3.8,550,36900
20240124,13:29:25,3.9,500,36900
20240124,13:29:47,3.9,100,36900
20240124,13:31:23,3.9,1100,37900
20240124,13:31:39,3.9,150,37900
20240124,13:32:25,3.9,100,37900
20240124,13:33:00,3.95,700,37900
20240124,13:33:22,3.95,450,37900
20240124,13:33:51,3.9,50,39250
20240124,13:34:05,3.85,700,39250
20240124,13:35:12,3.8,150,39250
20240124,13:35:19,3.75,50,39250
20240124,13:35:56,3.85,100,39250
20240124,13:37:15,3.75,250,38700
20240124,13:37:31,3.85,500,38700
20240124,13:38:44,3.75,900,38700
20240124,13:38:59,3.85,550,38700
20240124,13:39:13,3.8,50,38700
20240124,13:41:37,3.8,750,39550
20240124,13:42:49,3.75,1200,39700
20240124,13:42:56,3.8,100,39700
20240124,13:44:10,3.85,100,39700
20240124,13:44:42,3.85,300,39700
20240124,13:45:55,3.7,300,39900
20240124,13:47:56,3.7,50,39900
20240124,13:48:10,3.65,50,39900
20240124,13:48:54,3.65,550,39600
20240124,13:49:09,3.65,500,39600
20240124,13:49:25,3.65,500,39600
20240124,13:51:18,3.6,50,39600
20240124,13:52:52,3.6,700,40300
20240124,13:54:00,3.55,400,40300
20240124,13:54:07,3.55,250,40300
20240124,13:55:24,3.65,50,40800
20240124,13:56:52,3.6,50,40800
20240124,13:58:12,3.6,100,40850
20240124,13:59:03,3.55,100,40850
20240124,14:00:31,3.55,50,40850
20240124,14:00:46,3.6,500,40850
20240124,14:02:43,3.6,100,40850
20240124,14:03:12,3.6,1000,40850
20240124,14:03:34,3.55,50,42450
20240124,14:03:42,3.55,350,42450
20240124,14:04:05,3.55,50,42450
20240124,14:04:50,3.6,100,42450
20240124,14:05:13,3.55,50,42450
20240124,14:05:20,3.55,700,42450
20240124,14:05:47,3.5,950,42450
20240124,14:05:55,3.5,300,42450
20240124,14:06:03,3.5,50,42450
20240124,14:06:42,3.5,100,42850
20240124,14:06:50,3.5,550,42850
20240124,14:08:38,3.6,50,42850
20240124,14:09:42,3.65,350,42900
20240124,14:10:21,3.65,50,42900
20240124,14:10:45,3.7,250,42900
20240124,14:10:53,3.7,400,42900
20240124,14:12:04,3.7,250,42900
20240124,14:12:11,3.7,150,42900
20240124,14:12:19,3.7,250,42900
20240124,14:13:14,3.65,100,42950
20240124,14:13:58,3.65,100,42950
20240124,14:15:13,3.65,50,42950
20240124,14:16:20,3.6,300,42950
20240124,14:16:37,3.55,1450,42950
20240124,14:16:52,3.55,250,42950
20240124,14:17:07,3.55,250,42950
20240124,14:17:35,3.55,250,42950
20240124,14:17:42,3.45,2800,42950
20240124,14:18:46,3.4,200,47400
20240124,14:18:53,3.45,1750,47400
20240124,14:19:46,3.5,50,47400
20240124,14:19:54,3.5,50,47400
20240124,14:20:16,3.45,50,47400
20240124,14:23:21,3.45,350,48400
20240124,14:23:55,3.45,100,48400
20240124,14:24:27,3.4,50,48400
20240124,14:24:51,3.45,200,48400
20240124,14:27:59,3.35,200,48250
20240124,14:28:25,3.3,200,48250
20240124,14:29:16,3.3,350,48250
20240124,14:29:40,3.3,900,48250
20240124,14:30:20,3.35,50,48250
20240124,14:30:36,3.3,450,49250
20240124,14:30:44,3.3,50,49250
20240124,14:30:53,3.3,50,49250
20240124,14:31:01,3.3,250,49250
20240124,14:31:10,3.3,450,49250
20240124,14:31:18,3.2,1800,49250
20240124,14:31:43,3.35,100,49250
20240124,14:31:51,3.35,100,49250
20240124,14:32:00,3.25,1800,49250
20240124,14:32:16,3.2,1800,49250
20240124,14:32:23,3.25,50,49250
20240124,14:33:27,3.2,700,54200
20240124,14:33:35,3.15,50,54200
20240124,14:33:42,3.15,900,54200
20240124,14:34:29,3.1,50,54200
20240124,14:34:54,3.1,550,54200
20240124,14:35:36,3.05,1150,54200
20240124,14:35:45,3.05,1600,54200
20240124,14:35:54,3.0,200,54200
20240124,14:36:12,2.95,500,54200
20240124,14:36:53,2.95,50,57950
20240124,14:37:51,3.0,650,57950
20240124,14:38:54,2.95,450,57950
20240124,14:39:25,2.95,50,57950
20240124,14:39:56,2.9,400,57800
20240124,14:40:13,2.9,100,57800
20240124,14:40:20,2.95,150,57800
20240124,14:40:35,2.9,150,57800
20240124,14:40:44,2.9,50,57800
20240124,14:41:09,2.9,400,57800
20240124,14:41:18,2.85,50,57800
20240124,14:41:27,2.85,100,57800
20240124,14:42:02,2.85,150,57800
20240124,14:42:18,2.8,50,57800
20240124,14:43:06,2.8,50,57800
20240124,14:43:14,2.8,50,57800
20240124,14:43:23,2.75,100,57800
20240124,14:43:32,2.7,50,57800
20240124,14:45:22,2.7,50,57800
20240124,14:45:37,2.65,100,57800
20240124,14:46:54,2.65,100,57800
20240124,14:47:36,2.75,700,57800
20240124,14:47:44,2.75,900,57800
20240124,14:48:01,2.75,50,57800
20240124,14:48:27,2.8,50,57800
20240124,14:48:35,2.85,50,58850
20240124,14:48:44,2.85,450,58850
20240124,14:49:36,2.9,50,58850
20240124,14:49:55,2.75,150,58850
20240124,14:50:05,2.8,50,58850
20240124,14:50:22,2.7,50,58850
20240124,14:50:31,2.8,50,58850
20240124,14:51:55,2.8,500,59200
20240124,14:52:11,2.85,500,59200
20240124,14:52:20,2.85,50,59200
20240124,14:53:35,2.8,300,59200
20240124,14:53:43,2.75,250,59200
20240124,14:53:59,2.8,100,59200
20240124,14:54:16,2.8,100,59200
20240124,14:54:40,2.75,500,59450
20240124,14:55:05,2.75,250,59450
20240124,14:55:14,2.8,50,59450
20240124,14:55:22,2.85,1000,59450
20240124,14:55:46,2.85,350,59450
20240124,14:56:11,2.8,250,59450
20240124,14:57:12,2.8,150,59450
20240124,14:57:21,2.75,100,59450
20240124,14:57:52,2.85,50,58250
20240124,14:58:48,2.8,50,58250
20240124,14:58:57,2.8,50,58250
20240124,14:59:13,2.75,250,58250
20240124,14:59:45,2.75,300,58250
20240124,14:59:53,2.75,900,58250
20240124,15:00:11,2.65,550,58250
20240124,15:00:20,2.55,200,58250
20240124,15:00:46,2.55,100,57250
20240124,15:01:13,2.55,50,57250
20240124,15:01:21,2.55,50,57250
20240124,15:01:29,2.6,100,57250
20240124,15:01:37,2.5,150,57250
20240124,15:01:45,2.5,300,57250
20240124,15:02:02,2.5,100,57250
20240124,15:02:10,2.55,250,57250
20240124,15:03:04,2.6,50,57250
20240124,15:03:13,2.6,300,57250
20240124,15:03:32,2.75,100,57250
20240124,15:04:05,2.6,100,57550
20240124,15:04:15,2.55,250,57550
20240124,15:04:24,2.55,2200,57550
20240124,15:06:32,2.5,100,55800
20240124,15:06:56,2.55,100,55800
20240124,15:07:37,2.5,100,55800
20240124,15:08:02,2.65,1650,55800
20240124,15:08:10,2.7,850,55800
20240124,15:08:18,2.7,250,55800
20240124,15:08:34,2.7,1150,55800
20240124,15:08:42,2.7,50,55800
20240124,15:08:50,2.65,1650,55800
20240124,15:09:15,2.7,1150,55800
20240124,15:09:48,2.7,250,57850
20240124,15:09:56,2.7,500,57850
20240124,15:10:04,2.7,1200,57850
20240124,15:10:12,2.65,2350,57850
20240124,15:10:20,2.65,100,57850
20240124,15:10:28,2.65,100,57850
20240124,15:10:36,2.65,450,57850
20240124,15:10:59,2.7,50,57850
20240124,15:11:07,2.7,100,57850
20240124,15:11:15,2.7,1000,57850
20240124,15:11:22,2.7,2300,57850
20240124,15:11:38,2.75,50,57850
20240124,15:12:01,2.7,350,57850
20240124,15:12:09,2.7,1300,57850
20240124,15:12:25,2.7,950,57850
20240124,15:12:55,2.7,400,65050
20240124,15:13:02,2.7,200,65050
20240124,15:13:33,2.75,600,65050
20240124,15:13:41,2.7,100,65050
20240124,15:14:12,2.7,750,65050
20240124,15:14:20,2.7,50,65050
20240124,15:14:36,2.7,100,65050
20240124,15:14:52,2.7,1100,65050
20240124,15:15:24,2.7,50,65050
20240124,15:15:32,2.7,150,65350
20240124,15:15:40,2.7,450,65350
20240124,15:15:49,2.7,600,65350
20240124,15:15:58,2.7,50,65350
20240124,15:16:07,2.7,350,65350
20240124,15:16:15,2.7,50,65350
20240124,15:16:23,2.7,400,65350
20240124,15:16:48,2.7,100,65350
20240124,15:17:28,2.7,50,65350
20240124,15:17:36,2.7,300,65350
20240124,15:17:43,2.7,250,65350
20240124,15:17:59,2.7,250,65350
20240124,15:18:15,2.75,450,65350
20240124,15:18:31,2.7,250,66950
20240124,15:18:46,2.7,50,66950
20240124,15:18:54,2.7,50,66950
20240124,15:19:01,2.7,50,66950
20240124,15:19:09,2.75,50,66950
20240124,15:19:17,2.7,350,66950
20240124,15:19:24,2.7,50,66950
20240124,15:19:32,2.7,300,66950
20240124,15:19:40,2.7,100,66950
20240124,15:19:56,2.75,450,66950
20240124,15:20:05,2.7,50,66950
20240124,15:20:21,2.7,400,66950
20240124,15:20:36,2.7,250,66950
20240124,15:20:44,2.75,50,66950
20240124,15:20:52,2.75,50,66950
20240124,15:21:08,2.7,300,66950
20240124,15:21:40,2.6,6650,69650
20240124,15:21:47,2.55,1600,69650
20240124,15:21:55,2.55,6250,69650
20240124,15:22:04,2.65,3800,69650
20240124,15:22:12,2.65,5250,69650
20240124,15:22:20,2.7,5450,69650
20240124,15:22:28,2.7,500,69650
20240124,15:22:44,2.7,50,69650
20240124,15:23:07,2.75,1500,69650
20240124,15:23:31,2.7,850,69650
20240124,15:23:47,2.7,50,69650
20240124,15:23:54,2.6,150,69650
20240124,15:24:02,2.65,450,69650
20240124,15:24:27,2.65,4950,69650
20240124,15:24:43,2.65,50,96100
20240124,15:24:51,2.65,450,96100
20240124,15:24:59,2.65,1150,96100
20240124,15:25:07,2.75,2700,96100
20240124,15:25:14,2.65,650,96100
20240124,15:25:22,2.6,4600,96100
20240124,15:25:30,2.55,400,96100
20240124,15:25:45,2.65,350,96100
20240124,15:25:53,2.65,7850,96100
20240124,15:26:01,2.65,4250,96100
20240124,15:26:09,2.65,2600,96100
20240124,15:26:16,2.65,1450,96100
20240124,15:26:23,2.65,1300,96100
20240124,15:26:31,2.65,2150,96100
20240124,15:26:38,2.65,1100,96100
20240124,15:26:46,2.6,100,96100
20240124,15:26:54,2.6,1150,96100
20240124,15:27:02,2.6,2750,96100
20240124,15:27:11,2.6,2550,96100
20240124,15:27:19,2.6,850,96100
20240124,15:27:27,2.6,250,96100
20240124,15:27:44,2.6,850,125850
20240124,15:28:01,2.6,150,125850
20240124,15:28:10,2.6,1000,125850
20240124,15:28:18,2.55,350,125850
20240124,15:28:34,2.55,100,125850
20240124,15:28:43,2.65,4000,125850
20240124,15:28:51,2.65,750,125850
20240124,15:28:59,2.65,6550,125850
20240124,15:29:08,2.7,950,125850
20240124,15:29:24,2.6,250,125850
20240124,15:29:33,2.55,350,125850
20240124,15:29:42,2.55,350,125850
20240124,15:29:51,2.5,250,125850
20240124,15:30:00,2.5,1850,125850
20240125,09:15:07,2.5,1,134750
20240125,09:15:07,2.5,1150,134750
20240125,09:15:18,2.45,1500,134750
20240125,09:15:27,2.45,300,134750
20240125,09:15:55,2.75,200,134750
20240125,09:16:04,2.6,500,134750
20240125,09:16:23,2.4,100,134750
20240125,09:16:49,2.35,600,134750
20240125,09:17:07,2.45,100,134750
20240125,09:17:40,2.45,400,134750
20240125,09:18:36,2.45,1000,137500
20240125,09:18:45,2.45,1800,137500
20240125,09:18:54,2.5,100,137500
20240125,09:19:03,2.5,2400,137500
20240125,09:19:13,2.6,4850,137500
20240125,09:19:22,2.6,50,137500
20240125,09:19:32,2.6,550,137500
20240125,09:19:49,2.6,50,137500
20240125,09:19:56,2.6,300,137500
20240125,09:20:05,2.6,1800,137500
20240125,09:20:14,2.55,500,137500
20240125,09:21:08,2.55,150,148950
20240125,09:21:16,2.55,50,148950
20240125,09:21:25,2.6,100,148950
20240125,09:21:41,2.6,1350,148950
20240125,09:21:56,2.65,100,148950
20240125,09:22:04,2.65,100,148950
20240125,09:22:20,2.7,250,148950
20240125,09:22:30,2.6,1450,148950
20240125,09:22:39,2.7,250,148950
20240125,09:22:48,2.7,400,148950
20240125,09:23:12,2.75,1300,148950
20240125,09:23:21,2.8,50,148950
20240125,09:23:37,2.9,650,148950
20240125,09:23:46,2.95,150,148950
20240125,09:23:56,2.95,50,148950
20240125,09:24:06,2.9,2600,149500
20240125,09:24:16,3.0,1300,149500
20240125,09:24:25,3.0,300,149500
20240125,09:24:33,3.05,150,149500
20240125,09:24:40,3.05,800,149500
20240125,09:24:48,3.1,2650,149500
20240125,09:24:57,3.1,500,149500
20240125,09:25:06,3.2,1500,149500
20240125,09:25:16,3.2,2800,149500
20240125,09:25:26,3.2,500,149500
20240125,09:25:35,3.15,250,149500
20240125,09:25:44,3.15,2550,149500
20240125,09:25:52,3.1,2400,149500
20240125,09:26:00,3.05,3200,149500
20240125,09:26:09,3.05,50,149500
20240125,09:26:17,3.0,150,149500
20240125,09:26:27,3.05,100,149500
20240125,09:26:44,3.0,800,149500
20240125,09:26:54,2.95,1050,147000
20240125,09:27:03,3.0,750,147000
20240125,09:27:22,2.95,550,147000
20240125,09:27:31,3.0,50,147000
20240125,09:27:48,2.85,350,147000
20240125,09:27:58,2.85,50,147000
20240125,09:28:07,2.85,50,147000
20240125,09:28:17,2.85,2050,147000
20240125,09:28:26,2.85,50,147000
20240125,09:28:45,2.85,100,147000
20240125,09:28:54,2.85,50,147000
20240125,09:29:03,2.85,100,147000
20240125,09:29:13,2.8,150,147000
20240125,09:29:22,2.8,50,147000
20240125,09:29:29,2.8,550,147000
20240125,09:29:51,2.8,500,147000
20240125,09:29:59,2.85,50,147000
20240125,09:30:23,2.7,4000,148450
20240125,09:30:40,2.8,1100,148450
20240125,09:30:55,2.75,1450,148450
20240125,09:31:03,2.75,150,148450
20240125,09:31:25,2.75,50,148450
20240125,09:31:34,2.75,1000,148450
20240125,09:31:43,2.75,150,148450
20240125,09:31:53,2.75,250,148450
20240125,09:32:02,2.75,50,148450
20240125,09:32:11,2.75,400,148450
20240125,09:32:21,2.7,2250,148450
20240125,09:32:29,2.65,500,148450
20240125,09:32:37,2.65,1450,148450
20240125,09:32:47,2.7,2250,148450
20240125,09:32:55,2.65,1250,153400
20240125,09:33:04,2.7,4950,153400
20240125,09:33:13,2.7,900,153400
20240125,09:33:21,2.7,650,153400
20240125,09:33:29,2.7,2100,153400
20240125,09:33:36,2.7,1950,153400
20240125,09:33:43,2.7,7750,153400
20240125,09:33:52,2.7,200,153400
20240125,09:33:59,2.7,950,153400
20240125,09:34:06,2.75,2700,153400
20240125,09:34:14,2.75,5550,153400
20240125,09:34:24,2.7,800,153400
20240125,09:34:33,2.75,3100,153400
20240125,09:34:41,2.75,4800,153400
20240125,09:34:50,2.75,1250,153400
20240125,09:35:00,2.75,1250,153400
20240125,09:35:08,2.75,50,153400
20240125,09:35:18,2.75,1900,153400
20240125,09:35:27,2.8,300,153400
20240125,09:35:36,2.75,50,153400
20240125,09:35:44,2.75,1100,153400
20240125,09:35:52,2.75,2950,153400
20240125,09:36:00,2.65,6250,167450
20240125,09:36:08,2.6,10100,167450
20240125,09:36:16,2.65,1800,167450
20240125,09:36:24,2.65,1000,167450
20240125,09:36:32,2.65,300,167450
20240125,09:36:41,2.65,250,167450
20240125,09:37:07,2.65,50,167450
20240125,09:37:16,2.65,1850,167450
20240125,09:37:23,2.65,400,167450
20240125,09:37:32,2.65,6600,167450
20240125,09:37:48,2.65,500,167450
20240125,09:38:03,2.65,200,167450
20240125,09:38:21,2.6,4350,167450
20240125,09:38:28,2.6,550,167450
20240125,09:38:38,2.6,1050,167450
20240125,09:38:53,2.65,250,167450
20240125,09:39:01,2.6,50,184850
20240125,09:39:09,2.6,100,184850
20240125,09:39:34,2.6,9750,184850
20240125,09:39:42,2.6,4000,184850
20240125,09:39:52,2.6,1250,184850
20240125,09:39:59,2.6,450,184850
20240125,09:40:07,2.6,1800,184850
20240125,09:40:15,2.6,500,184850
20240125,09:40:23,2.6,350,184850
20240125,09:40:31,2.65,2450,184850
20240125,09:40:40,2.6,50,184850
20240125,09:40:48,2.6,100,184850
20240125,09:40:57,2.6,1800,184850
20240125,09:41:06,2.65,150,184850
20240125,09:41:13,2.65,950,184850
20240125,09:41:36,2.7,550,184850
20240125,09:41:54,2.65,300,184850
20240125,09:42:02,2.7,2050,194700
20240125,09:42:21,2.7,300,194700
20240125,09:42:30,2.7,100,194700
20240125,09:42:39,2.7,50,194700
20240125,09:43:40,2.7,50,194700
20240125,09:43:57,2.7,1800,194700
20240125,09:44:13,2.7,50,194700
20240125,09:44:21,2.65,50,194700
20240125,09:44:30,2.7,200,194700
20240125,09:44:49,2.65,100,194700
20240125,09:44:58,2.6,6000,197900
20240125,09:45:07,2.65,50,197900
20240125,09:45:25,2.65,1800,197900
20240125,09:45:52,2.65,2500,197900
20240125,09:46:09,2.55,550,197900
20240125,09:46:56,2.6,50,197900
20240125,09:47:05,2.6,1400,197900
20240125,09:47:13,2.6,1500,197900
20240125,09:48:06,2.6,1800,206150
20240125,09:48:15,2.7,50,206150
20240125,09:48:33,2.55,3600,206150
20240125,09:48:41,2.65,200,206150
20240125,09:48:50,2.65,50,206150
20240125,09:48:58,2.65,50,206150
20240125,09:49:07,2.6,50,206150
20240125,09:49:17,2.6,50,206150
20240125,09:49:26,2.6,50,206150
20240125,09:50:09,2.65,50,206150
20240125,09:50:25,2.65,200,206150
20240125,09:50:48,2.7,750,206150
20240125,09:50:56,2.7,950,206150
20240125,09:51:20,2.7,200,211550
20240125,09:51:29,2.7,100,211550
20240125,09:51:52,2.65,1500,211550
20240125,09:52:23,2.7,50,211550
20240125,09:52:41,2.7,300,211550
20240125,09:52:50,2.7,200,211550
20240125,09:52:58,2.7,50,211550
20240125,09:53:06,2.7,200,211550
20240125,09:53:22,2.7,50,211550
20240125,09:53:31,2.7,100,211550
20240125,09:53:40,2.7,200,211550
20240125,09:53:47,2.75,150,211550
20240125,09:53:54,2.7,50,211550
20240125,09:54:10,2.75,50,210800
20240125,09:54:25,2.75,150,210800
20240125,09:54:32,2.75,150,210800
20240125,09:54:48,2.7,1800,210800
20240125,09:54:56,2.75,2100,210800
20240125,09:55:23,2.75,1550,210800
20240125,09:55:32,2.75,50,210800
20240125,09:55:41,2.7,100,210800
20240125,09:56:23,2.8,700,210800
20240125,09:56:30,2.8,650,210800
20240125,09:56:46,2.8,400,210800
20240125,09:57:23,2.75,2750,213500
20240125,09:58:11,2.75,50,213500
20240125,09:58:41,2.8,400,213500
20240125,09:58:56,2.8,400,213500
20240125,09:59:05,2.8,1150,213500
20240125,09:59:22,2.8,500,213500
20240125,09:59:38,2.85,2950,213500
20240125,10:00:18,2.9,50,215650
20240125,10:00:25,2.9,100,215650
20240125,10:00:56,2.9,200,215650
20240125,10:01:11,2.9,50,215650
20240125,10:01:19,2.9,300,215650
20240125,10:01:26,2.9,50,215650
20240125,10:01:43,2.9,50,215650
20240125,10:02:00,2.9,1650,215650
20240125,10:02:15,2.9,300,215650
20240125,10:03:02,2.9,550,215150
20240125,10:03:18,2.85,400,215150
20240125,10:03:35,2.85,250,215150
20240125,10:03:44,2.85,2050,215150
20240125,10:03:51,2.85,50,215150
20240125,10:03:58,2.8,100,215150
20240125,10:04:06,2.75,1800,215150
20240125,10:04:14,2.75,750,215150
20240125,10:04:22,2.75,300,215150
20240125,10:04:30,2.75,100,215150
20240125,10:04:38,2.8,500,215150
20240125,10:05:17,2.8,50,215150
20240125,10:06:06,2.8,50,217550
20240125,10:06:15,2.75,650,217550
20240125,10:06:47,2.85,1150,217550
20240125,10:07:09,2.85,100,217550
20240125,10:07:30,2.75,200,217550
20240125,10:07:44,2.8,200,217550
20240125,10:07:58,2.8,50,217550
20240125,10:08:13,2.8,500,217550
20240125,10:08:19,2.85,4550,217550
20240125,10:09:19,2.85,500,217900
20240125,10:09:27,2.8,1700,217900
20240125,10:09:35,2.8,150,217900
20240125,10:09:41,2.75,1800,217900
20240125,10:09:57,2.8,350,217900
20240125,10:10:07,2.75,1850,217900
20240125,10:10:16,2.75,200,217900
20240125,10:10:25,2.7,1500,217900
20240125,10:10:34,2.8,850,217900
20240125,10:10:43,2.8,2100,217900
20240125,10:10:51,2.85,100,217900
20240125,10:10:59,2.7,1200,217900
20240125,10:11:07,2.8,450,217900
20240125,10:11:15,2.75,50,217900
20240125,10:11:33,2.75,50,217900
20240125,10:12:06,2.8,100,220850
20240125,10:12:23,2.8,400,220850
20240125,10:12:31,2.8,150,220850
20240125,10:12:39,2.8,50,220850
20240125,10:12:47,2.8,2200,220850
20240125,10:12:56,2.85,2000,220850
20240125,10:13:03,2.85,3400,220850
20240125,10:13:11,2.85,3000,220850
20240125,10:13:19,2.8,50,220850
20240125,10:13:26,2.8,2550,220850
20240125,10:13:34,2.85,1900,220850
20240125,10:13:42,2.9,1300,220850
20240125,10:13:58,2.9,50,220850
20240125,10:14:06,2.85,50,220850
20240125,10:14:36,2.75,2800,220850
20240125,10:14:43,2.75,1050,220850
20240125,10:14:51,2.85,600,220850
20240125,10:15:55,2.85,500,225750
20240125,10:16:12,2.85,250,225750
20240125,10:16:30,2.8,100,225750
20240125,10:16:39,2.85,600,225750
20240125,10:16:57,2.8,200,225750
20240125,10:17:06,2.8,1050,225750
20240125,10:17:15,2.85,300,225750
20240125,10:17:49,2.8,1000,225750
20240125,10:17:58,2.8,50,225750
20240125,10:18:14,2.8,1800,227200
20240125,10:18:30,2.85,250,227200
20240125,10:18:38,2.8,1900,227200
20240125,10:18:53,2.85,50,227200
20240125,10:19:33,2.85,150,227200
20240125,10:19:40,2.85,50,227200
20240125,10:19:48,2.85,1850,227200
20240125,10:20:03,2.8,100,227200
20240125,10:20:21,2.85,50,227200
20240125,10:20:30,2.85,100,227200
20240125,10:20:40,2.85,2800,227200
20240125,10:21:06,2.8,4650,225200
20240125,10:21:15,2.85,2050,225200
20240125,10:21:25,2.8,350,225200
20240125,10:21:34,2.8,50,225200
20240125,10:21:44,2.8,250,225200
20240125,10:21:53,2.75,900,225200
20240125,10:22:20,2.7,650,225200
20240125,10:22:28,2.7,50,225200
20240125,10:22:36,2.75,500,225200
20240125,10:23:11,2.8,100,225200
20240125,10:23:20,2.8,250,225200
20240125,10:23:28,2.7,450,225200
20240125,10:24:13,2.8,150,223700
20240125,10:24:22,2.8,600,223700
20240125,10:24:30,2.8,450,223700
20240125,10:25:03,2.85,100,223700
20240125,10:25:28,2.75,1000,223700
20240125,10:25:53,2.8,500,223700
20240125,10:26:11,2.8,1900,223700
20240125,10:26:47,2.85,500,223700
20240125,10:26:56,2.75,50,223700
20240125,10:27:04,2.8,50,223700
20240125,10:27:13,2.75,1500,225300
20240125,10:27:30,2.7,50,225300
20240125,10:27:38,2.75,50,225300
20240125,10:28:02,2.7,450,225300
20240125,10:28:26,2.7,950,225300
20240125,10:28:34,2.7,950,225300
20240125,10:29:24,2.6,150,225300
20240125,10:29:50,2.6,500,225300
20240125,10:29:58,2.6,2450,225300
20240125,10:30:07,2.6,1000,227900
20240125,10:30:23,2.55,50,227900
20240125,10:31:39,2.55,1550,227900
20240125,10:32:22,2.55,3650,227900
20240125,10:32:31,2.55,950,227900
20240125,10:32:47,2.55,600,227900
20240125,10:32:57,2.55,500,227900
20240125,10:33:05,2.55,300,231650
20240125,10:33:14,2.55,800,231650
20240125,10:33:49,2.55,50,231650
20240125,10:34:24,2.6,100,231650
20240125,10:34:32,2.6,50,231650
20240125,10:34:40,2.65,200,231650
20240125,10:35:57,2.6,2000,231650
20240125,10:36:05,2.6,100,234550
20240125,10:36:14,2.6,450,234550
20240125,10:36:22,2.6,400,234550
20240125,10:36:31,2.6,50,234550
20240125,10:36:38,2.6,200,234550
20240125,10:36:46,2.6,50,234550
20240125,10:36:55,2.65,500,234550
20240125,10:37:03,2.65,50,234550
20240125,10:37:11,2.65,50,234550
20240125,10:37:27,2.65,250,234550
20240125,10:37:46,2.65,100,234550
20240125,10:39:02,2.65,250,234550
20240125,10:39:17,2.65,1500,236600
20240125,10:39:25,2.65,800,236600
20240125,10:40:13,2.65,400,236600
20240125,10:40:29,2.65,50,236600
20240125,10:41:20,2.65,50,236600
20240125,10:41:54,2.65,3000,236600
20240125,10:42:03,2.6,200,236600
20240125,10:42:11,2.65,50,240050
20240125,10:42:19,2.7,1100,240050
20240125,10:42:37,2.7,250,240050
20240125,10:42:46,2.7,50,240050
20240125,10:43:12,2.7,100,240050
20240125,10:43:37,2.75,250,240050
20240125,10:43:46,2.75,300,240050
20240125,10:43:56,2.7,700,240050
20240125,10:44:05,2.7,100,240050
20240125,10:44:14,2.7,700,240050
20240125,10:44:23,2.7,450,240050
20240125,10:44:48,2.75,350,240050
20240125,10:45:05,2.75,250,240050
20240125,10:45:31,2.65,100,242600
20240125,10:45:40,2.7,100,242600
20240125,10:45:48,2.65,100,242600
20240125,10:45:56,2.65,50,242600
20240125,10:46:12,2.7,150,242600
20240125,10:46:29,2.7,50,242600
20240125,10:46:38,2.7,50,242600
20240125,10:46:46,2.75,350,242600
20240125,10:46:55,2.65,50,242600
20240125,10:47:36,2.7,1550,242600
20240125,10:47:44,2.75,2000,242600
20240125,10:47:52,2.7,100,242600
20240125,10:48:00,2.65,650,242600
20240125,10:48:08,2.65,100,247350
20240125,10:48:15,2.65,200,247350
20240125,10:48:21,2.65,150,247350
20240125,10:48:28,2.7,300,247350
20240125,10:48:36,2.65,4600,247350
20240125,10:48:49,2.6,1600,247350
20240125,10:48:56,2.6,1250,247350
20240125,10:49:04,2.55,100,247350
20240125,10:49:11,2.55,9800,247350
20240125,10:49:18,2.55,1150,247350
20240125,10:49:25,2.5,1000,247350
20240125,10:49:32,2.55,1300,247350
20240125,10:49:39,2.5,500,247350
20240125,10:49:46,2.5,150,247350
20240125,10:49:53,2.5,1600,247350
20240125,10:50:01,2.5,3100,247350
20240125,10:50:08,2.55,200,247350
20240125,10:50:15,2.6,350,247350
20240125,10:50:23,2.55,1650,247350
20240125,10:50:30,2.6,100,247350
20240125,10:50:53,2.6,100,247350
20240125,10:51:00,2.6,300,247350
20240125,10:51:22,2.6,50,268050
20240125,10:51:52,2.55,2050,268050
20240125,10:52:13,2.5,3700,268050
20240125,10:52:36,2.45,4000,268050
20240125,10:52:42,2.45,300,268050
20240125,10:52:56,2.45,500,268050
20240125,10:53:03,2.45,250,268050
20240125,10:53:10,2.45,1000,268050
20240125,10:53:17,2.45,1100,268050
20240125,10:53:23,2.45,400,268050
20240125,10:53:31,2.45,400,268050
20240125,10:53:39,2.45,250,268050
20240125,10:54:15,2.45,900,278700
20240125,10:54:24,2.45,300,278700
20240125,10:54:33,2.45,500,278700
20240125,10:54:42,2.45,1100,278700
20240125,10:54:50,2.45,250,278700
20240125,10:54:58,2.35,3950,278700
20240125,10:55:07,2.4,1150,278700
20240125,10:55:15,2.4,1550,278700
20240125,10:55:24,2.4,550,278700
20240125,10:55:33,2.4,50,278700
20240125,10:55:51,2.4,250,278700
20240125,10:56:08,2.4,3750,278700
20240125,10:56:16,2.35,150,278700
20240125,10:56:25,2.35,1850,278700
20240125,10:56:50,2.4,50,278700
20240125,10:57:14,2.4,50,291300
20240125,10:57:21,2.4,250,291300
20240125,10:57:30,2.35,1000,291300
20240125,10:57:38,2.35,1000,291300
20240125,10:57:45,2.35,1150,291300
20240125,10:57:53,2.35,150,291300
20240125,10:58:26,2.4,350,291300
20240125,10:58:34,2.4,9050,291300
20240125,10:58:42,2.4,9000,291300
20240125,10:58:50,2.5,8050,291300
20240125,10:58:57,2.55,400,291300
20240125,10:59:05,2.55,200,291300
20240125,10:59:21,2.5,100,291300
20240125,10:59:29,2.55,500,291300
20240125,10:59:36,2.5,1000,291300
20240125,11:00:02,2.55,50,291300
20240125,11:00:10,2.55,450,311400
20240125,11:00:18,2.55,50,311400
20240125,11:00:26,2.5,1000,311400
20240125,11:00:34,2.55,300,311400
20240125,11:00:59,2.55,500,311400
20240125,11:01:24,2.5,500,311400
20240125,11:01:49,2.5,7250,311400
20240125,11:01:58,2.5,800,311400
20240125,11:02:33,2.45,6350,311400
20240125,11:02:42,2.45,2250,311400
20240125,11:02:50,2.45,100,311400
20240125,11:03:16,2.5,12900,323100
20240125,11:03:25,2.5,5900,323100
20240125,11:03:35,2.55,12700,323100
20240125,11:03:52,2.55,50,323100
20240125,11:04:01,2.55,3650,323100
20240125,11:04:18,2.6,900,323100
20240125,11:05:59,2.65,50,323100
20240125,11:06:08,2.6,50,323100
20240125,11:06:58,2.65,650,327100
20240125,11:07:23,2.65,50,327100
20240125,11:07:38,2.7,550,327100
20240125,11:08:09,2.65,50,327100
20240125,11:08:32,2.7,400,327100
20240125,11:08:39,2.6,400,327100
20240125,11:08:47,2.6,400,327100
20240125,11:08:54,2.6,1000,327100
20240125,11:09:01,2.7,600,327100
20240125,11:09:09,2.6,100,327100
20240125,11:09:32,2.65,450,327400
20240125,11:09:41,2.6,250,327400
20240125,11:10:12,2.65,200,327400
20240125,11:10:20,2.6,2300,327400
20240125,11:10:28,2.6,1800,327400
20240125,11:10:51,2.55,100,327400
20240125,11:11:00,2.55,500,327400
20240125,11:11:08,2.55,250,327400
20240125,11:11:37,2.55,950,327400
20240125,11:11:45,2.55,350,327400
20240125,11:11:53,2.55,2400,327400
20240125,11:12:02,2.5,2050,327400
20240125,11:12:35,2.5,1800,326400
20240125,11:12:56,2.55,50,326400
20240125,11:13:04,2.55,50,326400
20240125,11:13:19,2.55,50,326400
20240125,11:13:43,2.55,50,326400
20240125,11:14:25,2.6,50,326400
20240125,11:14:55,2.6,50,326400
20240125,11:15:03,2.55,1600,326400
20240125,11:15:10,2.6,50,328200
20240125,11:15:32,2.55,50,328200
20240125,11:16:19,2.55,400,328200
20240125,11:16:42,2.55,100,328200
20240125,11:16:50,2.55,100,328200
20240125,11:16:58,2.55,50,328200
20240125,11:17:37,2.55,100,328200
20240125,11:18:01,2.55,2800,328200
20240125,11:18:09,2.55,50,326950
20240125,11:18:17,2.6,750,326950
20240125,11:18:25,2.55,100,326950
20240125,11:18:34,2.55,150,326950
20240125,11:18:42,2.55,350,326950
20240125,11:18:52,2.55,500,326950
20240125,11:19:08,2.5,750,326950
20240125,11:19:31,2.5,1000,326950
20240125,11:19:39,2.55,900,326950
20240125,11:19:47,2.55,50,326950
20240125,11:19:54,2.55,50,326950
20240125,11:20:19,2.55,50,326950
20240125,11:21:08,2.5,750,326950
20240125,11:21:16,2.5,250,327000
20240125,11:21:24,2.45,950,327000
20240125,11:21:33,2.55,3700,327000
20240125,11:21:42,2.5,300,327000
20240125,11:21:59,2.5,250,327000
20240125,11:22:18,2.55,400,327000
20240125,11:22:35,2.5,300,327000
20240125,11:22:44,2.5,950,327000
20240125,11:22:54,2.5,300,327000
20240125,11:23:21,2.5,100,327000
20240125,11:23:30,2.5,1800,327000
20240125,11:23:54,2.55,50,327000
20240125,11:24:03,2.55,50,327000
20240125,11:24:19,2.55,450,330900
20240125,11:25:25,2.55,350,330900
20240125,11:25:48,2.55,300,330900
20240125,11:26:36,2.55,50,330900
20240125,11:27:00,2.6,150,330900
20240125,11:27:08,2.6,200,330900
20240125,11:27:18,2.6,800,331500
20240125,11:27:27,2.6,500,331500
20240125,11:27:45,2.55,100,331500
20240125,11:28:10,2.6,700,331500
20240125,11:28:28,2.6,500,331500
20240125,11:29:56,2.6,300,331500
20240125,11:30:05,2.65,150,331500
20240125,11:30:21,2.65,600,332850
20240125,11:30:38,2.6,250,332850
20240125,11:31:28,2.65,150,332850
20240125,11:31:45,2.65,1250,332850
20240125,11:31:54,2.6,250,332850
20240125,11:32:17,2.6,200,332850
20240125,11:32:26,2.55,500,332850
20240125,11:32:34,2.55,250,332850
20240125,11:32:41,2.55,50,332850
20240125,11:32:49,2.55,100,332850
20240125,11:32:57,2.55,50,332850
20240125,11:33:04,2.55,250,332850
20240125,11:33:13,2.6,50,332850
20240125,11:33:27,2.5,50,332900
20240125,11:33:35,2.5,150,332900
20240125,11:33:43,2.55,1000,332900
20240125,11:34:16,2.55,200,332900
20240125,11:34:24,2.5,100,332900
20240125,11:34:33,2.5,150,332900
20240125,11:34:41,2.55,100,332900
20240125,11:35:22,2.55,200,332900
20240125,11:35:40,2.5,750,332900
20240125,11:36:05,2.5,350,332900
20240125,11:36:21,2.45,550,334200
20240125,11:36:52,2.5,500,334200
20240125,11:37:06,2.5,100,334200
20240125,11:37:24,2.5,200,334200
20240125,11:37:40,2.45,350,334200
20240125,11:37:49,2.5,200,334200
20240125,11:38:36,2.5,100,334200
20240125,11:39:10,2.45,2250,334200
20240125,11:39:29,2.4,5400,336450
20240125,11:39:38,2.4,100,336450
20240125,11:40:05,2.4,50,336450
20240125,11:40:15,2.5,100,336450
20240125,11:40:33,2.4,150,336450
20240125,11:40:43,2.5,8750,336450
20240125,11:40:52,2.55,1850,336450
20240125,11:41:02,2.5,750,336450
20240125,11:41:37,2.55,1800,336450
20240125,11:41:45,2.5,1800,336450
20240125,11:41:53,2.5,1800,336450
20240125,11:42:02,2.55,500,336450
20240125,11:42:11,2.5,1800,336450
20240125,11:42:19,2.5,1800,351450
20240125,11:42:37,2.5,2300,351450
20240125,11:42:46,2.45,1800,351450
20240125,11:43:02,2.5,200,351450
20240125,11:43:10,2.45,3000,351450
20240125,11:43:19,2.45,1200,351450
20240125,11:43:54,2.45,800,351450
20240125,11:44:03,2.4,250,351450
20240125,11:44:12,2.4,1750,351450
20240125,11:44:29,2.4,1400,351450
20240125,11:44:48,2.4,1800,351450
20240125,11:44:55,2.4,700,351450
20240125,11:45:03,2.35,1100,351450
20240125,11:45:20,2.4,350,366000
20240125,11:45:46,2.4,50,366000
20240125,11:45:55,2.4,300,366000
20240125,11:46:03,2.35,1600,366000
20240125,11:46:11,2.35,400,366000
20240125,11:46:19,2.35,2000,366000
20240125,11:46:27,2.35,650,366000
20240125,11:46:44,2.35,300,366000
20240125,11:47:01,2.35,6250,366000
20240125,11:47:09,2.35,300,366000
20240125,11:47:18,2.4,200,366000
20240125,11:47:36,2.35,100,366000
20240125,11:48:06,2.35,2300,366000
20240125,11:48:14,2.35,50,366000
20240125,11:48:45,2.4,50,377450
20240125,11:48:59,2.4,100,377450
20240125,11:49:07,2.4,50,377450
20240125,11:49:50,2.4,50,377450
20240125,11:49:58,2.4,1400,377450
20240125,11:50:24,2.35,50,377450
20240125,11:51:16,2.35,50,377450
20240125,11:51:25,2.35,11700,378350
20240125,11:51:33,2.4,5250,378350
20240125,11:51:41,2.5,18050,378350
20240125,11:51:49,2.5,2550,378350
20240125,11:52:23,2.5,2000,378350
20240125,11:52:31,2.5,1800,378350
20240125,11:52:39,2.5,100,378350
20240125,11:53:18,2.5,2850,378350
20240125,11:53:43,2.5,300,378350
20240125,11:53:51,2.5,50,378350
20240125,11:54:00,2.45,1800,378350
20240125,11:54:08,2.5,50,378350
20240125,11:54:15,2.45,1000,378350
20240125,11:54:41,2.45,1500,410900
20240125,11:55:13,2.5,50,410900
20240125,11:55:46,2.45,600,410900
20240125,11:55:54,2.5,200,410900
20240125,11:56:09,2.45,200,410900
20240125,11:57:15,2.45,100,412450
20240125,11:57:24,2.5,50,412450
20240125,11:57:32,2.45,2600,412450
20240125,11:58:22,2.4,300,412450
20240125,11:58:44,2.4,3600,412450
20240125,11:58:52,2.4,5400,412450
20240125,11:59:01,2.4,2800,412450
20240125,11:59:09,2.4,500,412450
20240125,11:59:17,2.35,1000,412450
20240125,11:59:34,2.4,2500,412450
20240125,11:59:42,2.45,10050,412450
20240125,11:59:50,2.45,6400,412450
20240125,12:00:20,2.45,800,438200
20240125,12:00:29,2.45,900,438200
20240125,12:01:03,2.45,500,438200
20240125,12:01:11,2.5,200,438200
20240125,12:01:43,2.5,1000,438200
20240125,12:02:00,2.5,100,438200
20240125,12:02:17,2.45,500,438200
20240125,12:02:26,2.4,5800,438200
20240125,12:02:42,2.4,400,438200
20240125,12:02:57,2.4,1800,438200
20240125,12:03:05,2.5,8650,438200
20240125,12:03:13,2.5,2050,438200
20240125,12:03:28,2.5,300,457000
20240125,12:03:44,2.5,250,457000
20240125,12:03:52,2.5,1800,457000
20240125,12:03:59,2.5,3300,457000
20240125,12:04:07,2.5,1000,457000
20240125,12:04:16,2.5,1800,457000
20240125,12:04:33,2.5,1500,457000
20240125,12:04:40,2.55,50,457000
20240125,12:04:48,2.5,50,457000
20240125,12:05:09,2.5,450,457000
20240125,12:05:56,2.5,1850,457000
20240125,12:06:03,2.5,1800,457000
20240125,12:06:18,2.5,600,470700
20240125,12:06:26,2.55,10000,470700
20240125,12:06:33,2.6,9400,470700
20240125,12:06:40,2.6,100,470700
20240125,12:06:49,2.55,2000,470700
20240125,12:06:57,2.55,1800,470700
20240125,12:07:05,2.55,1150,470700
20240125,12:07:13,2.55,3250,470700
20240125,12:07:20,2.55,1800,470700
20240125,12:07:52,2.55,1000,470700
20240125,12:08:00,2.6,5850,470700
20240125,12:08:08,2.6,6250,470700
20240125,12:08:17,2.6,7600,470700
20240125,12:08:25,2.6,5700,470700
20240125,12:08:33,2.6,100,470700
20240125,12:08:42,2.6,100,470700
20240125,12:08:50,2.5,14900,470700
20240125,12:08:58,2.5,3600,470700
20240125,12:09:21,2.5,50,470700
20240125,12:09:37,2.45,4650,515300
20240125,12:09:45,2.45,1900,515300
20240125,12:09:53,2.45,650,515300
20240125,12:10:32,2.45,50,515300
20240125,12:10:40,2.45,2000,515300
20240125,12:10:48,2.4,18000,515300
20240125,12:10:55,2.35,10000,515300
20240125,12:11:03,2.35,3000,515300
20240125,12:11:11,2.35,1800,515300
20240125,12:11:41,2.35,1450,515300
20240125,12:11:48,2.35,150,515300
20240125,12:11:57,2.35,150,515300
20240125,12:12:04,2.3,2150,515300
20240125,12:12:11,2.35,200,515300
20240125,12:12:19,2.35,200,537300
20240125,12:12:25,2.35,500,537300
20240125,12:12:40,2.35,1350,537300
20240125,12:13:03,2.4,300,537300
20240125,12:13:31,2.4,100,537300
20240125,12:14:49,2.4,50,537300
20240125,12:15:23,2.35,1550,536650
20240125,12:15:48,2.4,50,536650
20240125,12:16:40,2.35,1600,536650
20240125,12:16:48,2.35,1300,536650
20240125,12:17:31,2.35,1600,536650
20240125,12:17:45,2.35,2700,536650
20240125,12:18:58,2.3,6500,541600
20240125,12:19:05,2.3,1200,541600
20240125,12:19:14,2.35,100,541600
20240125,12:19:45,2.3,1200,541600
20240125,12:20:01,2.35,150,541600
20240125,12:20:24,2.35,200,541600
20240125,12:20:39,2.35,50,541600
20240125,12:21:03,2.3,650,541600
20240125,12:21:11,2.3,500,541600
20240125,12:21:56,2.35,12600,550600
20240125,12:22:03,2.35,4000,550600
20240125,12:22:12,2.4,23250,550600
20240125,12:22:34,2.4,50,550600
20240125,12:22:41,2.45,1000,550600
20240125,12:22:55,2.4,2000,550600
20240125,12:23:25,2.45,50,550600
20240125,12:24:38,2.4,1000,572700
20240125,12:24:46,2.4,50,572700
20240125,12:25:46,2.45,1800,572700
20240125,12:25:54,2.4,600,572700
20240125,12:26:01,2.4,50,572700
20240125,12:26:48,2.4,250,572700
20240125,12:27:03,2.45,50,572700
20240125,12:27:11,2.4,2550,572700
20240125,12:27:19,2.4,50,572700
20240125,12:27:28,2.4,150,575500
20240125,12:27:59,2.4,1100,575500
20240125,12:28:07,2.4,550,575500
20240125,12:28:50,2.4,50,575500
20240125,12:28:57,2.4,1000,575500
20240125,12:29:04,2.4,400,575500
20240125,12:29:26,2.4,2150,575500
20240125,12:29:33,2.4,900,575500
20240125,12:29:40,2.4,250,575500
20240125,12:29:54,2.45,1850,575500
20240125,12:30:02,2.4,2300,575500
20240125,12:30:17,2.4,150,575500
20240125,12:30:31,2.4,250,580400
20240125,12:30:46,2.4,700,580400
20240125,12:31:01,2.35,16250,580400
20240125,12:31:08,2.35,12750,580400
20240125,12:31:38,2.35,400,580400
20240125,12:31:58,2.35,300,580400
20240125,12:32:28,2.35,1150,580400
20240125,12:32:42,2.4,50,580400
20240125,12:32:57,2.35,14650,580400
20240125,12:33:05,2.35,5450,580400
20240125,12:33:43,2.35,50,624250
20240125,12:34:07,2.35,50,624250
20240125,12:34:14,2.35,100,624250
20240125,12:34:29,2.3,1800,624250
20240125,12:34:58,2.35,50,624250
20240125,12:35:28,2.35,200,624250
20240125,12:35:35,2.3,100,624250
20240125,12:35:59,2.3,1800,624250
20240125,12:36:21,2.35,200,628000
20240125,12:36:28,2.35,6450,628000
20240125,12:36:48,2.35,23000,628000
20240125,12:36:56,2.4,2500,628000
20240125,12:37:09,2.4,50,628000
20240125,12:37:15,2.4,50,628000
20240125,12:37:29,2.4,50,628000
20240125,12:37:35,2.4,3700,628000
20240125,12:37:41,2.45,300,628000
20240125,12:38:02,2.4,250,628000
20240125,12:38:16,2.4,1850,628000
20240125,12:38:53,2.45,250,628000
20240125,12:39:24,2.4,900,644000
20240125,12:40:01,2.4,50,644000
20240125,12:40:16,2.45,50,644000
20240125,12:40:47,2.4,1800,644000
20240125,12:40:53,2.4,200,644000
20240125,12:41:01,2.4,8600,644000
20240125,12:41:17,2.4,1800,644000
20240125,12:41:47,2.4,1800,644000
20240125,12:42:08,2.4,500,644000
20240125,12:42:15,2.4,500,644000
20240125,12:42:31,2.4,750,659550
20240125,12:42:38,2.4,1700,659550
20240125,12:45:04,2.4,250,659550
20240125,12:45:38,2.35,100,659300
20240125,12:46:06,2.4,50,659300
20240125,12:46:59,2.35,1800,659300
20240125,12:47:06,2.4,100,659300
20240125,12:47:40,2.35,1000,659300
20240125,12:47:55,2.4,1800,659300
20240125,12:48:02,2.4,6400,659300
20240125,12:48:24,2.35,150,659300
20240125,12:48:53,2.35,200,668650
20240125,12:49:01,2.4,500,668650
20240125,12:49:30,2.4,100,668650
20240125,12:50:21,2.4,150,668650
20240125,12:51:35,2.4,200,669150
20240125,12:52:18,2.35,1800,669150
20240125,12:52:42,2.35,50,669150
20240125,12:52:48,2.4,450,669150
20240125,12:53:10,2.4,1650,669150
20240125,12:53:16,2.4,50,669150
20240125,12:53:22,2.4,400,669150
20240125,12:53:27,2.4,50,669150
20240125,12:54:04,2.35,1000,669150
20240125,12:54:16,2.35,200,669150
20240125,12:54:28,2.4,1800,670550
20240125,12:55:00,2.4,550,670550
20240125,12:55:15,2.4,100,670550
20240125,12:55:35,2.35,150,670550
20240125,12:55:41,2.35,1800,670550
20240125,12:56:38,2.4,50,670550
20240125,12:56:54,2.4,150,670550
20240125,12:57:51,2.4,150,671350
20240125,12:57:58,2.4,150,671350
20240125,12:59:51,2.35,50,671350
20240125,13:00:31,2.4,50,671300
20240125,13:00:55,2.4,50,671300
20240125,13:01:10,2.4,600,671300
20240125,13:01:25,2.35,2200,671300
20240125,13:01:47,2.4,50,671300
20240125,13:01:54,2.35,300,671300
20240125,13:02:07,2.35,1800,671300
20240125,13:02:14,2.35,1600,671300
20240125,13:02:28,2.35,1400,671300
20240125,13:05:07,2.35,50,672050
20240125,13:06:05,2.35,250,672050
20240125,13:07:52,2.35,50,672050
20240125,13:09:00,2.4,150,672050
20240125,13:09:54,2.4,50,672100
20240125,13:10:07,2.4,200,672100
20240125,13:10:25,2.35,1100,672100
20240125,13:10:33,2.35,250,672100
20240125,13:10:39,2.35,50,672100
20240125,13:10:52,2.35,100,672100
20240125,13:11:25,2.35,300,672100
20240125,13:11:31,2.35,300,672100
20240125,13:11:48,2.4,2250,672100
20240125,13:12:02,2.35,1200,672100
20240125,13:12:08,2.4,2100,672100
20240125,13:12:21,2.45,900,672100
20240125,13:12:28,2.45,1850,671850
20240125,13:12:36,2.45,1350,671850
20240125,13:12:44,2.45,1600,671850
20240125,13:12:52,2.4,2000,671850
20240125,13:13:11,2.4,1050,671850
20240125,13:14:05,2.4,600,671850
20240125,13:14:48,2.35,400,671850
20240125,13:15:09,2.35,50,671850
20240125,13:15:18,2.4,600,671850
20240125,13:15:48,2.4,150,670500
20240125,13:16:09,2.35,2100,670500
20240125,13:16:16,2.35,300,670500
20240125,13:16:23,2.3,2200,670500
20240125,13:16:38,2.35,50,670500
20240125,13:17:04,2.35,300,670500
20240125,13:17:11,2.3,7900,670500
20240125,13:17:18,2.35,6000,670500
20240125,13:17:26,2.3,3000,670500
20240125,13:17:33,2.35,3150,670500
20240125,13:17:41,2.3,4400,670500
20240125,13:17:48,2.3,3000,670500
20240125,13:17:55,2.3,200,670500
20240125,13:18:02,2.3,100,670500
20240125,13:18:10,2.3,1550,670500
20240125,13:18:25,2.3,250,670500
20240125,13:18:40,2.3,850,676150
20240125,13:18:46,2.3,1200,676150
20240125,13:19:01,2.3,700,676150
20240125,13:19:07,2.35,50,676150
20240125,13:19:20,2.3,500,676150
20240125,13:19:40,2.35,50,676150
20240125,13:20:34,2.3,200,676150
20240125,13:20:54,2.35,1100,676150
20240125,13:21:20,2.3,3000,676150
20240125,13:21:35,2.3,450,679750
20240125,13:21:42,2.3,550,679750
20240125,13:21:49,2.3,650,679750
20240125,13:21:56,2.3,250,679750
20240125,13:22:09,2.3,50,679750
20240125,13:22:50,2.35,550,679750
20240125,13:22:57,2.35,1800,679750
20240125,13:23:04,2.35,900,679750
20240125,13:23:12,2.35,850,679750
20240125,13:23:19,2.35,900,679750
20240125,13:23:45,2.35,3000,679750
20240125,13:23:52,2.35,4150,679750
20240125,13:24:06,2.4,1900,679750
20240125,13:24:12,2.4,500,679750
20240125,13:24:26,2.4,500,679750
20240125,13:24:32,2.4,1050,680200
20240125,13:24:39,2.4,300,680200
20240125,13:25:20,2.4,50,680200
20240125,13:25:51,2.4,50,680200
20240125,13:25:59,2.4,50,680200
20240125,13:26:25,2.5,10500,680200
20240125,13:26:32,2.5,250,680200
20240125,13:26:46,2.55,300,680200
20240125,13:26:54,2.5,250,680200
20240125,13:27:01,2.5,750,680200
20240125,13:27:14,2.5,500,680200
20240125,13:28:04,2.55,1250,691400
20240125,13:29:07,2.55,600,691400
20240125,13:29:14,2.5,750,691400
20240125,13:30:41,2.5,250,693450
20240125,13:30:48,2.55,50,693450
20240125,13:31:03,2.5,650,693450
20240125,13:31:32,2.45,700,693450
20240125,13:31:39,2.55,1600,693450
20240125,13:32:03,2.55,700,693450
20240125,13:32:19,2.55,100,693450
20240125,13:32:26,2.55,2450,693450
20240125,13:33:58,2.5,500,697550
20240125,13:34:06,2.5,750,697550
20240125,13:34:14,2.55,3050,697550
20240125,13:34:21,2.5,200,697550
20240125,13:34:36,2.55,500,697550
20240125,13:35:42,2.5,50,697550
20240125,13:35:55,2.55,50,697550
20240125,13:36:23,2.55,13500,697550
20240125,13:36:48,2.5,1250,713900
20240125,13:37:22,2.5,450,713900
20240125,13:37:29,2.5,900,713900
20240125,13:37:36,2.5,2250,713900
20240125,13:37:43,2.45,350,713900
20240125,13:37:49,2.45,400,713900
20240125,13:37:56,2.45,700,713900
20240125,13:38:03,2.45,1450,713900
20240125,13:38:10,2.45,700,713900
20240125,13:38:17,2.45,950,713900
20240125,13:38:24,2.45,400,713900
20240125,13:38:30,2.45,150,713900
20240125,13:38:37,2.5,450,713900
20240125,13:38:43,2.5,100,713900
20240125,13:38:50,2.5,550,713900
20240125,13:38:56,2.5,2850,713900
20240125,13:39:02,2.5,4300,713900
20240125,13:39:09,2.5,100,713900
20240125,13:39:17,2.5,500,713900
20240125,13:39:24,2.5,2550,713900
20240125,13:39:32,2.5,3800,725100
20240125,13:39:40,2.5,500,725100
20240125,13:39:46,2.5,250,725100
20240125,13:39:53,2.55,6950,725100
20240125,13:39:59,2.55,50,725100
20240125,13:40:13,2.55,100,725100
20240125,13:40:20,2.55,50,725100
20240125,13:40:26,2.6,3100,725100
20240125,13:40:32,2.65,400,725100
20240125,13:40:39,2.6,7450,725100
20240125,13:41:12,2.6,150,725100
20240125,13:41:25,2.55,900,725100
20240125,13:41:31,2.6,2900,725100
20240125,13:41:44,2.6,3600,725100
20240125,13:42:10,2.6,50,725100
20240125,13:42:17,2.6,250,725100
20240125,13:42:36,2.65,4700,742750
20240125,13:42:48,2.65,50,742750
20240125,13:43:06,2.7,250,742750
20240125,13:43:14,2.65,350,742750
20240125,13:43:54,2.7,1850,742750
20240125,13:44:07,2.7,2550,742750
20240125,13:44:14,2.7,100,742750
20240125,13:44:21,2.7,150,742750
20240125,13:44:27,2.65,150,742750
20240125,13:44:34,2.65,200,742750
20240125,13:44:40,2.65,100,742750
20240125,13:44:47,2.65,100,742750
20240125,13:45:07,2.7,5600,742750
20240125,13:45:14,2.65,50,742750
20240125,13:46:16,2.7,400,751550
20240125,13:46:54,2.7,2300,751550
20240125,13:47:26,2.65,150,751550
20240125,13:47:33,2.7,100,751550
20240125,13:47:47,2.65,100,751550
20240125,13:48:02,2.75,400,751550
20240125,13:48:10,2.7,800,751550
20240125,13:48:18,2.75,3800,751550
20240125,13:48:34,2.7,50,757350
20240125,13:48:41,2.7,2050,757350
20240125,13:48:48,2.7,350,757350
20240125,13:49:33,2.7,500,757350
20240125,13:49:52,2.7,500,757350
20240125,13:50:08,2.75,300,757350
20240125,13:50:15,2.75,1150,757350
20240125,13:50:30,2.7,50,757350
20240125,13:50:38,2.75,150,757350
20240125,13:50:53,2.75,6450,757350
20240125,13:51:08,2.75,100,757350
20240125,13:51:16,2.75,3600,757350
20240125,13:51:24,2.7,3700,757350
20240125,13:51:32,2.7,2700,765750
20240125,13:51:41,2.7,50,765750
20240125,13:51:49,2.7,350,765750
20240125,13:51:57,2.7,1050,765750
20240125,13:52:06,2.75,1850,765750
20240125,13:52:14,2.8,4850,765750
20240125,13:52:22,2.75,1250,765750
20240125,13:52:30,2.75,5850,765750
20240125,13:52:37,2.75,1000,765750
20240125,13:52:45,2.75,1100,765750
20240125,13:53:01,2.75,6800,765750
20240125,13:53:16,2.75,4600,765750
20240125,13:53:23,2.8,2800,765750
20240125,13:53:31,2.8,3600,765750
20240125,13:53:38,2.75,1000,765750
20240125,13:53:45,2.75,5500,765750
20240125,13:53:52,2.8,6100,765750
20240125,13:54:00,2.75,4600,765750
20240125,13:54:08,2.75,3800,765750
20240125,13:54:15,2.8,2600,765750
20240125,13:54:22,2.8,4400,765750
20240125,13:54:36,2.75,3000,798850
20240125,13:54:49,2.75,1000,798850
20240125,13:55:12,2.8,2800,798850
20240125,13:55:18,2.75,1250,798850
20240125,13:55:26,2.75,250,798850
20240125,13:55:50,2.8,2100,798850
20240125,13:55:57,2.75,1150,798850
20240125,13:56:04,2.75,300,798850
20240125,13:56:12,2.8,2300,798850
20240125,13:56:20,2.8,3650,798850
20240125,13:56:44,2.8,8350,798850
20240125,13:57:13,2.75,4200,798850
20240125,13:57:21,2.7,7350,798850
20240125,13:57:30,2.7,5300,798850
20240125,13:57:45,2.75,2200,823250
20240125,13:57:51,2.75,3800,823250
20240125,13:58:06,2.75,250,823250
20240125,13:58:54,2.7,150,823250
20240125,13:59:02,2.75,50,823250
20240125,13:59:10,2.7,2300,823250
20240125,13:59:17,2.7,4050,823250
20240125,13:59:24,2.7,900,823250
20240125,13:59:48,2.75,1900,823250
20240125,13:59:56,2.7,550,823250
20240125,14:00:11,2.7,1000,823250
20240125,14:00:19,2.75,6250,823250
20240125,14:00:34,2.7,800,840500
20240125,14:00:42,2.75,150,840500
20240125,14:00:50,2.7,1600,840500
20240125,14:00:58,2.7,2300,840500
20240125,14:01:05,2.7,1350,840500
20240125,14:01:52,2.7,100,840500
20240125,14:02:08,2.7,2550,840500
20240125,14:02:32,2.7,100,840500
20240125,14:02:47,2.7,3750,840500
20240125,14:03:02,2.8,8050,840500
20240125,14:03:10,2.75,4200,840500
20240125,14:03:18,2.7,300,840500
20240125,14:03:40,2.75,3600,849700
20240125,14:03:48,2.7,9450,849700
20240125,14:04:03,2.7,50,849700
20240125,14:04:10,2.7,7200,849700
20240125,14:04:48,2.7,900,849700
20240125,14:04:55,2.7,50,849700
20240125,14:05:02,2.65,1850,849700
20240125,14:05:31,2.7,1900,849700
20240125,14:05:39,2.7,850,849700
20240125,14:06:00,2.7,8050,849700
20240125,14:06:08,2.7,2400,849700
20240125,14:06:51,2.7,200,869050
20240125,14:06:59,2.7,50,869050
20240125,14:08:07,2.65,3800,869050
20240125,14:08:15,2.7,50,869050
20240125,14:08:23,2.65,1000,869050
20240125,14:08:37,2.6,6600,869050
20240125,14:08:50,2.6,4000,869050
20240125,14:08:57,2.6,12800,869050
20240125,14:09:44,2.6,200,879100
20240125,14:10:06,2.6,200,879100
20240125,14:10:12,2.6,400,879100
20240125,14:10:46,2.65,300,879100
20240125,14:11:26,2.65,2500,879100
20240125,14:11:46,2.7,800,879100
20240125,14:11:52,2.65,50,879100
20240125,14:12:19,2.7,50,879100
20240125,14:13:10,2.6,20000,881500
20240125,14:13:24,2.6,200,881500
20240125,14:13:31,2.6,3800,881500
20240125,14:13:38,2.7,14650,881500
20240125,14:13:45,2.7,550,881500
20240125,14:13:51,2.7,100,881500
20240125,14:13:58,2.65,8100,881500
20240125,14:14:05,2.65,1800,881500
20240125,14:14:13,2.65,5300,881500
20240125,14:14:21,2.65,3850,881500
20240125,14:14:36,2.7,150,881500
20240125,14:14:44,2.65,1000,881500
20240125,14:15:05,2.6,3500,881500
20240125,14:15:11,2.65,450,881500
20240125,14:15:26,2.7,2100,881500
20240125,14:15:34,2.65,3250,915450
20240125,14:15:41,2.65,500,915450
20240125,14:15:48,2.6,8150,915450
20240125,14:15:54,2.65,4850,915450
20240125,14:16:01,2.65,3400,915450
20240125,14:16:08,2.65,800,915450
20240125,14:16:14,2.7,9300,915450
20240125,14:16:28,2.75,2500,915450
20240125,14:16:34,2.75,1100,915450
20240125,14:16:40,2.7,7400,915450
20240125,14:17:00,2.7,600,915450
20240125,14:17:06,2.7,900,915450
20240125,14:17:13,2.65,3050,915450
20240125,14:17:19,2.65,2250,915450
20240125,14:17:26,2.7,3250,915450
20240125,14:17:33,2.65,200,915450
20240125,14:17:46,2.7,4900,915450
20240125,14:18:00,2.7,4000,915450
20240125,14:18:08,2.7,1050,915450
20240125,14:18:32,2.65,2350,915450
20240125,14:18:39,2.65,800,940300
20240125,14:18:46,2.7,3300,940300
20240125,14:19:07,2.65,150,940300
20240125,14:19:27,2.7,150,940300
20240125,14:19:40,2.7,50,940300
20240125,14:19:46,2.65,4800,940300
20240125,14:19:52,2.7,50,940300
20240125,14:20:25,2.65,100,940300
20240125,14:20:31,2.7,3300,940300
20240125,14:20:38,2.65,100,940300
20240125,14:20:57,2.65,50,940300
20240125,14:21:17,2.65,3400,940300
20240125,14:21:23,2.6,7600,940300
20240125,14:21:30,2.6,450,940300
20240125,14:21:37,2.55,500,940300
20240125,14:21:43,2.6,50,955750
20240125,14:21:49,2.6,2300,955750
20240125,14:21:55,2.6,29900,955750
20240125,14:22:01,2.7,500,955750
20240125,14:22:14,2.65,50,955750
20240125,14:22:22,2.65,50,955750
20240125,14:22:29,2.7,7750,955750
20240125,14:22:51,2.6,24200,955750
20240125,14:22:58,2.65,2900,955750
20240125,14:23:05,2.65,20650,955750
20240125,14:23:11,2.65,1950,955750
20240125,14:23:24,2.65,1800,955750
20240125,14:23:30,2.65,2000,955750
20240125,14:23:37,2.65,150,955750
20240125,14:23:43,2.65,2300,955750
20240125,14:24:08,2.6,2250,955750
20240125,14:24:20,2.65,650,955750
20240125,14:24:27,2.6,400,955750
20240125,14:24:33,2.6,2200,955750
20240125,14:24:39,2.6,150,1000300
20240125,14:24:45,2.6,200,1000300
20240125,14:24:52,2.6,1300,1000300
20240125,14:24:58,2.55,1100,1000300
20240125,14:25:12,2.55,2000,1000300
20240125,14:25:25,2.55,1850,1000300
20240125,14:25:37,2.55,1550,1000300
20240125,14:25:44,2.55,500,1000300
20240125,14:25:51,2.55,1750,1000300
20240125,14:26:04,2.55,2700,1000300
20240125,14:26:10,2.6,2050,1000300
20240125,14:26:16,2.6,1850,1000300
20240125,14:26:22,2.65,1800,1000300
20240125,14:26:28,2.6,2000,1000300
20240125,14:26:47,2.65,350,1000300
20240125,14:27:08,2.6,1100,1000300
20240125,14:27:15,2.6,50,1000300
20240125,14:27:21,2.6,1700,1000300
20240125,14:27:28,2.6,3400,1000300
20240125,14:27:35,2.6,1700,1006950
20240125,14:27:41,2.6,2650,1006950
20240125,14:27:48,2.65,1900,1006950
20240125,14:28:01,2.65,1000,1006950
20240125,14:28:07,2.6,100,1006950
20240125,14:28:26,2.6,3800,1006950
20240125,14:28:32,2.6,1200,1006950
20240125,14:28:45,2.55,300,1006950
20240125,14:28:51,2.55,1600,1006950
20240125,14:28:57,2.55,18300,1006950
20240125,14:29:04,2.5,600,1006950
20240125,14:29:11,2.5,3350,1006950
20240125,14:29:20,2.45,2350,1006950
20240125,14:29:27,2.45,1650,1006950
20240125,14:29:33,2.45,350,1006950
20240125,14:29:40,2.45,200,1006950
20240125,14:29:47,2.45,150,1006950
20240125,14:29:54,2.5,50,1006950
20240125,14:30:01,2.5,450,1006950
20240125,14:30:08,2.45,12850,1006950
20240125,14:30:15,2.45,150,1006950
20240125,14:30:22,2.4,200,1006950
20240125,14:30:29,2.45,1700,1006950
20240125,14:30:37,2.45,150,1006950
20240125,14:30:44,2.45,400,1026600
20240125,14:30:51,2.4,1800,1026600
20240125,14:31:04,2.4,2400,1026600
20240125,14:31:18,2.4,1950,1026600
20240125,14:31:25,2.4,100,1026600
20240125,14:31:31,2.4,1800,1026600
20240125,14:31:38,2.35,50,1026600
20240125,14:31:45,2.35,14950,1026600
20240125,14:31:52,2.35,1550,1026600
20240125,14:31:59,2.3,2100,1026600
20240125,14:32:06,2.3,1600,1026600
20240125,14:32:13,2.3,100,1026600
20240125,14:32:20,2.3,5500,1026600
20240125,14:32:26,2.3,1600,1026600
20240125,14:32:34,2.3,3600,1026600
20240125,14:32:41,2.3,1800,1026600
20240125,14:32:48,2.3,2600,1026600
20240125,14:32:55,2.35,3200,1026600
20240125,14:33:02,2.35,5400,1026600
20240125,14:33:08,2.3,11850,1026600
20240125,14:33:21,2.35,200,1026600
20240125,14:33:27,2.35,11950,1026600
20240125,14:33:33,2.3,1350,1026600
20240125,14:33:39,2.25,2800,1073300
20240125,14:33:46,2.35,4700,1073300
20240125,14:34:11,2.3,4150,1073300
20240125,14:34:17,2.3,9550,1073300
20240125,14:34:24,2.3,3900,1073300
20240125,14:34:37,2.4,26800,1073300
20240125,14:34:43,2.45,8600,1073300
20240125,14:34:50,2.4,800,1073300
20240125,14:35:10,2.4,8350,1073300
20240125,14:35:16,2.4,150,1073300
20240125,14:35:23,2.4,300,1073300
20240125,14:35:37,2.45,100,1073300
20240125,14:35:50,2.45,3600,1073300
20240125,14:35:57,2.45,1050,1073300
20240125,14:36:18,2.45,2050,1073300
20240125,14:36:25,2.4,1200,1073300
20240125,14:36:45,2.35,8150,1107700
20240125,14:36:51,2.45,4800,1107700
20240125,14:37:05,2.4,600,1107700
20240125,14:37:23,2.35,2700,1107700
20240125,14:37:29,2.3,61850,1107700
20240125,14:37:35,2.3,15500,1107700
20240125,14:37:41,2.35,2600,1107700
20240125,14:37:48,2.35,3650,1107700
20240125,14:37:54,2.3,15500,1107700
20240125,14:38:00,2.3,2550,1107700
20240125,14:38:05,2.3,7850,1107700
20240125,14:38:12,2.3,250,1107700
20240125,14:38:18,2.3,1050,1107700
20240125,14:38:23,2.3,2050,1107700
20240125,14:38:27,2.35,700,1107700
20240125,14:38:29,2.35,5300,1107700
20240125,14:38:30,2.35,9350,1107700
20240125,14:38:32,2.3,13650,1107700
20240125,14:38:34,2.35,8600,1107700
20240125,14:38:35,2.35,3450,1107700
20240125,14:38:37,2.35,200,1107700
20240125,14:38:40,2.4,1800,1107700
20240125,14:39:07,2.35,50,1107700
20240125,14:39:10,2.35,4250,1107700
20240125,14:39:19,2.4,15400,1107700
20240125,14:39:20,2.4,11650,1107700
20240125,14:39:22,2.4,9750,1107700
20240125,14:39:24,2.4,2600,1107700
20240125,14:39:27,2.35,2800,1107700
20240125,14:39:34,2.35,7100,1107700
20240125,14:39:41,2.4,9850,1234700
20240125,14:39:48,2.4,5250,1234700
20240125,14:39:56,2.4,15750,1234700
20240125,14:40:03,2.4,5600,1234700
20240125,14:40:10,2.4,9450,1234700
20240125,14:40:17,2.4,3300,1234700
20240125,14:40:24,2.4,1100,1234700
20240125,14:40:31,2.4,8600,1234700
20240125,14:40:38,2.4,3250,1234700
20240125,14:40:45,2.4,2750,1234700
20240125,14:40:51,2.45,3600,1234700
20240125,14:40:58,2.4,1600,1234700
20240125,14:41:05,2.45,8450,1234700
20240125,14:41:12,2.45,8600,1234700
20240125,14:41:18,2.4,7100,1234700
20240125,14:41:24,2.4,5000,1234700
20240125,14:41:30,2.4,6400,1234700
20240125,14:41:36,2.4,13400,1234700
20240125,14:41:43,2.4,600,1234700
20240125,14:42:04,2.4,4500,1234700
20240125,14:42:11,2.4,3700,1234700
20240125,14:42:18,2.35,550,1234700
20240125,14:42:32,2.4,3000,1234700
20240125,14:42:39,2.4,4050,1300750
20240125,14:42:46,2.45,2550,1300750
20240125,14:42:54,2.4,11150,1300750
20240125,14:43:02,2.35,800,1300750
20240125,14:43:09,2.4,12100,1300750
20240125,14:43:17,2.35,200,1300750
20240125,14:43:26,2.35,7300,1300750
20240125,14:43:33,2.4,15700,1300750
20240125,14:43:54,2.35,1000,1300750
20240125,14:44:02,2.35,3800,1300750
20240125,14:44:09,2.4,20300,1300750
20240125,14:44:17,2.4,6550,1300750
20240125,14:44:24,2.45,8800,1300750
20240125,14:44:31,2.45,1400,1300750
20240125,14:44:38,2.5,6850,1300750
20240125,14:44:45,2.45,6850,1300750
20240125,14:44:51,2.45,3000,1300750
20240125,14:44:57,2.45,450,1300750
20240125,14:45:09,2.5,50,1300750
20240125,14:45:15,2.5,100,1300750
20240125,14:45:22,2.5,2150,1300750
20240125,14:45:29,2.5,7300,1300750
20240125,14:45:36,2.45,4250,1300750
20240125,14:45:42,2.45,4000,1351700
20240125,14:45:48,2.45,4000,1351700
20240125,14:45:54,2.45,6000,1351700
20240125,14:46:01,2.45,2000,1351700
20240125,14:46:14,2.45,1000,1351700
20240125,14:46:20,2.45,3000,1351700
20240125,14:46:27,2.45,7700,1351700
20240125,14:46:33,2.5,5450,1351700
20240125,14:46:40,2.45,3850,1351700
20240125,14:46:47,2.5,1800,1351700
20240125,14:47:04,2.45,6600,1351700
20240125,14:47:20,2.45,3700,1351700
20240125,14:47:25,2.45,450,1351700
20240125,14:47:31,2.5,2050,1351700
20240125,14:47:36,2.45,300,1351700
20240125,14:47:42,2.45,8700,1351700
20240125,14:47:47,2.5,7550,1351700
20240125,14:47:53,2.45,50,1351700
20240125,14:48:03,2.45,2250,1351700
20240125,14:48:15,2.4,3650,1351700
20240125,14:48:27,2.45,3950,1351700
20240125,14:48:33,2.4,1500,1351700
20240125,14:48:50,2.4,3000,1391450
20240125,14:48:56,2.45,4500,1391450
20240125,14:49:03,2.4,200,1391450
20240125,14:49:08,2.4,500,1391450
20240125,14:49:15,2.4,2600,1391450
20240125,14:49:27,2.45,50,1391450
20240125,14:49:44,2.4,100,1391450
20240125,14:49:56,2.45,200,1391450
20240125,14:50:19,2.55,31500,1391450
20240125,14:50:25,2.55,100,1391450
20240125,14:50:30,2.55,1950,1391450
20240125,14:50:36,2.6,1700,1391450
20240125,14:50:41,2.6,800,1391450
20240125,14:50:47,2.6,6300,1391450
20240125,14:50:52,2.55,5350,1391450
20240125,14:50:58,2.55,7000,1391450
20240125,14:51:04,2.55,5200,1391450
20240125,14:51:10,2.55,4000,1391450
20240125,14:51:16,2.55,5200,1391450
20240125,14:51:22,2.45,3050,1391450
20240125,14:51:28,2.55,5900,1391450
20240125,14:51:34,2.6,5150,1391450
20240125,14:51:39,2.55,900,1435650
20240125,14:51:45,2.55,9750,1435650
20240125,14:52:03,2.55,6700,1435650
20240125,14:52:14,2.55,1750,1435650
20240125,14:52:43,2.55,9050,1435650
20240125,14:52:49,2.5,500,1435650
20240125,14:52:54,2.5,1000,1435650
20240125,14:53:16,2.55,50,1435650
20240125,14:53:28,2.5,3800,1435650
20240125,14:53:51,2.55,50,1435650
20240125,14:54:03,2.5,4250,1435650
20240125,14:54:10,2.5,1800,1435650
20240125,14:54:23,2.5,650,1435650
20240125,14:54:30,2.5,11400,1435650
20240125,14:54:36,2.5,19050,1435650
20240125,14:54:43,2.5,6450,1478200
20240125,14:54:50,2.5,5200,1478200
20240125,14:54:57,2.5,800,1478200
20240125,14:55:03,2.5,2600,1478200
20240125,14:55:10,2.5,150,1478200
20240125,14:55:16,2.55,250,1478200
20240125,14:55:23,2.5,400,1478200
20240125,14:55:29,2.55,2600,1478200
20240125,14:55:43,2.55,350,1478200
20240125,14:56:08,2.55,50,1478200
20240125,14:56:14,2.55,650,1478200
20240125,14:56:27,2.5,200,1478200
20240125,14:56:40,2.55,400,1478200
20240125,14:56:53,2.5,4000,1478200
20240125,14:57:00,2.55,2600,1478200
20240125,14:57:07,2.5,300,1478200
20240125,14:57:13,2.5,250,1478200
20240125,14:57:20,2.5,900,1478200
20240125,14:57:26,2.55,4550,1478200
20240125,14:57:32,2.55,3600,1478200
20240125,14:57:38,2.5,5050,1506500
20240125,14:57:44,2.5,850,1506500
20240125,14:57:51,2.5,2950,1506500
20240125,14:57:57,2.45,50700,1506500
20240125,14:58:03,2.45,30200,1506500
20240125,14:58:10,2.4,15950,1506500
20240125,14:58:16,2.4,15150,1506500
20240125,14:58:22,2.45,18200,1506500
20240125,14:58:25,2.4,12750,1506500
20240125,14:58:27,2.4,9500,1506500
20240125,14:58:28,2.45,4150,1506500
20240125,14:58:30,2.45,3100,1506500
20240125,14:58:31,2.45,1850,1506500
20240125,14:58:33,2.45,300,1506500
20240125,14:58:35,2.45,200,1506500
20240125,14:58:36,2.45,2800,1506500
20240125,14:58:38,2.45,400,1506500
20240125,14:58:39,2.45,300,1506500
20240125,14:58:41,2.45,1000,1506500
20240125,14:58:43,2.45,1500,1506500
20240125,14:58:44,2.45,700,1506500
20240125,14:58:46,2.45,1500,1506500
20240125,14:58:48,2.45,1200,1506500
20240125,14:58:49,2.45,3450,1506500
20240125,14:58:51,2.45,1950,1506500
20240125,14:58:52,2.45,1850,1506500
20240125,14:58:54,2.45,750,1506500
20240125,14:58:56,2.45,1450,1506500
20240125,14:58:57,2.45,750,1506500
20240125,14:58:59,2.45,1200,1506500
20240125,14:59:01,2.45,1350,1506500
20240125,14:59:02,2.45,1000,1506500
20240125,14:59:04,2.45,1000,1506500
20240125,14:59:05,2.45,2700,1506500
20240125,14:59:07,2.45,600,1506500
20240125,14:59:09,2.45,600,1506500
20240125,14:59:10,2.45,2600,1506500
20240125,14:59:12,2.45,750,1506500
20240125,14:59:14,2.45,950,1506500
20240125,14:59:15,2.45,1850,1506500
20240125,14:59:17,2.45,1050,1506500
20240125,14:59:19,2.45,1700,1506500
20240125,14:59:20,2.45,1300,1506500
20240125,14:59:22,2.45,1100,1506500
20240125,14:59:24,2.4,4450,1506500
20240125,14:59:25,2.45,1500,1506500
20240125,14:59:27,2.45,300,1506500
20240125,14:59:28,2.45,2950,1506500
20240125,14:59:30,2.45,1750,1506500
20240125,14:59:32,2.45,800,1506500
20240125,14:59:33,2.45,2300,1506500
20240125,14:59:35,2.45,100,1506500
20240125,14:59:37,2.45,3000,1506500
20240125,14:59:38,2.45,6200,1506500
20240125,14:59:40,2.45,100,1506500
20240125,14:59:42,2.45,3750,1506500
20240125,14:59:43,2.4,2550,1506500
20240125,14:59:45,2.4,2100,1506500
20240125,14:59:47,2.45,2900,1506500
20240125,14:59:48,2.4,1000,1506500
20240125,14:59:50,2.45,3700,1506500
20240125,14:59:52,2.45,5650,1506500
20240125,14:59:53,2.45,1050,1506500
20240125,14:59:55,2.45,900,1506500
20240125,14:59:57,2.45,3000,1506500
20240125,14:59:58,2.45,900,1506500
20240125,15:00:00,2.45,750,1506500
20240125,15:00:02,2.4,600,1506500
20240125,15:00:03,2.4,850,1506500
20240125,15:00:05,2.4,400,1506500
20240125,15:00:07,2.45,2800,1506500
20240125,15:00:08,2.45,2800,1506500
20240125,15:00:10,2.4,2800,1506500
20240125,15:00:12,2.45,7100,1506500
20240125,15:00:13,2.45,3900,1506500
20240125,15:00:15,2.4,6200,1506500
20240125,15:00:17,2.45,8100,1506500
20240125,15:00:18,2.45,6850,1506500
20240125,15:00:20,2.4,9500,1506500
20240125,15:00:22,2.45,11200,1506500
20240125,15:00:23,2.45,8200,1506500
20240125,15:00:28,2.45,31750,1506500
20240125,15:00:35,2.4,44400,1506500
20240125,15:00:42,2.45,30400,1803350
20240125,15:00:50,2.45,26550,1803350
20240125,15:00:58,2.4,9400,1803350
20240125,15:01:05,2.4,8200,1803350
20240125,15:01:14,2.35,4250,1803350
20240125,15:01:31,2.35,500,1803350
20240125,15:01:38,2.4,16000,1803350
20240125,15:01:46,2.4,23500,1803350
20240125,15:01:53,2.4,3550,1803350
20240125,15:02:01,2.45,700,1803350
20240125,15:02:09,2.4,21200,1803350
20240125,15:02:17,2.4,17900,1803350
20240125,15:02:25,2.4,2550,1803350
20240125,15:02:33,2.4,10000,1803350
20240125,15:02:40,2.4,9250,1803350
20240125,15:02:47,2.4,10250,1803350
20240125,15:02:54,2.4,3550,1803350
20240125,15:03:01,2.4,2400,1803350
20240125,15:03:09,2.4,2150,1803350
20240125,15:03:24,2.4,8500,1803350
20240125,15:03:32,2.45,750,1803350
20240125,15:03:47,2.4,11500,1933000
20240125,15:03:55,2.4,100,1933000
20240125,15:04:03,2.4,350,1933000
20240125,15:04:11,2.4,4300,1933000
20240125,15:04:19,2.4,7800,1933000
20240125,15:04:27,2.4,1350,1933000
20240125,15:04:34,2.4,16600,1933000
20240125,15:04:42,2.4,1300,1933000
20240125,15:04:50,2.4,13850,1933000
20240125,15:04:59,2.45,18000,1933000
20240125,15:05:07,2.4,900,1933000
20240125,15:05:16,2.4,6400,1933000
20240125,15:05:26,2.4,3450,1933000
20240125,15:05:34,2.4,3700,1933000
20240125,15:05:43,2.4,400,1933000
20240125,15:05:52,2.35,150,1933000
20240125,15:06:00,2.4,20550,1933000
20240125,15:06:17,2.4,4200,1933000
20240125,15:06:25,2.35,2850,1933000
20240125,15:06:33,2.4,3200,1933000
20240125,15:06:41,2.4,1900,2012800
20240125,15:06:49,2.4,5800,2012800
20240125,15:06:56,2.4,9450,2012800
20240125,15:07:04,2.4,2300,2012800
20240125,15:07:12,2.4,2100,2012800
20240125,15:07:20,2.4,18650,2012800
20240125,15:07:27,2.4,950,2012800
20240125,15:07:36,2.45,1000,2012800
20240125,15:07:42,2.4,7400,2012800
20240125,15:07:50,2.4,15200,2012800
20240125,15:07:57,2.4,2200,2012800
20240125,15:08:04,2.35,3050,2012800
20240125,15:08:12,2.35,7000,2012800
20240125,15:08:26,2.35,400,2012800
20240125,15:08:33,2.35,3200,2012800
20240125,15:08:40,2.35,4000,2012800
20240125,15:08:47,2.4,2950,2012800
20240125,15:08:55,2.35,1550,2012800
20240125,15:09:04,2.4,78500,2012800
20240125,15:09:13,2.4,14000,2012800
20240125,15:09:22,2.45,20650,2012800
20240125,15:09:31,2.45,5450,2012800
20240125,15:09:40,2.4,1800,2012800
20240125,15:09:48,2.4,4800,2147250
20240125,15:09:56,2.4,500,2147250
20240125,15:10:05,2.4,2100,2147250
20240125,15:10:27,2.4,500,2147250
20240125,15:10:35,2.4,12550,2147250
20240125,15:10:42,2.4,1650,2147250
20240125,15:10:49,2.45,1650,2147250
20240125,15:11:05,2.4,1250,2147250
20240125,15:11:13,2.45,52850,2147250
20240125,15:11:21,2.45,8450,2147250
20240125,15:11:29,2.45,4200,2147250
20240125,15:11:37,2.45,8950,2147250
20240125,15:11:44,2.45,22350,2147250
20240125,15:11:51,2.4,500,2147250
20240125,15:11:59,2.4,16350,2147250
20240125,15:12:08,2.4,18600,2147250
20240125,15:12:17,2.4,24450,2147250
20240125,15:12:25,2.4,29150,2147250
20240125,15:12:33,2.35,3750,2147250
20240125,15:12:41,2.35,8050,2341650
20240125,15:12:51,2.35,16550,2341650
20240125,15:13:00,2.4,29200,2341650
20240125,15:13:08,2.35,38600,2341650
20240125,15:13:17,2.4,11450,2341650
20240125,15:13:24,2.4,17200,2341650
20240125,15:13:33,2.4,26650,2341650
20240125,15:13:41,2.4,19350,2341650
20240125,15:13:48,2.35,8050,2341650
20240125,15:13:56,2.35,250,2341650
20240125,15:14:14,2.4,47700,2341650
20240125,15:14:22,2.5,69300,2341650
20240125,15:14:31,2.55,15650,2341650
20240125,15:14:40,2.5,4550,2341650
20240125,15:14:49,2.5,3500,2341650
20240125,15:14:57,2.5,9200,2341650
20240125,15:15:06,2.5,1900,2341650
20240125,15:15:15,2.5,1400,2341650
20240125,15:15:23,2.5,11750,2341650
20240125,15:15:30,2.5,9950,2341650
20240125,15:15:39,2.45,8150,2341650
20240125,15:15:47,2.45,6000,2577250
20240125,15:15:56,2.4,4600,2577250
20240125,15:16:06,2.45,11200,2577250
20240125,15:16:15,2.4,650,2577250
20240125,15:16:23,2.4,6250,2577250
20240125,15:16:31,2.4,26300,2577250
20240125,15:16:39,2.4,13050,2577250
20240125,15:16:48,2.4,24850,2577250
20240125,15:16:55,2.4,14650,2577250
20240125,15:17:02,2.35,3800,2577250
20240125,15:17:10,2.35,47500,2577250
20240125,15:17:17,2.3,48700,2577250
20240125,15:17:25,2.3,27100,2577250
20240125,15:17:35,2.25,4150,2577250
20240125,15:17:44,2.25,3850,2577250
20240125,15:17:51,2.25,2100,2577250
20240125,15:17:57,2.25,16550,2577250
20240125,15:18:05,2.3,52200,2577250
20240125,15:18:12,2.3,1150,2577250
20240125,15:18:19,2.3,1100,2577250
20240125,15:18:25,2.3,750,2577250
20240125,15:18:31,2.35,36800,2577250
20240125,15:18:39,2.35,3100,2577250
20240125,15:18:46,2.3,4000,2857650
20240125,15:18:54,2.3,28950,2857650
20240125,15:19:01,2.25,400,2857650
20240125,15:19:08,2.25,1400,2857650
20240125,15:19:17,2.25,4400,2857650
20240125,15:19:24,2.25,1800,2857650
20240125,15:19:32,2.25,3000,2857650
20240125,15:19:38,2.3,200,2857650
20240125,15:19:45,2.25,8350,2857650
20240125,15:19:52,2.25,2350,2857650
20240125,15:19:59,2.25,7050,2857650
20240125,15:20:06,2.25,1800,2857650
20240125,15:20:12,2.25,150,2857650
20240125,15:20:19,2.25,26850,2857650
20240125,15:20:33,2.25,37750,2857650
20240125,15:20:46,2.25,14300,2857650
20240125,15:20:52,2.2,60800,2857650
20240125,15:20:58,2.2,11150,2857650
20240125,15:21:04,2.2,8050,2857650
20240125,15:21:11,2.15,14400,2857650
20240125,15:21:17,2.2,6600,2857650
20240125,15:21:24,2.2,300,2857650
20240125,15:21:31,2.2,11550,2857650
20240125,15:21:38,2.2,13600,2857650
20240125,15:21:44,2.2,12550,3083050
20240125,15:21:58,2.15,5500,3083050
20240125,15:22:04,2.15,3300,3083050
20240125,15:22:11,2.2,3300,3083050
20240125,15:22:17,2.2,18750,3083050
20240125,15:22:24,2.2,19250,3083050
20240125,15:22:29,2.2,5500,3083050
20240125,15:22:35,2.2,6600,3083050
20240125,15:22:42,2.2,100,3083050
20240125,15:22:49,2.2,4350,3083050
20240125,15:22:56,2.2,1850,3083050
20240125,15:23:01,2.2,350,3083050
20240125,15:23:08,2.2,24050,3083050
20240125,15:23:14,2.15,15800,3083050
20240125,15:23:21,2.2,1850,3083050
20240125,15:23:27,2.2,13850,3083050
20240125,15:23:35,2.2,4100,3083050
20240125,15:23:43,2.25,2600,3083050
20240125,15:23:50,2.2,100,3083050
20240125,15:23:57,2.2,6300,3083050
20240125,15:24:04,2.25,600,3083050
20240125,15:24:26,2.2,5350,3083050
20240125,15:24:32,2.2,100,3083050
20240125,15:24:37,2.2,3600,3083050
20240125,15:24:42,2.2,7050,3083050
20240125,15:24:59,2.2,4250,3126700
20240125,15:25:06,2.15,10350,3126700
20240125,15:25:12,2.2,4650,3126700
20240125,15:25:20,2.15,2300,3126700
20240125,15:25:28,2.15,1850,3126700
20240125,15:25:34,2.15,3850,3126700
20240125,15:25:41,2.1,800,3126700
20240125,15:25:48,2.15,23100,3126700
20240125,15:25:56,2.15,43650,3126700
20240125,15:26:04,2.2,10650,3126700
20240125,15:26:11,2.2,11050,3126700
20240125,15:26:17,2.15,20300,3126700
20240125,15:26:25,2.15,4450,3126700
20240125,15:26:32,2.15,1850,3126700
20240125,15:26:40,2.2,1850,3126700
20240125,15:26:47,2.15,1800,3126700
20240125,15:26:55,2.2,600,3126700
20240125,15:27:03,2.2,20100,3126700
20240125,15:27:10,2.25,650,3126700
20240125,15:27:18,2.2,2500,3126700
20240125,15:27:27,2.3,31550,3126700
20240125,15:27:35,2.3,1200,3126700
20240125,15:27:44,2.3,8400,3216450
20240125,15:27:52,2.3,8800,3216450
20240125,15:28:01,2.3,28650,3216450
20240125,15:28:09,2.3,34350,3216450
20240125,15:28:17,2.45,37050,3216450
20240125,15:28:26,2.6,18750,3216450
20240125,15:28:35,2.75,18800,3216450
20240125,15:28:43,2.75,23850,3216450
20240125,15:28:50,2.6,4000,3216450
20240125,15:28:58,2.6,1900,3216450
20240125,15:29:04,2.6,1500,3216450
20240125,15:29:12,2.7,53850,3216450
20240125,15:29:19,2.7,17550,3216450
20240125,15:29:28,2.6,7800,3216450
20240125,15:29:34,2.6,2000,3216450
20240125,15:29:41,2.6,1800,3216450
20240125,15:29:49,2.8,59950,3216450
20240125,15:29:57,2.95,23900,3216450
20240125,15:30:02,2.8,2900,3216450
20240129,09:15:00,2.4,1,3365750
20240129,09:15:00,1.9,1,3365750
20240129,09:15:00,2.4,4550,3365750
20240129,09:15:00,2.4,750,3365750
20240129,09:15:02,2.3,2600,3365750
20240129,09:15:03,2.4,900,3365750
20240129,09:15:04,2.4,1050,3365750
20240129,09:15:05,2.35,2850,3365750
20240129,09:15:06,2.45,3000,3365750
20240129,09:15:07,2.6,6900,3365750
20240129,09:15:08,2.35,7200,3365750
20240129,09:15:09,2.3,3000,3365750
20240129,09:15:10,2.3,1100,3365750
20240129,09:15:11,2.2,2250,3365750
20240129,09:15:12,2.2,1050,3365750
20240129,09:15:13,2.2,150,3365750
20240129,09:15:14,2.05,2200,3365750
20240129,09:15:15,2.15,200,3365750
20240129,09:15:16,2.15,50,3365750
20240129,09:15:17,2.15,2050,3365750
20240129,09:15:18,2.05,200,3365750
20240129,09:15:19,2.05,450,3365750
20240129,09:15:20,2.05,1850,3365750
20240129,09:15:21,2.05,250,3365750
20240129,09:15:22,2.0,3950,3365750
20240129,09:15:23,2.0,950,3365750
20240129,09:15:24,2.0,200,3365750
20240129,09:15:25,2.0,400,3365750
20240129,09:15:26,2.0,3300,3365750
20240129,09:15:27,1.95,450,3365750
20240129,09:15:28,1.95,650,3365750
20240129,09:15:29,1.95,500,3365750
20240129,09:15:30,2.0,2200,3365750
20240129,09:15:31,2.0,50,3365750
20240129,09:15:32,1.95,600,3365750
20240129,09:15:33,2.0,3000,3365750
20240129,09:15:34,1.95,1050,3365750
20240129,09:15:35,2.0,3650,3365750
20240129,09:15:36,2.0,50,3365750
20240129,09:15:37,2.0,750,3365750
20240129,09:15:38,1.95,2650,3365750
20240129,09:15:39,2.0,2450,3365750
20240129,09:15:40,1.95,1000,3365750
20240129,09:15:41,2.0,2250,3365750
20240129,09:15:42,1.95,600,3365750
20240129,09:15:43,1.95,2250,3365750
20240129,09:15:44,1.95,1850,3365750
20240129,09:15:45,1.95,2250,3365750
20240129,09:15:47,1.95,1800,3365750
20240129,09:15:48,1.95,16350,3365750
20240129,09:15:49,1.95,600,3365750
20240129,09:15:50,1.95,4400,3365750
20240129,09:15:51,2.0,2100,3365750
20240129,09:15:52,1.95,1150,3365750
20240129,09:15:53,1.95,200,3365750
20240129,09:15:54,1.9,1800,3365750
20240129,09:15:55,1.95,1050,3365750
20240129,09:15:58,1.95,100,3365750
20240129,09:15:59,1.9,5100,3365750
20240129,09:16:02,1.95,2350,3365750
20240129,09:16:02,1.9,600,3365750
20240129,09:16:03,1.9,1150,3365750
20240129,09:16:04,1.95,1750,3365750
20240129,09:16:05,1.95,150,3365750
20240129,09:16:06,1.9,2700,3365750
20240129,09:16:07,1.9,100,3365750
20240129,09:16:12,1.85,600,3365750
20240129,09:16:13,1.9,2050,3365750
20240129,09:16:14,2.0,22100,3365750
20240129,09:16:17,1.95,1900,3365750
20240129,09:16:19,1.95,4450,3365750
20240129,09:16:20,1.95,2750,3365750
20240129,09:16:21,1.95,2300,3365750
20240129,09:16:23,1.95,1900,3365750
20240129,09:16:24,1.95,1050,3365750
20240129,09:16:26,1.95,100,3365750
20240129,09:16:27,1.9,1500,3365750
20240129,09:16:31,1.95,850,3365750
20240129,09:16:33,1.9,100,3365750
20240129,09:16:34,1.9,400,3365750
20240129,09:16:35,1.9,1100,3365750
20240129,09:16:36,1.9,1000,3365750
20240129,09:16:37,1.9,2550,3365750
20240129,09:16:38,1.9,2800,3365750
20240129,09:16:39,1.85,50,3365750
20240129,09:16:40,1.9,2550,3365750
20240129,09:16:42,1.95,7550,3365750
20240129,09:16:43,1.95,3500,3365750
20240129,09:16:44,1.95,50,3365750
20240129,09:16:45,1.9,1950,3365750
20240129,09:16:48,1.95,1800,3365750
20240129,09:16:49,1.95,50,3365750
20240129,09:16:50,1.95,1850,3365750
20240129,09:16:51,1.9,50,3365750
20240129,09:16:52,1.95,2100,3365750
20240129,09:16:53,1.95,13350,3365750
20240129,09:16:54,1.95,4000,3365750
20240129,09:16:55,1.95,50,3365750
20240129,09:16:56,1.95,1250,3365750
20240129,09:16:59,1.95,1100,3365750
20240129,09:17:00,1.95,1150,3365750
20240129,09:17:01,1.95,5400,3365750
20240129,09:17:02,1.95,4700,3365750
20240129,09:17:05,1.95,4650,3365750
20240129,09:17:06,1.95,6400,3393150
20240129,09:17:07,2.0,7200,3393150
20240129,09:17:08,1.95,3600,3393150
20240129,09:17:09,2.0,3450,3393150
20240129,09:17:10,2.0,3350,3393150
20240129,09:17:11,1.95,1800,3393150
20240129,09:17:12,1.95,1800,3393150
20240129,09:17:13,1.95,1800,3393150
20240129,09:17:15,2.0,5100,3393150
20240129,09:17:16,2.0,1550,3393150
20240129,09:17:17,2.0,1700,3393150
20240129,09:17:18,2.0,5600,3393150
20240129,09:17:19,2.0,4050,3393150
20240129,09:17:20,2.0,3300,3393150
20240129,09:17:21,2.0,1800,3393150
20240129,09:17:22,2.0,2150,3393150
20240129,09:17:24,2.0,5550,3393150
20240129,09:17:25,2.0,16350,3393150
20240129,09:17:26,2.0,1600,3393150
20240129,09:17:28,2.0,3350,3393150
20240129,09:17:29,2.05,1100,3393150
20240129,09:17:30,2.05,6100,3393150
20240129,09:17:31,2.05,2400,3393150
20240129,09:17:33,2.05,6100,3393150
20240129,09:17:33,2.05,50,3393150
20240129,09:17:34,2.05,50,3393150
20240129,09:17:35,2.05,3200,3393150
20240129,09:17:36,2.05,150,3393150
20240129,09:17:37,2.05,2100,3393150
20240129,09:17:38,2.05,3650,3393150
20240129,09:17:39,2.05,150,3393150
20240129,09:17:40,2.0,400,3393150
20240129,09:17:41,2.0,1500,3393150
20240129,09:17:42,2.0,1850,3393150
20240129,09:17:43,2.05,100,3393150
20240129,09:17:44,2.05,300,3393150
20240129,09:17:46,2.0,1050,3393150
20240129,09:17:47,2.0,1500,3393150
20240129,09:17:48,2.05,800,3393150
20240129,09:17:49,2.0,550,3393150
20240129,09:17:50,2.05,50,3393150
20240129,09:17:51,2.0,1500,3393150
20240129,09:17:53,2.05,1550,3393150
20240129,09:17:54,2.05,1500,3393150
20240129,09:17:56,2.0,1550,3393150
20240129,09:17:58,2.05,1550,3393150
20240129,09:17:59,2.05,3000,3393150
20240129,09:18:00,2.0,2600,3393150
20240129,09:18:01,2.05,18350,3393150
20240129,09:18:02,2.0,50,3393150
20240129,09:18:03,2.0,2000,3393150
20240129,09:18:04,2.0,300,3393150
20240129,09:18:06,2.0,950,3393150
20240129,09:18:07,2.0,18100,3393150
20240129,09:18:08,2.05,2000,3393150
20240129,09:18:09,2.0,1200,3393150
20240129,09:18:10,2.0,8100,3393150
20240129,09:18:12,2.05,2600,3393150
20240129,09:18:14,2.05,450,3393150
20240129,09:18:18,2.0,5300,3393150
20240129,09:18:19,2.0,1600,3393150
20240129,09:18:20,2.0,9550,3393150
20240129,09:18:21,2.0,8850,3393150
20240129,09:18:22,2.0,6450,3393150
20240129,09:18:22,2.05,100,3393150
20240129,09:18:23,2.0,20150,3393150
20240129,09:18:26,2.05,13350,3393150
20240129,09:18:27,2.05,30900,3393150
20240129,09:18:28,2.0,4000,3393150
20240129,09:18:29,2.05,950,3393150
20240129,09:18:35,2.0,19050,3393150
20240129,09:18:36,2.0,6000,3393150
20240129,09:18:37,2.0,1800,3393150
20240129,09:18:39,2.0,500,3393150
20240129,09:18:41,2.05,50,3393150
20240129,09:18:44,2.05,100,3393150
20240129,09:18:45,2.0,50,3393150
20240129,09:18:46,2.0,1800,3393150
20240129,09:18:47,2.05,600,3393150
20240129,09:18:50,2.0,50,3393150
20240129,09:18:52,2.0,1450,3393150
20240129,09:18:53,2.05,1850,3393150
20240129,09:18:56,2.05,800,3393150
20240129,09:18:57,2.05,2600,3393150
20240129,09:18:58,2.0,1800,3393150
20240129,09:18:59,2.05,1650,3393150
20240129,09:19:01,2.05,250,3393150
20240129,09:19:01,2.05,50,3393150
20240129,09:19:03,2.0,600,3393150
20240129,09:19:04,2.05,100,3393150
20240129,09:19:05,2.0,100,3393150
20240129,09:19:07,2.0,1300,3393150
20240129,09:19:09,2.05,2350,3393150
20240129,09:19:11,2.0,3050,3393150
20240129,09:19:11,2.0,1050,3393150
20240129,09:19:12,2.05,550,3393150
20240129,09:19:13,2.0,8350,3393150
20240129,09:19:14,2.0,3600,3393150
20240129,09:19:16,2.0,3600,3393150
20240129,09:19:16,2.0,21850,3393150
20240129,09:19:17,2.0,9000,3393150
20240129,09:19:18,2.05,350,3393150
20240129,09:19:24,2.05,50,3393150
20240129,09:19:26,2.0,5550,3393150
20240129,09:19:27,2.0,5400,3393150
20240129,09:19:29,2.05,150,3393150
20240129,09:19:32,2.05,50,3393150
20240129,09:19:35,2.0,9500,3393150
20240129,09:19:36,2.0,2300,3393150
20240129,09:19:37,2.0,500,3393150
20240129,09:19:39,2.0,11650,3393150
20240129,09:19:40,2.0,6300,3393150
20240129,09:19:42,2.0,200,3393150
20240129,09:19:45,2.0,500,3393150
20240129,09:19:51,2.0,100,3393150
20240129,09:19:51,2.05,50,3393150
20240129,09:19:52,2.05,50,3393150
20240129,09:19:53,2.0,1250,3393150
20240129,09:19:55,2.0,1050,3393150
20240129,09:19:56,2.0,900,3393150
20240129,09:19:57,2.0,1350,3393150
20240129,09:19:57,2.0,750,3393150
20240129,09:19:58,2.0,3600,3393150
20240129,09:20:00,2.0,1800,3393150
20240129,09:20:01,2.05,200,3393150
20240129,09:20:02,2.0,300,3393150
20240129,09:20:03,2.0,15100,3393150
20240129,09:20:03,2.05,1200,3393150
20240129,09:20:04,2.05,5400,3393150
20240129,09:20:07,2.0,100,3471250
20240129,09:20:08,2.0,1800,3471250
20240129,09:20:08,2.0,100,3471250
20240129,09:20:09,2.05,16250,3471250
20240129,09:20:10,2.0,5450,3471250
20240129,09:20:11,2.05,8500,3471250
20240129,09:20:12,2.0,50,3471250
20240129,09:20:13,2.0,300,3471250
20240129,09:20:16,2.0,400,3471250
20240129,09:20:20,2.05,750,3471250
20240129,09:20:22,2.0,1350,3471250
20240129,09:20:25,2.05,1800,3471250
20240129,09:20:27,2.05,1800,3471250
20240129,09:20:28,2.05,1850,3471250
20240129,09:20:28,2.05,3600,3471250
20240129,09:20:30,2.05,1800,3471250
20240129,09:20:31,2.05,300,3471250
20240129,09:20:32,2.05,1800,3471250
20240129,09:20:33,2.0,100,3471250
20240129,09:20:33,2.05,1800,3471250
20240129,09:20:35,2.05,250,3471250
20240129,09:20:35,2.05,1800,3471250
20240129,09:20:36,2.05,3750,3471250
20240129,09:20:37,2.05,10600,3471250
20240129,09:20:39,2.05,16450,3471250
20240129,09:20:40,2.05,8150,3471250
20240129,09:20:40,2.0,2200,3471250
20240129,09:20:42,2.05,14850,3471250
20240129,09:20:42,2.1,11050,3471250
20240129,09:20:44,2.1,5150,3471250
20240129,09:20:44,2.1,4100,3471250
20240129,09:20:46,2.05,10200,3471250
20240129,09:20:47,2.1,8950,3471250
20240129,09:20:47,2.1,1800,3471250
20240129,09:20:48,2.1,900,3471250
20240129,09:20:50,2.1,50,3471250
20240129,09:20:50,2.15,1800,3471250
20240129,09:20:51,2.15,3550,3471250
20240129,09:20:54,2.2,1950,3471250
20240129,09:20:57,2.15,50,3471250
20240129,09:20:58,2.2,700,3471250
20240129,09:21:00,2.2,1550,3471250
20240129,09:21:00,2.2,4500,3471250
20240129,09:21:04,2.2,200,3471250
20240129,09:21:05,2.2,1950,3471250
20240129,09:21:07,2.2,2450,3471250
20240129,09:21:07,2.2,2900,3471250
20240129,09:21:09,2.2,1900,3471250
20240129,09:21:09,2.2,2300,3471250
20240129,09:21:11,2.25,14550,3471250
20240129,09:21:12,2.2,8450,3471250
20240129,09:21:13,2.25,1150,3471250
20240129,09:21:13,2.25,5200,3471250
20240129,09:21:14,2.25,5900,3471250
20240129,09:21:16,2.3,2100,3471250
20240129,09:21:17,2.25,50,3471250
20240129,09:21:18,2.25,450,3471250
20240129,09:21:20,2.25,1900,3471250
20240129,09:21:22,2.25,1500,3471250
20240129,09:21:23,2.3,1900,3471250
20240129,09:21:24,2.3,450,3471250
20240129,09:21:24,2.25,200,3471250
20240129,09:21:25,2.25,50,3471250
20240129,09:21:26,2.3,200,3471250
20240129,09:21:28,2.3,100,3471250
20240129,09:21:30,2.25,7400,3471250
20240129,09:21:31,2.25,100,3471250
20240129,09:21:34,2.25,900,3471250
20240129,09:21:34,2.25,1900,3471250
20240129,09:21:35,2.25,5550,3471250
20240129,09:21:36,2.25,7550,3471250
20240129,09:21:37,2.25,500,3471250
20240129,09:21:38,2.25,750,3471250
20240129,09:21:41,2.2,1800,3471250
20240129,09:21:44,2.2,13200,3471250
20240129,09:21:44,2.25,3600,3471250
20240129,09:21:45,2.2,3600,3471250
20240129,09:21:46,2.2,1800,3471250
20240129,09:21:48,2.25,50,3471250
20240129,09:21:52,2.2,100,3471250
20240129,09:21:53,2.25,4050,3471250
20240129,09:21:54,2.25,2300,3471250
20240129,09:21:55,2.2,1800,3471250
20240129,09:21:56,2.2,200,3471250
20240129,09:21:57,2.25,1900,3471250
20240129,09:21:58,2.2,500,3471250
20240129,09:21:59,2.2,500,3471250
20240129,09:22:01,2.2,2050,3471250
20240129,09:22:02,2.2,1800,3471250
20240129,09:22:03,2.2,1800,3471250
20240129,09:22:04,2.2,1950,3471250
20240129,09:22:07,2.2,50,3471250
20240129,09:22:08,2.15,300,3471250
20240129,09:22:10,2.2,16200,3471250
20240129,09:22:11,2.2,5400,3471250
20240129,09:22:12,2.15,3600,3471250
20240129,09:22:16,2.15,7100,3471250
20240129,09:22:17,2.2,50,3471250
20240129,09:22:19,2.2,200,3471250
20240129,09:22:20,2.2,5800,3471250
20240129,09:22:21,2.15,2700,3471250
20240129,09:22:22,2.15,500,3471250
20240129,09:22:26,2.2,12750,3471250
20240129,09:22:27,2.2,5700,3471250
20240129,09:22:29,2.2,50,3471250
20240129,09:22:31,2.15,1000,3471250
20240129,09:22:33,2.15,1100,3471250
20240129,09:22:34,2.2,1900,3471250
20240129,09:22:35,2.15,1000,3471250
20240129,09:22:37,2.15,50,3471250
20240129,09:22:39,2.2,250,3471250
20240129,09:22:40,2.15,750,3471250
20240129,09:22:41,2.2,50,3471250
20240129,09:22:42,2.2,1800,3471250
20240129,09:22:44,2.2,1400,3471250
20240129,09:22:45,2.2,850,3471250
20240129,09:22:46,2.15,1800,3471250
20240129,09:22:48,2.15,750,3471250
20240129,09:22:49,2.2,2750,3471250
20240129,09:22:50,2.2,100,3471250
20240129,09:22:51,2.15,200,3471250
20240129,09:22:52,2.15,50,3471250
20240129,09:22:53,2.2,200,3471250
20240129,09:22:54,2.15,1800,3471250
20240129,09:22:55,2.15,4550,3471250
20240129,09:22:56,2.15,5400,3471250
20240129,09:22:57,2.15,7250,3471250
20240129,09:22:58,2.15,1800,3471250
20240129,09:22:59,2.15,400,3471250
20240129,09:23:00,2.15,50,3471250
20240129,09:23:01,2.15,400,3471250
20240129,09:23:02,2.1,2300,3471250
20240129,09:23:03,2.1,1800,3471250
20240129,09:23:04,2.15,50,3471250
20240129,09:23:05,2.1,1800,3471250
20240129,09:23:06,2.1,1800,3471250
20240129,09:23:07,2.15,4050,3570950
20240129,09:23:08,2.15,1200,3570950
20240129,09:23:09,2.1,2700,3570950
20240129,09:23:10,2.1,1900,3570950
20240129,09:23:11,2.1,1650,3570950
20240129,09:23:16,2.15,13000,3570950
20240129,09:23:17,2.15,1800,3570950
20240129,09:23:20,2.15,100,3570950
20240129,09:23:21,2.1,100,3570950
20240129,09:23:22,2.15,2050,3570950
20240129,09:23:23,2.15,450,3570950
20240129,09:23:24,2.15,1500,3570950
20240129,09:23:25,2.15,100,3570950
20240129,09:23:26,2.15,1500,3570950
20240129,09:23:27,2.15,1950,3570950
20240129,09:23:29,2.1,1550,3570950
20240129,09:23:30,2.15,10800,3570950
20240129,09:23:31,2.15,1950,3570950
20240129,09:23:32,2.15,2500,3570950
20240129,09:23:33,2.15,1900,3570950
20240129,09:23:34,2.15,7200,3570950
20240129,09:23:35,2.15,4250,3570950
20240129,09:23:41,2.15,1800,3570950
20240129,09:23:42,2.15,4800,3570950
20240129,09:23:44,2.15,7350,3570950
20240129,09:23:45,2.2,150,3570950
20240129,09:23:46,2.15,9000,3570950
20240129,09:23:47,2.15,900,3570950
20240129,09:23:48,2.15,900,3570950
20240129,09:23:50,2.15,2400,3570950
20240129,09:23:51,2.1,2100,3570950
20240129,09:23:57,2.1,50,3570950
20240129,09:24:00,2.1,1800,3570950
20240129,09:24:03,2.1,2000,3570950
20240129,09:24:05,2.15,350,3570950
20240129,09:24:06,2.15,1800,3570950
20240129,09:24:09,2.15,4000,3570950
20240129,09:24:09,2.15,1500,3570950
20240129,09:24:10,2.2,23100,3570950
20240129,09:24:11,2.15,2200,3570950
20240129,09:24:13,2.15,2000,3570950
20240129,09:24:14,2.15,1000,3570950
20240129,09:24:16,2.15,1000,3570950
20240129,09:24:17,2.15,500,3570950
20240129,09:24:18,2.15,200,3570950
20240129,09:24:19,2.15,1800,3570950
20240129,09:24:22,2.15,2400,3570950
20240129,09:24:22,2.15,1800,3570950
20240129,09:24:23,2.15,1850,3570950
20240129,09:24:24,2.15,100,3570950
20240129,09:24:25,2.15,500,3570950
20240129,09:24:26,2.15,50,3570950
20240129,09:24:27,2.15,1400,3570950
20240129,09:24:28,2.15,1000,3570950
20240129,09:24:29,2.2,500,3570950
20240129,09:24:30,2.2,100,3570950
20240129,09:24:31,2.2,150,3570950
20240129,09:24:37,2.2,50,3570950
20240129,09:24:41,2.2,50,3570950
20240129,09:24:43,2.2,2150,3570950
20240129,09:24:48,2.15,1000,3570950
20240129,09:24:54,2.2,2800,3570950
20240129,09:24:54,2.2,7400,3570950
20240129,09:24:55,2.15,4300,3570950
20240129,09:24:57,2.15,1500,3570950
20240129,09:25:01,2.2,1800,3570950
20240129,09:25:02,2.2,1500,3570950
20240129,09:25:05,2.15,2000,3570950
20240129,09:25:06,2.15,200,3570950
20240129,09:25:07,2.15,200,3570950
20240129,09:25:08,2.15,200,3570950
20240129,09:25:10,2.15,5700,3570950
20240129,09:25:11,2.15,16700,3570950
20240129,09:25:12,2.15,700,3570950
20240129,09:25:13,2.2,8550,3570950
20240129,09:25:14,2.2,5300,3570950
20240129,09:25:15,2.2,9750,3570950
20240129,09:25:16,2.2,200,3570950
20240129,09:25:17,2.2,1300,3570950
20240129,09:25:18,2.25,2300,3570950
20240129,09:25:19,2.2,2100,3570950
20240129,09:25:20,2.2,5100,3570950
20240129,09:25:21,2.2,2650,3570950
20240129,09:25:24,2.2,200,3570950
20240129,09:25:26,2.25,1900,3570950
20240129,09:25:27,2.25,500,3570950
20240129,09:25:28,2.25,1000,3570950
20240129,09:25:29,2.25,1500,3570950
20240129,09:25:30,2.25,300,3570950
20240129,09:25:31,2.25,2100,3570950
20240129,09:25:34,2.25,3600,3570950
20240129,09:25:35,2.25,400,3570950
20240129,09:25:37,2.25,600,3570950
20240129,09:25:38,2.2,1600,3570950
20240129,09:25:39,2.25,250,3570950
20240129,09:25:40,2.25,250,3570950
20240129,09:25:41,2.25,800,3570950
20240129,09:25:43,2.25,200,3570950
20240129,09:25:45,2.25,1800,3570950
20240129,09:25:47,2.2,1800,3570950
20240129,09:25:48,2.25,1800,3570950
20240129,09:25:49,2.25,2900,3570950
20240129,09:25:52,2.2,250,3570950
20240129,09:25:54,2.2,50,3570950
20240129,09:25:58,2.25,1350,3570950
20240129,09:26:00,2.25,1800,3570950
20240129,09:26:02,2.25,300,3570950
20240129,09:26:03,2.2,400,3570950
20240129,09:26:04,2.2,250,3570950
20240129,09:26:05,2.25,1300,3570950
20240129,09:26:07,2.2,1800,3570950
20240129,09:26:08,2.2,3000,3653000
20240129,09:26:09,2.2,200,3653000
20240129,09:26:11,2.2,50,3653000
20240129,09:26:12,2.25,650,3653000
20240129,09:26:13,2.25,500,3653000
20240129,09:26:17,2.2,300,3653000
20240129,09:26:18,2.2,1600,3653000
20240129,09:26:19,2.25,18850,3653000
20240129,09:26:20,2.25,7200,3653000
20240129,09:26:21,2.25,5150,3653000
20240129,09:26:22,2.25,1850,3653000
20240129,09:26:23,2.25,1800,3653000
20240129,09:26:24,2.25,2000,3653000
20240129,09:26:25,2.25,1800,3653000
20240129,09:26:26,2.25,3600,3653000
20240129,09:26:27,2.25,1800,3653000
20240129,09:26:28,2.25,4600,3653000
20240129,09:26:33,2.25,100,3653000
20240129,09:26:34,2.25,50,3653000
20240129,09:26:35,2.25,50,3653000
20240129,09:26:38,2.2,2500,3653000
20240129,09:26:40,2.25,2500,3653000
20240129,09:26:44,2.2,1400,3653000
20240129,09:26:46,2.2,650,3653000
20240129,09:26:47,2.2,250,3653000
20240129,09:26:48,2.25,1800,3653000
20240129,09:26:49,2.2,150,3653000
20240129,09:26:51,2.25,100,3653000
20240129,09:26:55,2.25,50,3653000
20240129,09:26:57,2.25,50,3653000
20240129,09:26:58,2.25,600,3653000
20240129,09:26:59,2.2,6100,3653000
20240129,09:27:03,2.2,50,3653000
20240129,09:27:04,2.2,100,3653000
20240129,09:27:05,2.2,300,3653000
20240129,09:27:07,2.2,1500,3653000
20240129,09:27:08,2.25,18000,3653000
20240129,09:27:09,2.25,1800,3653000
20240129,09:27:11,2.25,250,3653000
20240129,09:27:13,2.25,50,3653000
20240129,09:27:14,2.2,200,3653000
20240129,09:27:16,2.2,200,3653000
20240129,09:27:17,2.25,200,3653000
20240129,09:27:19,2.2,50,3653000
20240129,09:27:20,2.2,50,3653000
20240129,09:27:21,2.2,50,3653000
20240129,09:27:22,2.2,50,3653000
20240129,09:27:23,2.2,100,3653000
20240129,09:27:24,2.2,15050,3653000
20240129,09:27:25,2.2,100,3653000
20240129,09:27:26,2.2,50,3653000
20240129,09:27:27,2.2,1800,3653000
20240129,09:27:29,2.2,50,3653000
20240129,09:27:30,2.2,2000,3653000
20240129,09:27:31,2.2,1950,3653000
20240129,09:27:32,2.2,2000,3653000
20240129,09:27:34,2.2,2000,3653000
20240129,09:27:36,2.2,2200,3653000
20240129,09:27:39,2.25,3000,3653000
20240129,09:27:40,2.25,3150,3653000
20240129,09:27:41,2.25,3200,3653000
20240129,09:27:42,2.2,1800,3653000
20240129,09:27:43,2.25,17400,3653000
20240129,09:27:44,2.2,8700,3653000
20240129,09:27:45,2.2,1700,3653000
20240129,09:27:46,2.2,550,3653000
20240129,09:27:47,2.2,100,3653000
20240129,09:27:48,2.2,250,3653000
20240129,09:27:49,2.2,1750,3653000
20240129,09:27:50,2.2,100,3653000
20240129,09:27:51,2.25,1000,3653000
20240129,09:27:52,2.2,50,3653000
20240129,09:27:53,2.25,100,3653000
20240129,09:27:54,2.25,650,3653000
20240129,09:27:55,2.2,500,3653000
20240129,09:27:56,2.25,550,3653000
20240129,09:27:57,2.2,500,3653000
20240129,09:27:58,2.2,1000,3653000
20240129,09:27:59,2.2,500,3653000
20240129,09:28:00,2.25,100,3653000
20240129,09:28:01,2.2,1050,3653000
20240129,09:28:02,2.2,500,3653000
20240129,09:28:03,2.2,150,3653000
20240129,09:28:04,2.2,2150,3653000
20240129,09:28:05,2.2,2650,3653000
20240129,09:28:06,2.2,1550,3653000
20240129,09:28:07,2.2,3000,3653000
20240129,09:28:08,2.2,1200,3653000
20240129,09:28:09,2.2,3600,3653000
20240129,09:28:10,2.2,1400,3653000
20240129,09:28:12,2.25,1000,3653000
20240129,09:28:13,2.25,700,3653000
20240129,09:28:14,2.2,50,3653000
20240129,09:28:19,2.2,100,3653000
20240129,09:28:20,2.2,2050,3653000
20240129,09:28:21,2.2,1800,3653000
20240129,09:28:22,2.15,4050,3653000
20240129,09:28:24,2.2,100,3653000
20240129,09:28:26,2.15,100,3653000
20240129,09:28:27,2.2,150,3653000
