date,time,tick_price,volume,open_interest
20240124,15:18:54,3.05,250,500
20240124,15:19:25,3.05,250,500
20240124,15:19:48,2.9,50,500
20240124,15:19:57,2.9,50,500
20240124,15:20:05,2.9,50,500
20240124,15:23:39,2.8,100,500
20240124,15:24:19,2.8,50,500
20240124,15:25:30,2.75,50,500
20240124,15:25:53,2.55,500,500
20240124,15:29:16,2.55,300,300
20240125,09:15:28,2.8,1,350
20240125,09:15:28,2.8,250,350
20240125,09:15:37,2.8,100,350
20240125,09:16:31,2.2,50,350
20240125,09:17:24,2.2,300,350
20240125,09:17:32,2.5,200,350
20240125,09:17:41,2.5,150,350
20240125,09:19:23,2.8,850,650
20240125,09:19:41,2.85,50,650
20240125,09:19:49,2.85,100,650
20240125,09:20:32,2.85,50,650
20240125,09:21:00,2.9,100,1200
20240125,09:21:41,2.9,50,1200
20240125,09:21:56,2.9,100,1200
20240125,09:22:05,2.9,50,1200
20240125,09:22:21,2.95,200,1200
20240125,09:22:30,2.95,50,1200
20240125,09:23:21,3.1,300,1200
20240125,09:23:47,3.2,50,1200
20240125,09:23:57,3.3,200,1850
20240125,09:24:06,3.3,50,1850
20240125,09:24:25,3.4,600,1850
20240125,09:24:40,3.55,100,1850
20240125,09:24:48,3.55,50,1850
20240125,09:25:16,3.55,100,1850
20240125,09:25:26,3.7,50,1850
20240125,09:25:44,3.7,50,1850
20240125,09:26:27,3.45,50,1850
20240125,09:27:13,3.4,50,2700
20240125,09:27:22,3.35,50,2700
20240125,09:27:32,3.35,50,2700
20240125,09:27:48,3.45,300,2700
20240125,09:28:08,3.15,100,2700
20240125,09:28:17,3.15,100,2700
20240125,09:28:45,3.15,100,2700
20240125,09:29:03,3.1,150,2700
20240125,09:29:13,3.15,150,2700
20240125,09:30:06,3.15,50,2800
20240125,09:31:18,3.1,50,2800
20240125,09:31:44,3.1,100,2800
20240125,09:31:53,3.15,50,2800
20240125,09:32:02,3.1,300,2800
20240125,09:32:11,3.1,1350,2800
20240125,09:32:21,3.15,600,2800
20240125,09:32:29,3.15,450,2800
20240125,09:32:37,3.1,600,2800
20240125,09:32:47,3.1,100,2800
20240125,09:32:56,3.2,250,4550
20240125,09:33:13,3.25,50,4550
20240125,09:33:29,3.3,100,4550
20240125,09:33:43,3.25,50,4550
20240125,09:34:07,3.35,150,4550
20240125,09:34:14,3.4,50,4550
20240125,09:34:24,3.4,50,4550
20240125,09:34:33,3.4,600,4550
20240125,09:34:41,3.4,500,4550
20240125,09:34:51,3.4,200,4550
20240125,09:35:00,3.4,250,4550
20240125,09:35:09,3.35,250,4550
20240125,09:35:18,3.35,100,4550
20240125,09:35:27,3.3,250,4550
20240125,09:35:45,3.3,150,4550
20240125,09:35:52,3.3,250,4550
20240125,09:36:09,3.2,400,6100
20240125,09:36:24,3.2,50,6100
20240125,09:37:07,3.2,550,6100
20240125,09:37:16,3.2,100,6100
20240125,09:37:32,3.2,50,6100
20240125,09:38:21,3.15,50,6100
20240125,09:38:29,3.1,100,6100
20240125,09:38:46,3.15,50,6100
20240125,09:38:53,3.15,50,6100
20240125,09:39:25,3.25,50,6800
20240125,09:39:34,3.15,100,6800
20240125,09:39:43,3.15,50,6800
20240125,09:40:15,3.15,150,6800
20240125,09:41:06,3.2,50,6800
20240125,09:42:30,3.3,50,6800
20240125,09:43:18,3.25,50,6800
20240125,09:43:33,3.2,150,6800
20240125,09:43:41,3.25,50,6800
20240125,09:44:30,3.3,50,6800
20240125,09:44:58,3.25,50,6800
20240125,09:45:07,3.3,50,6750
20240125,09:45:42,3.35,50,6750
20240125,09:45:52,3.35,100,6750
20240125,09:46:19,3.3,50,6750
20240125,09:47:14,3.25,100,6750
20240125,09:47:23,3.25,200,6750
20240125,09:51:29,3.45,150,6800
20240125,09:57:01,3.55,150,6950
20240125,09:59:14,3.55,50,6950
20240125,09:59:30,3.55,50,6950
20240125,10:06:07,3.5,100,6950
20240125,10:07:09,3.45,50,6950
20240125,10:07:51,3.4,200,6950
20240125,10:07:58,3.35,350,6950
20240125,10:08:20,3.5,1300,6950
20240125,10:10:07,3.4,50,6450
20240125,10:10:43,3.4,50,6450
20240125,10:10:51,3.4,50,6450
20240125,10:12:31,3.45,50,6450
20240125,10:13:19,3.4,50,6450
20240125,10:13:34,3.45,100,6450
20240125,10:13:50,3.5,150,6450
20240125,10:13:58,3.4,50,6450
20240125,10:14:06,3.4,50,6450
20240125,10:14:28,3.45,50,6450
20240125,10:14:36,3.4,50,6450
20240125,10:16:39,3.4,50,6400
20240125,10:17:15,3.4,50,6400
20240125,10:18:46,3.35,100,6400
20240125,10:21:06,3.5,100,6350
20240125,10:21:53,3.4,50,6350
20240125,10:22:20,3.35,100,6350
20240125,10:22:28,3.35,100,6350
20240125,10:22:37,3.3,50,6350
20240125,10:22:45,3.35,50,6350
20240125,10:23:55,3.35,100,6350
20240125,10:26:11,3.4,100,6450
20240125,10:26:21,3.4,100,6450
20240125,10:26:29,3.35,50,6450
20240125,10:26:38,3.3,50,6450
20240125,10:26:47,3.3,50,6450
20240125,10:27:13,3.25,50,6250
20240125,10:27:30,3.25,50,6250
20240125,10:27:38,3.3,50,6250
20240125,10:28:17,3.25,100,6250
20240125,10:28:26,3.2,100,6250
20240125,10:28:35,3.15,300,6250
20240125,10:28:51,3.15,50,6250
20240125,10:29:00,3.15,150,6250
20240125,10:29:16,3.15,50,6250
20240125,10:29:25,3.15,50,6250
20240125,10:30:58,3.05,100,5550
20240125,10:31:31,3.05,100,5550
20240125,10:31:47,3.05,100,5550
20240125,10:32:48,3.0,100,5550
20240125,10:32:57,3.0,50,5550
20240125,10:34:32,3.05,150,5450
20240125,10:42:37,3.3,50,5450
20240125,10:42:55,3.3,50,5450
20240125,10:45:40,3.5,200,5500
20240125,10:48:49,3.35,50,5700
20240125,10:48:56,3.5,50,5700
20240125,10:49:26,3.3,200,5700
20240125,10:49:39,3.3,50,5700
20240125,10:49:46,3.3,50,5700
20240125,10:49:53,3.3,50,5700
20240125,10:50:31,3.25,100,5700
20240125,10:50:38,3.25,50,5700
20240125,10:50:53,3.25,100,5700
20240125,10:52:14,3.3,100,6050
20240125,10:52:21,3.3,50,6050
20240125,10:52:29,3.3,100,6050
20240125,10:52:42,3.25,100,6050
20240125,10:53:32,3.3,100,6050
20240125,10:53:39,3.3,100,6050
20240125,10:53:47,3.25,100,6050
20240125,10:54:33,3.3,100,6150
20240125,10:54:50,3.35,50,6150
20240125,10:55:07,3.3,50,6150
20240125,10:55:16,3.35,100,6150
20240125,10:55:25,3.35,500,6150
20240125,10:55:33,3.3,50,6150
20240125,10:58:42,3.35,100,6600
20240125,11:01:00,3.4,50,6600
20240125,11:01:08,3.4,50,6600
20240125,11:01:50,3.45,50,6600
20240125,11:02:15,3.45,550,6600
20240125,11:02:42,3.4,300,6600
20240125,11:04:01,3.35,200,7550
20240125,11:11:30,3.3,100,7550
20240125,11:11:37,3.25,50,7550
20240125,11:11:53,3.2,100,7550
20240125,11:12:02,3.2,600,7550
20240125,11:16:42,3.25,100,8000
20240125,11:17:37,3.25,100,8000
20240125,11:18:09,3.25,100,8000
20240125,11:18:25,3.2,100,8200
20240125,11:19:00,3.2,50,8200
20240125,11:19:16,3.15,50,8200
20240125,11:20:52,3.2,50,8200
20240125,11:22:09,3.0,200,8150
20240125,11:22:45,3.0,50,8150
20240125,11:23:03,3.0,100,8150
20240125,11:23:30,3.1,50,8150
20240125,11:25:56,3.05,50,8050
20240125,11:26:51,3.2,50,8050
20240125,11:27:00,3.15,150,8050
20240125,11:27:27,3.25,50,8150
20240125,11:27:45,3.2,50,8150
20240125,11:28:11,3.25,50,8150
20240125,11:28:36,3.3,100,8150
20240125,11:28:44,3.25,100,8150
20240125,11:30:05,3.2,50,8150
20240125,11:31:01,3.25,100,8200
20240125,11:31:10,3.2,100,8200
20240125,11:32:26,3.1,150,8200
20240125,11:32:34,3.1,150,8200
20240125,11:33:20,3.1,250,8150
20240125,11:33:27,3.1,100,8150
20240125,11:34:57,3.15,500,8150
20240125,11:35:22,3.1,250,8150
20240125,11:36:05,3.05,50,8150
20240125,11:36:13,3.05,50,8650
20240125,11:36:21,3.0,50,8650
20240125,11:37:40,2.95,50,8650
20240125,11:38:28,2.9,500,8650
20240125,11:39:10,2.85,250,8650
20240125,11:39:20,2.85,50,8250
20240125,11:40:06,2.85,100,8250
20240125,11:40:34,2.8,100,8250
20240125,11:40:44,2.8,2450,8250
20240125,11:40:52,2.85,150,8250
20240125,11:41:11,2.8,150,8250
20240125,11:41:20,2.8,50,8250
20240125,11:41:45,2.8,50,8250
20240125,11:42:11,2.85,50,8250
20240125,11:42:19,2.85,50,9350
20240125,11:42:46,2.75,100,9350
20240125,11:43:28,2.7,300,9350
20240125,11:43:45,2.65,50,9350
20240125,11:43:55,2.6,250,9350
20240125,11:44:13,2.65,600,9350
20240125,11:44:21,2.65,50,9350
20240125,11:44:39,2.65,150,9350
20240125,11:45:20,2.65,50,8150
20240125,11:46:11,2.65,50,8150
20240125,11:46:19,2.65,400,8150
20240125,11:46:28,2.7,100,8150
20240125,11:47:09,2.65,100,8150
20240125,11:47:59,2.65,50,8150
20240125,11:48:14,2.65,50,8150
20240125,11:48:29,2.65,50,7700
20240125,11:49:33,2.65,1100,7700
20240125,11:50:33,2.65,150,7700
20240125,11:50:42,2.65,50,7700
20240125,11:51:17,2.6,50,7700
20240125,11:51:25,2.6,150,6750
20240125,11:51:41,2.7,100,6750
20240125,11:51:49,2.65,400,6750
20240125,11:51:58,2.7,50,6750
20240125,11:53:27,2.65,50,6750
20240125,11:55:29,2.65,100,6600
20240125,11:55:38,2.65,50,6600
20240125,11:58:14,2.65,50,6500
20240125,11:58:22,2.65,50,6500
20240125,11:59:42,2.6,50,6500
20240125,11:59:50,2.6,50,6500
20240125,12:00:20,2.55,300,6450
20240125,12:01:52,2.55,400,6450
20240125,12:02:01,2.6,50,6450
20240125,12:02:09,2.6,50,6450
20240125,12:03:06,2.6,200,6450
20240125,12:03:21,2.6,50,6500
20240125,12:08:08,2.6,50,6450
20240125,12:08:50,2.6,250,6450
20240125,12:09:22,2.6,100,6150
20240125,12:10:48,2.5,100,6150
20240125,12:11:03,2.5,50,6150
20240125,12:20:47,2.5,100,6100
20240125,12:22:34,2.6,50,6150
20240125,12:22:42,2.6,50,6150
20240125,12:23:09,2.65,350,6150
20240125,12:23:17,2.6,50,6150
20240125,12:27:59,2.45,100,6250
20240125,12:31:58,2.4,100,6300
20240125,12:32:06,2.45,50,6300
20240125,12:32:36,2.45,250,6300
20240125,12:32:50,2.45,100,6300
20240125,12:36:35,2.5,100,6200
20240125,12:38:16,2.4,150,6200
20240125,12:39:16,2.45,50,6200
20240125,12:40:01,2.45,100,6150
20240125,12:40:09,2.4,450,6150
20240125,12:40:17,2.4,100,6150
20240125,12:41:01,2.5,100,6150
20240125,12:43:15,2.45,50,6100
20240125,12:44:36,2.4,100,6100
20240125,12:48:10,2.4,100,6000
20240125,12:48:54,2.4,100,5950
20240125,12:49:16,2.45,50,5950
20240125,12:49:23,2.45,250,5950
20240125,12:49:37,2.45,100,5950
20240125,12:49:44,2.45,100,5950
20240125,12:49:51,2.45,50,5950
20240125,12:49:58,2.45,50,5950
20240125,12:50:13,2.45,50,5950
20240125,12:50:55,2.45,150,5950
20240125,12:51:43,2.5,150,5600
20240125,12:51:50,2.45,100,5600
20240125,12:54:46,2.45,50,5550
20240125,12:55:08,2.5,50,5550
20240125,12:55:28,2.45,50,5550
20240125,12:56:31,2.45,50,5550
20240125,12:56:54,2.45,50,5550
20240125,12:57:08,2.45,50,5550
20240125,12:57:15,2.45,50,5550
20240125,12:57:37,2.45,50,5550
20240125,12:57:44,2.45,150,5550
20240125,12:57:51,2.45,100,5550
20240125,12:58:14,2.45,150,5550
20240125,12:59:19,2.45,100,5550
20240125,12:59:35,2.45,100,5550
20240125,12:59:43,2.45,750,5550
20240125,12:59:51,2.45,250,5550
20240125,12:59:59,2.5,50,5550
20240125,13:00:15,2.5,100,5550
20240125,13:00:23,2.55,800,5550
20240125,13:00:39,2.5,50,5100
20240125,13:00:47,2.45,100,5100
20240125,13:01:02,2.5,450,5100
20240125,13:05:08,2.4,300,4800
20240125,13:05:30,2.45,50,4800
20240125,13:05:37,2.45,50,4800
20240125,13:05:44,2.45,50,4800
20240125,13:06:42,2.45,50,4350
20240125,13:10:26,2.4,100,4300
20240125,13:10:39,2.35,100,4300
20240125,13:10:46,2.4,50,4300
20240125,13:11:05,2.4,300,4300
20240125,13:11:12,2.4,50,4300
20240125,13:11:48,2.5,600,4300
20240125,13:12:02,2.55,150,4300
20240125,13:12:08,2.55,50,4300
20240125,13:12:21,2.6,100,4300
20240125,13:12:28,2.65,300,4300
20240125,13:21:49,2.5,100,4000
20240125,13:22:09,2.45,100,4000
20240125,13:22:31,2.45,50,4000
20240125,13:22:37,2.45,50,4000
20240125,13:27:50,2.6,50,4000
20240125,13:31:39,2.6,300,3950
20240125,13:34:15,2.55,100,4000
20240125,13:34:22,2.55,50,4000
20240125,13:34:50,2.55,50,4000
20240125,13:37:22,2.6,50,3800
20240125,13:38:10,2.55,250,3800
20240125,13:39:17,2.55,50,3800
20240125,13:39:24,2.55,50,3800
20240125,13:40:26,2.6,50,3400
20240125,13:40:32,2.65,1850,3400
20240125,13:43:00,2.7,100,4900
20240125,13:43:54,2.7,300,4900
20240125,13:47:47,2.7,150,5050
20240125,13:53:23,2.75,300,5050
20240125,14:02:54,2.8,50,5050
20240125,14:03:02,2.8,250,5050
20240125,14:05:31,2.8,50,5050
20240125,14:06:00,2.8,700,5050
20240125,14:06:43,2.8,100,5100
20240125,14:08:08,2.8,150,5100
20240125,14:08:16,2.85,350,5100
20240125,14:08:30,2.8,350,5100
20240125,14:08:37,2.85,250,5100
20240125,14:09:44,2.8,100,5650
20240125,14:09:52,2.8,600,5650
20240125,14:10:06,2.8,50,5650
20240125,14:10:12,2.85,250,5650
20240125,14:10:32,2.85,50,5650
20240125,14:11:46,2.85,50,5650
20240125,14:12:12,2.9,1700,5650
20240125,14:12:19,2.85,100,5650
20240125,14:13:31,2.9,50,7550
20240125,14:13:38,2.9,50,7550
20240125,14:14:05,2.9,400,7550
20240125,14:14:29,2.9,250,7550
20240125,14:14:44,2.9,50,7550
20240125,14:15:05,2.9,50,7550
20240125,14:15:41,2.9,50,7500
20240125,14:16:08,2.95,50,7500
20240125,14:17:13,3.0,50,7500
20240125,14:17:39,3.0,50,7500
20240125,14:17:46,3.0,50,7500
20240125,14:17:53,3.0,550,7500
20240125,14:19:59,3.05,50,7950
20240125,14:22:15,3.0,50,7900
20240125,14:22:22,3.05,250,7900
20240125,14:22:29,3.05,200,7900
20240125,14:22:37,3.05,150,7900
20240125,14:22:51,3.05,100,7900
20240125,14:22:58,2.95,100,7900
20240125,14:23:05,3.05,100,7900
20240125,14:23:11,3.0,1850,7900
20240125,14:26:28,2.95,50,10150
20240125,14:26:47,3.0,150,10150
20240125,14:27:08,2.85,100,10150
20240125,14:30:01,2.8,50,10300
20240125,14:31:25,2.75,100,10300
20240125,14:31:38,2.75,50,10300
20240125,14:31:45,2.75,100,10300
20240125,14:33:02,2.7,300,10300
20240125,14:35:44,2.7,100,10650
20240125,14:35:51,2.8,50,10650
20240125,14:37:05,2.8,50,10700
20240125,14:37:36,2.7,50,10700
20240125,14:37:48,2.7,2650,10700
20240125,14:37:54,2.65,50,10700
20240125,14:38:18,2.65,50,10700
20240125,14:38:36,2.65,100,10700
20240125,14:41:12,2.7,100,12500
20240125,14:41:18,2.7,50,12500
20240125,14:41:57,2.7,100,12500
20240125,14:45:36,2.7,50,12500
20240125,14:45:42,2.7,100,12500
20240125,14:46:01,2.75,50,12500
20240125,14:46:08,2.65,200,12500
20240125,14:46:14,2.7,200,12500
20240125,14:46:21,2.7,50,12500
20240125,14:46:27,2.7,250,12500
20240125,14:48:09,2.65,50,12500
20240125,14:50:25,2.75,50,12700
20240125,14:50:58,2.8,50,12700
20240125,14:51:10,2.9,1250,12700
20240125,14:51:22,2.9,2150,12700
20240125,14:51:28,2.8,50,12700
20240125,14:51:34,2.85,2200,12700
20240125,14:51:39,2.85,400,17950
20240125,14:51:46,2.85,100,17950
20240125,14:51:57,2.85,1000,17950
20240125,14:52:03,2.85,1850,17950
20240125,14:52:20,2.8,50,17950
20240125,14:52:43,2.8,50,17950
20240125,14:52:54,2.8,50,17950
20240125,14:53:16,2.85,100,17950
20240125,14:53:34,2.8,50,17950
20240125,14:53:39,2.8,100,17950
20240125,14:53:51,2.8,100,17950
20240125,14:54:10,2.8,1800,17950
20240125,14:54:30,2.75,250,17950
20240125,14:54:43,2.75,2800,21800
20240125,14:54:57,2.75,50,21800
20240125,14:55:23,2.75,50,21800
20240125,14:55:30,2.75,50,21800
20240125,14:55:49,2.8,1850,21800
20240125,14:57:20,2.75,250,21800
20240125,14:57:32,2.75,600,21800
20240125,14:57:39,2.75,350,21550
20240125,14:57:45,2.75,50,21550
20240125,14:57:57,2.75,50,21550
20240125,15:00:05,2.7,50,21550
20240125,15:00:13,2.7,50,21550
20240125,15:00:42,2.7,50,21500
20240125,15:01:46,2.65,50,21500
20240125,15:01:53,2.7,600,21500
20240125,15:02:09,2.65,50,21500
20240125,15:02:17,2.65,200,21500
20240125,15:02:33,2.65,100,21500
20240125,15:03:01,2.7,1350,21500
20240125,15:03:24,2.65,100,21500
20240125,15:04:03,2.65,500,21500
20240125,15:04:35,2.6,300,21500
20240125,15:04:59,2.65,100,21500
20240125,15:05:08,2.65,250,21500
20240125,15:05:26,2.6,600,21500
20240125,15:05:34,2.65,300,21500
20240125,15:06:17,2.6,150,21500
20240125,15:07:28,2.6,150,21000
20240125,15:08:12,2.65,100,21000
20240125,15:08:19,2.6,50,21000
20240125,15:08:33,2.6,200,21000
20240125,15:08:40,2.6,50,21000
20240125,15:08:55,2.6,50,21000
20240125,15:09:13,2.6,50,21000
20240125,15:10:05,2.6,50,21000
20240125,15:10:12,2.6,50,21000
20240125,15:10:19,2.55,150,21000
20240125,15:10:35,2.55,50,21000
20240125,15:10:42,2.55,50,21000
20240125,15:11:51,2.55,50,21000
20240125,15:11:59,2.55,800,21000
20240125,15:12:08,2.55,150,21000
20240125,15:12:17,2.55,50,21000
20240125,15:13:00,2.5,300,21000
20240125,15:13:24,2.55,50,21000
20240125,15:14:22,2.55,350,21000
20240125,15:14:32,2.6,400,21000
20240125,15:14:50,2.6,50,21000
20240125,15:15:15,2.6,500,21000
20240125,15:15:57,2.6,150,21150
20240125,15:16:15,2.55,50,21150
20240125,15:16:24,2.55,150,21150
20240125,15:16:31,2.6,150,21150
20240125,15:17:10,2.5,2400,21150
20240125,15:17:17,2.4,1150,21150
20240125,15:17:26,2.45,400,21150
20240125,15:17:51,2.45,50,21150
20240125,15:17:58,2.45,50,21150
20240125,15:18:26,2.45,50,21150
20240125,15:18:54,2.4,200,23050
20240125,15:19:17,2.35,900,23050
20240125,15:19:25,2.35,50,23050
20240125,15:19:32,2.15,500,23050
20240125,15:19:39,2.15,1750,23050
20240125,15:20:58,2.35,50,23050
20240125,15:21:31,2.4,100,23050
20240125,15:21:38,2.45,50,23050
20240125,15:21:45,2.4,100,23050
20240125,15:22:49,2.4,400,22400
20240125,15:23:21,2.35,100,22400
20240125,15:23:50,2.35,50,22400
20240125,15:24:04,2.35,50,22400
20240125,15:24:12,2.35,100,22400
20240125,15:24:22,2.35,100,22400
20240125,15:24:54,2.35,50,22400
20240125,15:24:59,2.35,50,22000
20240125,15:25:13,2.35,100,22000
20240125,15:25:28,2.3,200,22000
20240125,15:25:34,2.25,150,22000
20240125,15:25:41,2.25,1600,22000
20240125,15:25:48,2.25,200,22000
20240125,15:25:57,2.3,150,22000
20240125,15:26:25,2.4,1600,22000
20240125,15:26:33,2.45,450,22000
20240125,15:26:41,2.4,400,22000
20240125,15:26:55,2.45,200,22000
20240125,15:27:10,2.45,350,22000
20240125,15:27:18,2.5,800,22000
20240125,15:27:27,2.2,800,22000
20240125,15:27:36,2.4,1350,22000
20240125,15:27:44,2.55,50,22000
20240125,15:27:52,2.55,650,23050
20240125,15:28:01,2.65,1000,23050
20240125,15:28:09,3.05,1600,23050
20240125,15:28:17,4.0,1350,23050
20240125,15:28:27,4.1,2750,23050
20240125,15:28:35,4.1,250,23050
20240125,15:28:43,3.15,1300,23050
20240125,15:28:51,3.15,500,23050
20240125,15:28:58,3.1,1350,23050
20240125,15:29:05,2.95,3800,23050
20240125,15:29:12,3.0,50,23050
20240125,15:29:20,2.9,250,23050
20240125,15:29:28,2.9,1550,23050
20240125,15:29:35,2.7,800,23050
20240125,15:29:41,2.15,1250,23050
20240125,15:29:49,4.15,1200,23050
20240129,09:15:00,4.6,1,23050
20240129,09:15:00,4.6,50,23050
20240129,09:15:02,2.75,150,32400
20240129,09:15:04,2.75,100,32400
20240129,09:15:05,2.6,150,32400
20240129,09:15:06,2.8,250,32400
20240129,09:15:07,2.5,200,32400
20240129,09:15:08,2.8,100,32400
20240129,09:15:12,2.75,50,32400
20240129,09:15:13,2.7,50,32400
20240129,09:15:15,2.4,500,32400
20240129,09:15:16,2.4,150,32400
20240129,09:15:17,2.1,50,32400
20240129,09:15:23,2.1,50,32400
20240129,09:15:24,2.0,450,32400
20240129,09:15:28,2.35,50,32400
20240129,09:15:32,2.0,200,32400
20240129,09:15:40,2.05,50,32400
20240129,09:16:02,2.15,400,32400
20240129,09:16:04,2.2,100,32400
20240129,09:16:26,2.15,50,32400
20240129,09:16:30,2.15,50,32400
20240129,09:16:39,2.1,100,32400
20240129,09:16:40,2.15,50,32400
20240129,09:16:46,2.1,100,32400
20240129,09:16:52,2.1,750,32400
20240129,09:16:53,2.1,300,32400
20240129,09:16:57,2.05,500,32400
20240129,09:17:05,2.05,100,32400
20240129,09:17:11,2.1,850,35100
20240129,09:17:13,2.1,50,35100
20240129,09:17:17,2.1,150,35100
20240129,09:17:22,2.15,250,35100
20240129,09:17:24,2.15,200,35100
20240129,09:17:29,2.15,50,35100
20240129,09:17:34,2.2,250,35100
20240129,09:17:35,2.15,300,35100
20240129,09:17:42,2.15,300,35100
20240129,09:17:47,2.15,700,35100
20240129,09:17:53,2.15,250,35100
20240129,09:18:07,2.1,100,35100
20240129,09:18:09,2.2,50,35100
20240129,09:18:16,2.15,500,35100
20240129,09:18:33,2.2,1000,35100
20240129,09:18:45,2.2,250,35100
20240129,09:19:00,2.2,150,35100
20240129,09:19:13,2.2,150,35100
20240129,09:19:19,2.2,150,35100
20240129,09:19:21,2.2,150,35100
20240129,09:19:34,2.2,300,35100
20240129,09:19:43,2.2,300,35100
20240129,09:19:54,2.2,250,35100
20240129,09:20:01,2.2,1350,35100
20240129,09:20:02,2.2,850,35100
20240129,09:20:09,2.2,1800,31200
20240129,09:20:14,2.2,50,31200
20240129,09:20:22,2.2,600,31200
20240129,09:20:23,2.2,250,31200
20240129,09:20:25,2.2,250,31200
20240129,09:20:25,2.2,300,31200
20240129,09:20:28,2.2,50,31200
20240129,09:20:34,2.2,250,31200
20240129,09:20:41,2.25,300,31200
20240129,09:20:43,2.25,500,31200
20240129,09:20:45,2.3,100,31200
20240129,09:20:46,2.35,100,31200
20240129,09:20:52,2.4,800,31200
20240129,09:21:12,2.45,800,31200
20240129,09:21:27,2.5,950,31200
20240129,09:21:28,2.5,250,31200
20240129,09:21:30,2.5,100,31200
20240129,09:21:33,2.5,50,31200
20240129,09:21:35,2.5,250,31200
20240129,09:21:37,2.5,600,31200
20240129,09:21:40,2.45,200,31200
20240129,09:21:42,2.45,100,31200
20240129,09:21:53,2.45,50,31200
20240129,09:22:08,2.35,750,31200
20240129,09:22:10,2.4,50,31200
20240129,09:22:11,2.35,250,31200
20240129,09:22:15,2.35,150,31200
20240129,09:22:26,2.35,50,31200
20240129,09:22:39,2.4,50,31200
20240129,09:23:20,2.35,50,30400
20240129,09:23:31,2.4,1850,30400
20240129,09:23:52,2.4,50,30400
20240129,09:24:07,2.35,3200,30400
20240129,09:24:07,2.35,1150,30400
20240129,09:24:08,2.35,650,30400
20240129,09:24:10,2.4,1800,30400
20240129,09:24:11,2.4,1800,30400
20240129,09:24:31,2.35,200,30400
20240129,09:24:37,2.4,250,30400
20240129,09:24:38,2.35,250,30400
20240129,09:24:50,2.4,50,30400
20240129,09:25:00,2.4,300,30400
20240129,09:25:04,2.4,1800,30400
20240129,09:25:05,2.4,250,30400
20240129,09:25:06,2.4,250,30400
20240129,09:25:07,2.4,550,30400
20240129,09:25:09,2.4,1250,30400
20240129,09:25:11,2.4,1800,30400
20240129,09:25:12,2.4,250,30400
20240129,09:25:13,2.4,8800,30400
20240129,09:25:15,2.45,250,30400
20240129,09:25:20,2.5,1800,30400
20240129,09:25:28,2.45,350,30400
20240129,09:25:32,2.5,50,30400
20240129,09:25:45,2.45,1400,30400
20240129,09:25:46,2.45,50,30400
20240129,09:25:50,2.4,200,30400
20240129,09:25:52,2.4,200,30400
20240129,09:25:55,2.4,200,30400
20240129,09:26:06,2.45,500,30400
20240129,09:26:16,2.4,100,30400
20240129,09:26:18,2.4,50,48600
20240129,09:26:26,2.45,50,48600
20240129,09:26:37,2.4,50,48600
20240129,09:26:46,2.4,2100,48600
20240129,09:26:47,2.4,550,48600
20240129,09:27:10,2.4,1800,48600
20240129,09:27:11,2.4,250,48600
20240129,09:27:27,2.4,50,48600
20240129,09:27:29,2.4,450,48600
20240129,09:27:48,2.4,1000,48600
20240129,09:27:49,2.4,300,48600
20240129,09:27:50,2.4,300,48600
20240129,09:28:06,2.35,3650,48600
20240129,09:28:23,2.35,350,48600
20240129,09:28:28,2.35,50,48600
20240129,09:28:36,2.35,50,48600
20240129,09:28:46,2.35,50,48600
20240129,09:29:01,2.35,50,48600
20240129,09:29:10,2.35,200,50800
20240129,09:29:14,2.3,3400,50800
20240129,09:29:15,2.3,50,50800
20240129,09:29:17,2.3,50,50800
20240129,09:29:22,2.3,50,50800
20240129,09:29:44,2.25,100,50800
20240129,09:29:45,2.25,50,50800
20240129,09:29:52,2.2,6800,50800
20240129,09:29:53,2.25,100,50800
20240129,09:30:05,2.2,250,50800
20240129,09:30:06,2.2,50,50800
20240129,09:30:07,2.2,50,50800
20240129,09:30:08,2.2,50,50800
20240129,09:30:09,2.2,250,50800
20240129,09:30:10,2.2,50,50800
20240129,09:30:12,2.2,50,50800
20240129,09:30:14,2.2,100,50800
20240129,09:30:15,2.2,50,50800
20240129,09:30:24,2.15,200,50800
20240129,09:30:27,2.15,50,50800
20240129,09:30:39,2.1,1400,50800
20240129,09:30:40,2.1,50,50800
20240129,09:30:48,2.15,50,50800
20240129,09:30:56,2.15,2000,50800
20240129,09:31:16,2.15,1000,50800
20240129,09:31:22,2.15,1800,50800
20240129,09:31:27,2.15,100,50800
20240129,09:31:28,2.15,100,50800
20240129,09:32:18,2.15,150,56450
20240129,09:32:43,2.15,50,56450
20240129,09:32:51,2.1,500,56450
20240129,09:32:52,2.1,250,56450
20240129,09:32:54,2.1,50,56450
20240129,09:33:04,2.05,50,56450
20240129,09:33:12,2.1,250,56450
20240129,09:33:13,2.1,250,56450
20240129,09:33:29,2.1,350,56450
20240129,09:33:49,2.1,250,56450
20240129,09:34:07,2.1,1800,56450
20240129,09:34:11,2.15,50,56450
20240129,09:34:20,2.15,350,56450
20240129,09:34:22,2.2,1250,56450
20240129,09:34:39,2.25,50,56450
20240129,09:34:53,2.2,50,56450
20240129,09:35:00,2.2,50,56450
20240129,09:35:02,2.2,550,56450
20240129,09:35:05,2.2,50,56450
20240129,09:35:06,2.2,350,56450
20240129,09:35:09,2.2,50,56200
20240129,09:35:10,2.2,100,56200
20240129,09:35:11,2.2,50,56200
20240129,09:35:15,2.2,4550,56200
20240129,09:35:37,2.15,2600,56200
20240129,09:36:17,2.15,250,56200
20240129,09:37:20,2.1,650,56200
20240129,09:37:58,2.1,500,56200
20240129,09:38:15,2.15,50,57800
20240129,09:38:16,2.1,1800,57800
20240129,09:38:17,2.1,50,57800
20240129,09:38:18,2.1,50,57800
20240129,09:38:19,2.05,1800,57800
20240129,09:38:36,2.1,100,57800
20240129,09:39:48,2.1,200,57800
20240129,09:40:21,2.1,600,57800
20240129,09:40:24,2.1,1000,57800
20240129,09:40:39,2.15,50,57800
20240129,09:40:51,2.15,100,57800
20240129,09:40:52,2.15,850,57800
20240129,09:40:53,2.15,150,57800
20240129,09:40:54,2.15,50,57800
20240129,09:40:57,2.15,100,57800
20240129,09:40:59,2.15,50,57800
20240129,09:41:02,2.15,50,57800
20240129,09:41:48,2.15,250,57800
20240129,09:41:53,2.15,250,58450
20240129,09:42:24,2.15,100,58450
20240129,09:42:33,2.1,50,58450
20240129,09:43:21,2.15,300,58450
20240129,09:43:31,2.15,2750,58450
20240129,09:43:45,2.2,50,58450
20240129,09:43:45,2.15,50,58450
20240129,09:43:57,2.2,50,58450
20240129,09:44:01,2.15,50,58450
20240129,09:44:25,2.2,350,58450
20240129,09:44:26,2.2,100,61450
20240129,09:45:01,2.25,200,61450
20240129,09:45:07,2.25,1800,61450
20240129,09:45:27,2.25,50,61450
20240129,09:46:01,2.25,1800,61450
20240129,09:47:14,2.25,100,62550
20240129,09:47:34,2.25,150,62550
20240129,09:47:45,2.25,150,62550
20240129,09:50:05,2.3,150,62550
20240129,09:50:32,2.35,100,62650
20240129,09:50:47,2.35,200,62650
20240129,09:51:16,2.35,800,62650
20240129,09:51:17,2.4,1850,62650
20240129,09:51:25,2.4,1800,62650
20240129,09:52:22,2.4,4400,62650
20240129,09:52:23,2.4,550,62650
20240129,09:52:24,2.4,1300,62650
20240129,09:52:31,2.4,500,62650
20240129,09:53:29,2.4,250,68100
20240129,09:53:30,2.4,50,68100
20240129,09:54:20,2.4,250,68100
20240129,09:54:41,2.35,50,68100
20240129,09:54:42,2.35,400,68100
20240129,09:54:56,2.4,1900,68100
20240129,09:55:20,2.4,250,68100
20240129,09:55:21,2.45,2000,68100
20240129,09:55:51,2.45,200,68100
20240129,09:55:52,2.45,150,68100
20240129,09:55:56,2.45,500,68100
20240129,09:56:01,2.4,400,68100
20240129,09:56:09,2.45,50,68100
20240129,09:56:21,2.45,50,67100
20240129,09:56:29,2.45,150,67100
20240129,09:56:37,2.45,50,67100
20240129,09:56:41,2.4,500,67100
20240129,09:56:44,2.4,500,67100
20240129,09:56:46,2.4,500,67100
20240129,09:56:49,2.4,500,67100
20240129,09:56:51,2.4,500,67100
20240129,09:56:56,2.45,1250,67100
20240129,09:57:12,2.45,1250,67100
20240129,09:57:15,2.45,3600,67100
20240129,09:57:18,2.4,500,67100
20240129,09:57:21,2.4,500,67100
20240129,09:57:23,2.4,500,67100
20240129,09:57:25,2.5,3400,67100
20240129,09:57:27,2.45,500,67100
20240129,09:57:27,2.45,50,67100
20240129,09:57:29,2.4,500,67100
20240129,09:57:31,2.4,500,67100
20240129,09:57:35,2.45,250,67100
20240129,09:57:40,2.45,300,67100
20240129,09:57:41,2.5,1850,67100
20240129,09:57:45,2.5,100,67100
20240129,09:57:48,2.5,3850,67100
20240129,09:57:58,2.45,100,67100
20240129,09:57:59,2.45,250,67100
20240129,09:58:05,2.55,10500,67100
20240129,09:58:06,2.5,50,67100
20240129,09:58:21,2.45,250,67100
20240129,09:58:22,2.45,250,67100
20240129,09:58:26,2.45,250,67100
20240129,09:58:28,2.45,250,67100
20240129,09:58:31,2.45,400,67100
20240129,09:58:34,2.45,2300,67100
20240129,09:58:36,2.45,550,67100
20240129,09:58:38,2.4,400,67100
20240129,09:58:52,2.4,400,67100
20240129,09:59:07,2.4,1750,67100
20240129,09:59:08,2.4,200,67100
20240129,09:59:09,2.4,200,67100
20240129,09:59:10,2.35,50,67100
20240129,09:59:12,2.4,50,67100
20240129,09:59:15,2.4,450,85250
20240129,09:59:16,2.35,2000,85250
20240129,09:59:19,2.35,50,85250
20240129,09:59:21,2.4,50,85250
20240129,09:59:23,2.35,1000,85250
20240129,09:59:39,2.35,500,85250
20240129,09:59:40,2.35,1800,85250
20240129,09:59:42,2.35,1800,85250
20240129,09:59:44,2.3,1300,85250
20240129,09:59:45,2.35,500,85250
20240129,09:59:51,2.35,1050,85250
20240129,09:59:54,2.35,3300,85250
20240129,09:59:55,2.35,3650,85250
20240129,10:00:05,2.35,350,85250
20240129,10:00:07,2.35,650,85250
20240129,10:00:14,2.35,500,85250
20240129,10:00:17,2.4,1800,85250
20240129,10:00:30,2.45,500,85250
20240129,10:00:38,2.45,100,85250
20240129,10:00:53,2.45,100,85250
20240129,10:01:06,2.45,950,85250
20240129,10:01:07,2.45,100,85250
20240129,10:01:24,2.45,600,85250
20240129,10:01:26,2.45,250,85250
20240129,10:01:34,2.45,50,85250
20240129,10:01:35,2.45,400,85250
20240129,10:02:13,2.55,3850,89950
20240129,10:02:14,2.5,2350,89950
20240129,10:02:15,2.55,850,89950
20240129,10:02:24,2.55,350,89950
20240129,10:02:34,2.5,600,89950
20240129,10:03:12,2.5,1800,89950
20240129,10:03:20,2.5,50,89950
20240129,10:03:23,2.5,50,89950
20240129,10:03:36,2.5,950,89950
20240129,10:03:53,2.5,100,89950
20240129,10:04:04,2.45,200,89950
20240129,10:04:06,2.45,200,89950
20240129,10:04:12,2.45,100,89950
20240129,10:04:23,2.45,1000,89950
20240129,10:04:54,2.45,1800,89950
20240129,10:04:56,2.45,3200,89950
20240129,10:04:59,2.45,50,89950
20240129,10:05:02,2.4,1000,89950
20240129,10:05:04,2.45,50,89950
20240129,10:05:09,2.45,100,89950
20240129,10:05:13,2.45,50,95450
20240129,10:06:31,2.4,1800,95450
20240129,10:06:32,2.4,1800,95450
20240129,10:06:33,2.4,16100,95450
20240129,10:07:29,2.4,450,95450
20240129,10:07:34,2.35,1000,95450
20240129,10:07:35,2.35,1200,95450
20240129,10:07:36,2.35,450,95450
20240129,10:07:37,2.35,400,95450
20240129,10:07:38,2.35,10750,95450
20240129,10:07:39,2.35,8750,95450
20240129,10:07:40,2.35,150,95450
20240129,10:07:41,2.35,100,95450
20240129,10:07:42,2.35,100,95450
20240129,10:07:43,2.35,50,95450
20240129,10:07:57,2.35,50,95450
20240129,10:08:23,2.35,1800,122200
20240129,10:08:31,2.35,1800,122200
20240129,10:08:32,2.35,10850,122200
20240129,10:08:33,2.35,850,122200
20240129,10:08:34,2.35,700,122200
20240129,10:08:35,2.35,250,122200
20240129,10:08:36,2.35,250,122200
20240129,10:08:37,2.35,250,122200
20240129,10:08:38,2.35,50,122200
20240129,10:08:39,2.35,2300,122200
20240129,10:08:40,2.35,50,122200
20240129,10:08:41,2.35,50,122200
20240129,10:08:46,2.3,100,122200
20240129,10:08:51,2.3,300,122200
20240129,10:08:58,2.3,50,122200
20240129,10:09:10,2.3,1700,122200
20240129,10:09:11,2.35,250,122200
20240129,10:09:27,2.35,50,122200
20240129,10:10:16,2.35,50,122200
20240129,10:10:20,2.3,6050,122200
20240129,10:10:22,2.3,250,122200
20240129,10:10:45,2.3,100,122200
20240129,10:10:46,2.3,250,122200
20240129,10:12:10,2.25,1600,137600
20240129,10:12:11,2.25,1550,137600
20240129,10:12:18,2.25,500,137600
20240129,10:12:34,2.2,9000,137600
20240129,10:12:55,2.25,1800,137600
20240129,10:13:17,2.25,250,137600
20240129,10:13:18,2.25,250,137600
20240129,10:13:19,2.25,1800,137600
20240129,10:13:26,2.25,250,137600
20240129,10:14:34,2.3,400,147250
20240129,10:14:38,2.25,1800,147250
20240129,10:14:43,2.25,250,147250
20240129,10:15:03,2.25,100,147250
20240129,10:15:31,2.2,250,147250
20240129,10:15:32,2.2,50,147250
20240129,10:15:46,2.25,50,147250
20240129,10:16:47,2.2,100,147250
20240129,10:16:56,2.25,2250,147250
20240129,10:17:05,2.25,50,147250
20240129,10:19:30,2.25,200,146150
20240129,10:20:31,2.2,250,146150
20240129,10:20:32,2.2,1350,146150
20240129,10:20:36,2.15,1200,146150
20240129,10:20:38,2.15,250,146150
20240129,10:20:39,2.15,300,146150
20240129,10:20:40,2.15,300,146150
20240129,10:20:42,2.15,250,146150
20240129,10:21:01,2.2,750,146150
20240129,10:21:06,2.2,50,146150
20240129,10:21:10,2.2,50,146150
20240129,10:21:11,2.2,200,146150
20240129,10:21:12,2.2,550,146150
20240129,10:21:52,2.2,500,146150
20240129,10:21:58,2.25,600,146150
20240129,10:22:13,2.25,150,146150
20240129,10:22:24,2.25,750,146150
20240129,10:22:32,2.2,250,146150
20240129,10:23:51,2.2,250,148900
20240129,10:24:14,2.2,250,148900
20240129,10:24:42,2.2,250,148900
20240129,10:25:25,2.2,50,148900
20240129,10:25:56,2.25,500,148900
20240129,10:25:57,2.25,500,148900
20240129,10:25:58,2.25,500,148900
20240129,10:26:00,2.25,500,148900
20240129,10:26:01,2.25,150,148900
20240129,10:26:18,2.25,300,149400
20240129,10:26:45,2.25,450,149400
20240129,10:27:03,2.2,250,149400
20240129,10:27:46,2.2,1800,149400
20240129,10:27:51,2.25,350,149400
20240129,10:27:59,2.2,250,149400
20240129,10:28:09,2.25,150,149400
20240129,10:29:05,2.2,150,149400
20240129,10:29:30,2.2,250,150050
20240129,10:31:23,2.2,250,150050
20240129,10:31:44,2.2,600,150050
20240129,10:31:45,2.2,250,150050
20240129,10:35:23,2.15,50,151400
20240129,10:35:29,2.2,1800,151400
20240129,10:36:13,2.2,50,151400
20240129,10:36:44,2.2,100,151400
20240129,10:36:58,2.2,50,151400
20240129,10:37:57,2.15,50,151400
20240129,10:39:30,2.15,100,151600
20240129,10:39:43,2.2,250,151600
20240129,10:39:48,2.15,100,151600
20240129,10:40:39,2.2,50,151600
20240129,10:41:04,2.2,50,151600
20240129,10:41:11,2.2,1800,151600
20240129,10:41:17,2.25,50,151600
20240129,10:41:21,2.25,200,151400
20240129,10:42:23,2.2,50,151400
20240129,10:42:25,2.2,1650,151400
20240129,10:42:29,2.2,300,151400
20240129,10:42:45,2.2,50,151400
20240129,10:42:52,2.2,50,151400
20240129,10:43:11,2.25,50,151400
20240129,10:44:13,2.2,100,151400
20240129,10:44:16,2.2,50,151400
20240129,10:46:32,2.25,300,151450
20240129,10:47:06,2.2,50,151450
20240129,10:47:18,2.2,300,151450
20240129,10:52:36,2.25,100,151400
20240129,10:55:27,2.25,50,151400
20240129,10:56:25,2.25,100,151350
20240129,10:57:19,2.2,50,151350
20240129,10:57:57,2.25,50,151350
20240129,11:00:05,2.25,1000,151350
20240129,11:01:06,2.2,100,151200
20240129,11:02:14,2.2,100,151200
20240129,11:03:38,2.2,700,151200
20240129,11:03:49,2.2,50,151100
20240129,11:04:49,2.2,100,151100
20240129,11:05:18,2.2,50,151100
20240129,11:07:22,2.25,1500,151100
20240129,11:08:50,2.2,50,151850
20240129,11:09:12,2.25,50,151850
20240129,11:13:25,2.2,150,151850
20240129,11:14:39,2.25,300,151850
20240129,11:16:33,2.2,300,151850
20240129,11:17:39,2.2,500,151850
20240129,11:18:05,2.2,50,151900
20240129,11:19:48,2.25,1500,151900
20240129,11:19:49,2.2,500,151900
20240129,11:19:50,2.25,50,151900
20240129,11:19:52,2.25,1000,151900
20240129,11:19:55,2.3,3950,151900
20240129,11:19:57,2.3,100,151900
20240129,11:19:59,2.3,900,151900
20240129,11:20:03,2.3,1000,151900
20240129,11:20:03,2.3,1300,151900
20240129,11:20:04,2.3,600,151900
20240129,11:20:21,2.3,50,151900
20240129,11:20:26,2.25,100,153350
20240129,11:20:33,2.25,50,153350
20240129,11:20:47,2.3,500,153350
20240129,11:21:20,2.25,50,153350
20240129,11:21:42,2.2,50,153350
20240129,11:21:54,2.25,50,153350
20240129,11:22:13,2.2,1050,153350
20240129,11:22:14,2.2,50,153350
20240129,11:22:17,2.2,100,153350
20240129,11:22:20,2.2,100,153350
20240129,11:22:24,2.2,250,153350
20240129,11:22:25,2.2,1350,153350
20240129,11:23:42,2.2,1350,153250
20240129,11:24:21,2.25,50,153250
20240129,11:24:46,2.2,50,153250
20240129,11:25:01,2.25,200,153250
20240129,11:26:22,2.25,50,153250
20240129,11:26:27,2.2,50,153250
20240129,11:27:25,2.2,50,154600
20240129,11:27:41,2.2,500,154600
20240129,11:27:44,2.2,100,154600
20240129,11:28:23,2.15,50,154600
20240129,11:28:24,2.15,100,154600
20240129,11:28:25,2.15,50,154600
20240129,11:28:26,2.15,1100,154600
20240129,11:28:38,2.1,50,154600
20240129,11:29:32,2.1,50,154800
20240129,11:29:33,2.1,100,154800
20240129,11:29:42,2.05,50,154800
20240129,11:29:50,2.05,1000,154800
20240129,11:29:56,2.0,500,154800
20240129,11:30:00,2.0,100,154800
20240129,11:30:31,2.0,400,154800
20240129,11:30:37,1.95,150,154800
20240129,11:31:11,1.95,1800,154800
20240129,11:31:45,1.95,600,154800
20240129,11:31:48,1.95,50,154800
20240129,11:31:56,1.9,1000,154800
20240129,11:32:10,1.9,50,154800
20240129,11:32:13,1.95,50,154800
20240129,11:32:20,1.95,50,154800
20240129,11:32:24,1.95,50,154800
20240129,11:32:28,1.95,1100,154800
20240129,11:33:24,1.95,50,155500
20240129,11:33:35,1.95,100,155500
20240129,11:34:22,1.95,800,155500
20240129,11:34:35,1.9,2000,155500
20240129,11:34:40,1.95,50,155500
20240129,11:34:59,1.95,250,155500
20240129,11:35:24,1.95,1800,155500
20240129,11:35:29,1.95,350,153200
20240129,11:35:30,1.95,3550,153200
20240129,11:35:32,1.95,250,153200
20240129,11:35:33,1.95,50,153200
20240129,11:36:13,1.95,50,153200
20240129,11:36:40,1.95,50,153200
20240129,11:37:05,1.95,150,153200
20240129,11:39:34,1.9,1250,151550
20240129,11:39:34,1.9,200,151550
20240129,11:39:35,1.9,300,151550
20240129,11:39:36,1.9,150,151550
20240129,11:40:47,1.95,50,151550
20240129,11:43:38,1.9,500,151550
20240129,11:44:44,1.95,100,150900
20240129,11:46:11,1.9,50,150900
20240129,11:46:23,1.95,50,150900
20240129,11:47:10,1.95,300,150900
20240129,11:47:12,1.95,2800,150900
20240129,11:48:02,2.0,500,150600
20240129,11:49:11,2.0,400,150600
20240129,11:49:26,2.0,50,150600
20240129,11:50:01,2.0,50,150600
20240129,11:52:38,1.95,50,150600
20240129,11:53:33,2.0,50,150150
20240129,11:54:37,2.0,100,150150
20240129,11:55:03,2.05,300,150150
20240129,11:55:20,2.05,50,150150
20240129,11:56:10,2.0,50,150150
20240129,11:56:31,2.05,50,149750
20240129,11:56:56,2.05,100,149750
20240129,11:58:21,2.05,50,149750
20240129,11:59:39,2.05,200,149750
20240129,11:59:41,2.0,200,149750
20240129,11:59:59,2.05,500,149750
20240129,12:01:36,2.0,100,149750
20240129,12:02:00,2.05,100,149750
20240129,12:02:07,2.0,200,149750
20240129,12:02:15,2.05,500,149750
20240129,12:06:15,2.05,50,149700
20240129,12:06:24,2.05,50,149700
20240129,12:08:38,2.0,400,149700
20240129,12:08:45,2.0,50,149700
20240129,12:08:54,2.0,50,149700
20240129,12:10:02,2.0,350,149700
20240129,12:10:15,2.0,50,149700
20240129,12:13:20,2.0,50,149700
20240129,12:15:33,1.95,50,150400
20240129,12:15:34,1.95,350,150400
20240129,12:16:00,1.9,300,150400
20240129,12:16:06,1.9,50,150400
20240129,12:16:19,1.9,50,150400
20240129,12:18:01,1.9,950,150400
20240129,12:18:03,1.9,100,150150
20240129,12:18:08,1.85,450,150150
20240129,12:18:10,1.9,100,150150
20240129,12:18:28,1.9,50,150150
20240129,12:18:38,1.95,1400,150150
20240129,12:19:26,1.9,750,150150
20240129,12:19:34,1.95,150,150150
20240129,12:19:50,1.9,50,150150
20240129,12:21:08,1.95,50,147150
20240129,12:21:39,1.9,50,147150
20240129,12:21:51,1.9,50,147150
20240129,12:22:16,1.9,750,147150
20240129,12:22:50,1.85,50,147150
20240129,12:23:04,1.9,50,147150
20240129,12:23:27,1.9,50,147150
20240129,12:23:28,1.9,50,147150
20240129,12:23:39,1.85,300,147150
20240129,12:23:54,1.9,50,147050
20240129,12:24:01,1.9,1500,147050
20240129,12:24:16,1.9,50,147050
20240129,12:24:42,1.85,500,147050
20240129,12:24:43,1.85,750,147050
20240129,12:24:44,1.85,800,147050
20240129,12:25:10,1.85,50,147050
20240129,12:26:00,1.85,50,147050
20240129,12:26:04,1.8,50,147050
20240129,12:26:35,1.8,50,145000
20240129,12:26:49,1.85,50,145000
20240129,12:27:43,1.8,2700,145000
20240129,12:28:01,1.8,100,145000
20240129,12:28:02,1.8,700,145000
20240129,12:29:00,1.85,100,145000
20240129,12:29:12,1.75,4300,145000
20240129,12:29:14,1.8,250,145000
20240129,12:29:15,1.8,100,145000
20240129,12:29:41,1.8,50,145000
20240129,12:29:55,1.8,50,145950
20240129,12:30:12,1.8,50,145950
20240129,12:30:17,1.75,2100,145950
20240129,12:30:20,1.75,50,145950
20240129,12:30:21,1.75,50,145950
20240129,12:30:26,1.75,50,145950
20240129,12:30:32,1.7,50,145950
20240129,12:30:47,1.7,300,145950
20240129,12:30:53,1.7,50,145950
20240129,12:31:47,1.7,250,145950
20240129,12:31:50,1.75,50,145950
20240129,12:33:04,1.7,50,145950
20240129,12:33:36,1.75,50,145350
20240129,12:33:48,1.75,50,145350
20240129,12:33:49,1.75,100,145350
20240129,12:33:58,1.75,150,145350
20240129,12:35:09,1.75,50,145350
20240129,12:35:10,1.75,500,145350
20240129,12:35:16,1.75,1800,145350
20240129,12:35:32,1.75,50,145350
20240129,12:35:58,1.8,100,145200
20240129,12:36:35,1.75,300,145200
20240129,12:36:39,1.8,4700,145200
20240129,12:36:40,1.8,400,145200
20240129,12:37:18,1.75,2550,145200
20240129,12:37:19,1.75,500,145200
20240129,12:37:20,1.75,300,145200
20240129,12:37:22,1.75,300,145200
20240129,12:40:32,1.8,250,145200
20240129,12:42:36,1.8,1800,143650
20240129,12:42:37,1.8,850,143650
20240129,12:45:37,1.8,50,143650
20240129,12:46:00,1.8,100,143650
20240129,12:46:26,1.75,150,143650
20240129,12:47:18,1.8,50,143650
20240129,12:47:34,1.75,150,143650
20240129,12:49:29,1.75,50,143650
20240129,12:49:32,1.75,100,143650
20240129,12:49:38,1.75,50,143650
20240129,12:49:51,1.8,100,143650
20240129,12:49:51,1.8,1050,143650
20240129,12:49:53,1.8,250,143650
20240129,12:51:28,1.8,50,143700
20240129,12:51:34,1.8,650,143700
20240129,12:51:45,1.8,50,143700
20240129,12:51:53,1.8,50,143700
20240129,12:52:06,1.8,50,143700
20240129,12:52:16,1.8,250,143700
20240129,12:52:39,1.8,350,143700
20240129,12:52:40,1.8,250,143700
20240129,12:52:41,1.8,250,143700
20240129,12:52:43,1.8,250,143700
20240129,12:52:45,1.8,300,143700
20240129,12:52:47,1.8,3900,143700
20240129,12:52:48,1.8,1800,143700
20240129,12:52:51,1.8,1800,143700
20240129,12:52:54,1.8,1800,143700
20240129,12:52:57,1.8,1800,143700
20240129,12:52:59,1.8,3900,143700
20240129,12:53:00,1.8,500,143700
20240129,12:53:01,1.8,500,143700
20240129,12:53:18,1.85,1150,143700
20240129,12:53:19,1.85,1650,143700
20240129,12:53:32,1.85,250,143700
20240129,12:54:19,1.8,50,145700
20240129,12:55:01,1.85,50,145700
20240129,12:55:45,1.85,50,145700
20240129,12:57:03,1.85,150,145650
20240129,13:00:47,1.85,50,145500
20240129,13:00:48,1.85,1150,145500
20240129,13:03:49,1.8,1750,145600
20240129,13:04:01,1.8,2650,145600
20240129,13:04:06,1.8,700,145600
20240129,13:04:22,1.8,550,145600
20240129,13:04:43,1.8,400,145600
20240129,13:04:44,1.8,150,145600
20240129,13:05:59,1.8,50,145600
20240129,13:07:03,1.8,50,143850
20240129,13:08:01,1.8,3150,143850
20240129,13:08:07,1.8,250,143850
20240129,13:08:14,1.75,50,143850
20240129,13:08:35,1.8,50,143850
20240129,13:08:41,1.75,50,142650
20240129,13:08:48,1.8,50,142650
20240129,13:08:56,1.75,50,142650
20240129,13:09:05,1.8,50,142650
20240129,13:09:10,1.75,50,142650
20240129,13:09:13,1.8,400,142650
20240129,13:09:24,1.8,650,142650
20240129,13:09:42,1.8,50,142650
20240129,13:11:08,1.8,5250,142650
20240129,13:11:19,1.8,2050,142650
20240129,13:11:20,1.8,1800,142650
20240129,13:11:47,1.75,50,142650
20240129,13:12:12,1.75,100,142650
20240129,13:12:41,1.8,150,142650
20240129,13:15:09,1.8,50,142500
20240129,13:15:14,1.8,1000,142500
20240129,13:16:45,1.8,50,142500
20240129,13:17:46,1.8,250,142500
20240129,13:18:06,1.75,300,142500
20240129,13:19:08,1.8,50,142500
20240129,13:21:28,1.8,150,142500
20240129,13:22:32,1.8,50,142500
20240129,13:22:35,1.75,50,142500
20240129,13:24:01,1.8,50,142500
20240129,13:24:46,1.8,50,142500
20240129,13:25:46,1.8,50,142500
20240129,13:26:11,1.8,100,142500
20240129,13:26:46,1.75,50,142500
20240129,13:29:40,1.75,150,142500
20240129,13:30:35,1.75,50,142500
20240129,13:30:56,1.75,200,142500
20240129,13:30:57,1.8,450,142500
20240129,13:31:08,1.8,100,142500
20240129,13:32:42,1.75,250,142500
20240129,13:33:09,1.75,50,142500
20240129,13:33:15,1.8,50,142500
20240129,13:33:26,1.8,50,142500
20240129,13:34:27,1.75,50,142500
20240129,13:35:53,1.8,50,142500
20240129,13:36:06,1.75,50,142500
20240129,13:36:30,1.75,50,142500
20240129,13:36:51,1.75,50,142500
20240129,13:37:10,1.75,50,142500
20240129,13:37:41,1.8,50,142500
20240129,13:38:05,1.8,50,142500
20240129,13:38:18,1.75,50,142500
20240129,13:38:36,1.75,50,142500
20240129,13:39:07,1.75,50,142500
20240129,13:39:40,1.75,50,142500
20240129,13:39:55,1.8,50,142500
20240129,13:40:15,1.8,50,142500
20240129,13:40:20,1.75,50,142500
20240129,13:40:44,1.75,100,142500
20240129,13:42:03,1.8,250,142500
20240129,13:43:02,1.8,100,142500
20240129,13:43:12,1.8,500,142500
20240129,13:43:21,1.75,50,142500
20240129,13:43:29,1.8,50,142500
20240129,13:46:18,1.8,250,142500
20240129,13:46:28,1.8,250,142250
20240129,13:46:39,1.8,250,142250
20240129,13:46:42,1.75,50,142250
20240129,13:46:47,1.8,250,142250
20240129,13:46:57,1.75,100,142250
20240129,13:47:00,1.75,250,142250
20240129,13:47:22,1.75,50,142250
20240129,13:47:42,1.75,4200,142250
20240129,13:47:50,1.75,50,141400
20240129,13:48:47,1.75,1000,141400
20240129,13:50:59,1.75,450,143250
20240129,13:51:19,1.75,400,143250
20240129,13:51:50,1.8,50,143250
20240129,13:54:04,1.75,50,143250
20240129,13:54:53,1.75,50,142800
20240129,13:55:25,1.75,250,142800
20240129,13:58:39,1.8,3200,142800
20240129,13:59:20,1.8,100,142550
20240129,14:01:20,1.8,50,142450
20240129,14:01:33,1.8,50,142450
20240129,14:02:22,1.7,5950,142450
20240129,14:02:23,1.75,50,142450
20240129,14:02:24,1.75,50,142450
20240129,14:02:25,1.75,50,142450
20240129,14:02:26,1.75,1800,142450
20240129,14:05:31,1.8,550,141900
20240129,14:06:15,1.75,3950,142400
20240129,14:06:36,1.75,4750,142400
20240129,14:07:36,1.75,50,142400
20240129,14:08:34,1.8,50,142400
20240129,14:10:03,1.75,200,144000
20240129,14:10:21,1.8,50,144000
20240129,14:11:05,1.75,4300,144000
20240129,14:11:06,1.75,1100,144000
20240129,14:11:07,1.75,2350,144000
20240129,14:11:45,1.75,2750,144000
20240129,14:11:46,1.75,50,144000
20240129,14:11:47,1.75,50,144000
20240129,14:13:55,1.75,1500,144000
20240129,14:13:57,1.75,1500,144100
20240129,14:15:57,1.75,900,144100
20240129,14:16:00,1.75,600,147200
20240129,14:16:24,1.7,1800,147200
20240129,14:16:34,1.7,50,147200
20240129,14:16:40,1.75,50,147200
20240129,14:22:24,1.7,1800,146650
20240129,14:25:38,1.7,50,144850
20240129,14:27:06,1.7,2350,144800
20240129,14:27:07,1.7,5700,144800
20240129,14:27:08,1.7,500,144800
20240129,14:27:36,1.7,50,144800
20240129,14:27:52,1.7,50,144800
20240129,14:28:02,1.7,1800,144800
20240129,14:28:04,1.7,100,144800
20240129,14:28:37,1.75,1800,144800
20240129,14:28:40,1.75,1800,144800
20240129,14:28:45,1.75,1800,144800
20240129,14:29:01,1.7,50,144800
20240129,14:30:49,1.7,4550,144800
20240129,14:30:50,1.7,2650,145150
20240129,14:31:47,1.7,2050,145150
20240129,14:31:54,1.7,3000,145150
20240129,14:33:08,1.7,100,145150
20240129,14:33:51,1.65,2300,145050
20240129,14:33:52,1.65,1800,145050
20240129,14:34:43,1.65,50,145050
20240129,14:35:40,1.7,50,145050
20240129,14:36:23,1.65,50,142950
20240129,14:38:39,1.65,350,142950
20240129,14:40:06,1.65,1000,142950
20240129,14:40:10,1.65,1800,142950
20240129,14:40:23,1.7,50,142950
20240129,14:40:44,1.7,100,142950
20240129,14:41:01,1.7,1800,142950
20240129,14:41:02,1.7,1800,142950
20240129,14:41:02,1.7,5400,142950
20240129,14:41:04,1.7,8400,142950
20240129,14:41:04,1.7,6800,142950
20240129,14:41:05,1.7,750,142950
20240129,14:41:06,1.7,1100,142950
20240129,14:41:07,1.7,250,142950
20240129,14:41:08,1.7,50,142950
20240129,14:41:14,1.75,20650,142950
20240129,14:41:15,1.75,2250,142950
20240129,14:41:17,1.7,23300,142950
20240129,14:41:20,1.75,1800,142950
20240129,14:41:21,1.75,8300,142950
20240129,14:41:22,1.75,300,142950
20240129,14:41:23,1.75,50,142950
20240129,14:41:54,1.75,50,152050
20240129,14:41:55,1.75,50,152050
20240129,14:42:03,1.8,11550,152050
20240129,14:42:04,1.8,800,152050
20240129,14:42:05,1.8,100,152050
20240129,14:42:06,1.8,50,152050
20240129,14:42:07,1.8,50,152050
20240129,14:42:10,1.8,50,152050
20240129,14:42:12,1.8,50,152050
20240129,14:42:35,1.8,50,152050
20240129,14:43:02,1.8,50,152050
20240129,14:43:04,1.8,50,152050
20240129,14:43:18,1.85,2400,152050
20240129,14:43:19,1.85,750,152050
20240129,14:43:21,1.85,4450,152050
20240129,14:44:00,1.85,400,152050
20240129,14:44:15,1.85,3050,152050
20240129,14:44:23,1.9,400,152050
20240129,14:44:25,1.85,100,152050
20240129,14:45:55,1.85,50,152050
20240129,14:45:56,1.85,50,158550
20240129,14:46:29,1.85,50,158550
20240129,14:48:37,1.85,50,158650
20240129,14:50:03,1.85,200,158650
20240129,14:53:14,1.9,250,158650
20240129,14:53:52,1.9,250,158700
20240129,14:54:08,1.9,700,158950
20240129,14:54:58,1.85,250,158950
20240129,14:55:15,1.9,250,158950
20240129,14:55:20,1.85,500,158950
20240129,14:57:37,1.85,250,159200
20240129,14:57:47,1.85,250,159200
20240129,14:58:55,1.85,250,159200
20240129,14:59:18,1.85,200,159200
20240129,14:59:21,1.85,200,159200
20240129,14:59:40,1.85,1000,159200
20240129,14:59:48,1.85,750,159200
20240129,14:59:49,1.85,250,159200
20240129,14:59:50,1.85,3650,159200
20240129,14:59:59,1.85,200,159200
20240129,15:00:01,1.85,250,157150
20240129,15:00:08,1.85,950,157150
20240129,15:00:19,1.85,250,157150
20240129,15:00:22,1.85,250,157150
20240129,15:00:33,1.85,250,157150
20240129,15:00:35,1.85,7100,157150
20240129,15:00:35,1.85,300,157150
20240129,15:00:42,1.85,250,157150
20240129,15:00:46,1.85,750,157150
20240129,15:00:55,1.85,3000,157150
20240129,15:01:03,1.85,1850,157150
20240129,15:01:05,1.85,1800,157150
20240129,15:01:08,1.85,150,157150
20240129,15:01:11,1.85,350,157150
20240129,15:01:24,1.85,250,157150
20240129,15:01:26,1.85,2300,157150
20240129,15:02:11,1.8,50,157150
20240129,15:02:23,1.8,250,157150
20240129,15:02:24,1.8,250,157150
20240129,15:03:11,1.8,50,150500
20240129,15:03:34,1.8,50,150500
20240129,15:03:45,1.8,50,150500
20240129,15:03:55,1.8,50,150500
20240129,15:04:02,1.8,50,150500
20240129,15:04:03,1.8,3450,150500
20240129,15:04:12,1.8,50,150500
20240129,15:04:19,1.85,100,150500
20240129,15:04:23,1.8,50,150500
20240129,15:04:46,1.8,200,150500
20240129,15:04:53,1.8,50,150500
20240129,15:04:59,1.85,50,150500
20240129,15:05:03,1.8,50,150500
20240129,15:05:05,1.85,50,150500
20240129,15:05:09,1.8,100,150500
20240129,15:05:12,1.85,50,150500
20240129,15:05:24,1.85,50,150500
20240129,15:05:31,1.8,1850,150500
20240129,15:06:40,1.85,300,154350
20240129,15:07:02,1.8,1800,154350
20240129,15:07:08,1.8,1750,154350
20240129,15:07:10,1.8,50,154350
20240129,15:07:22,1.75,300,154350
20240129,15:08:01,1.75,300,154350
20240129,15:08:30,1.75,100,154350
20240129,15:09:18,1.8,50,155850
20240129,15:09:55,1.8,50,155850
20240129,15:10:00,1.8,50,155850
20240129,15:10:19,1.8,50,155850
20240129,15:10:26,1.8,50,155850
20240129,15:10:38,1.8,50,155850
20240129,15:11:29,1.8,150,155850
20240129,15:11:34,1.8,100,155850
20240129,15:12:28,1.75,50,155850
20240129,15:13:05,1.75,100,156100
20240129,15:13:35,1.75,150,156100
20240129,15:14:00,1.75,100,156100
20240129,15:14:01,1.75,100,156100
20240129,15:14:01,1.75,50,156100
20240129,15:14:19,1.75,150,156100
20240129,15:14:27,1.8,900,156100
20240129,15:15:00,1.8,150,157000
20240129,15:15:16,1.75,300,157000
20240129,15:15:17,1.75,100,157000
20240129,15:15:19,1.75,650,157000
20240129,15:15:20,1.75,200,157000
20240129,15:15:21,1.75,500,157000
20240129,15:15:22,1.75,700,157000
20240129,15:15:25,1.75,100,157000
20240129,15:15:26,1.75,100,157000
20240129,15:15:36,1.75,100,157000
20240129,15:15:40,1.75,100,157000
20240129,15:16:13,1.75,100,157000
20240129,15:16:16,1.75,1800,157000
20240129,15:16:20,1.8,250,157000
20240129,15:17:32,1.8,100,157000
20240129,15:18:55,1.8,50,157000
20240129,15:18:56,1.8,50,157500
20240129,15:19:57,1.75,50,157500
20240129,15:20:02,1.75,250,157500
20240129,15:20:30,1.8,50,157500
20240129,15:20:32,1.8,1800,157500
20240129,15:20:51,1.75,50,157500
20240129,15:21:12,1.8,850,157500
20240129,15:22:00,1.75,1300,156400
20240129,15:22:18,1.75,100,156400
20240129,15:22:25,1.75,50,156400
20240129,15:22:27,1.75,100,156400
20240129,15:22:28,1.75,150,156400
20240129,15:22:35,1.75,1800,156400
20240129,15:22:36,1.75,1800,156400
20240129,15:22:41,1.75,1800,156400
20240129,15:22:49,1.75,50,156400
20240129,15:23:10,1.75,100,156400
20240129,15:23:34,1.75,250,156400
20240129,15:23:50,1.8,50,156400
20240129,15:23:55,1.8,50,156400
20240129,15:24:03,1.75,900,160900
20240129,15:24:28,1.75,9850,160900
20240129,15:24:31,1.75,250,160900
20240129,15:24:33,1.75,250,160900
20240129,15:24:35,1.75,1800,160900
20240129,15:24:48,1.75,200,160900
20240129,15:24:49,1.75,1800,160900
20240129,15:24:53,1.7,900,160900
20240129,15:24:56,1.7,600,160900
20240129,15:24:58,1.75,3700,160900
20240129,15:24:59,1.75,6850,160900
20240129,15:25:02,1.75,100,160900
20240129,15:25:09,1.85,11350,160900
20240129,15:25:10,1.8,150,160900
20240129,15:25:54,1.7,50,160900
20240129,15:26:00,1.7,800,160900
20240129,15:26:01,1.7,3150,160900
20240129,15:26:02,1.65,6600,160900
20240129,15:26:03,1.7,18350,160900
20240129,15:26:04,1.75,9150,160900
20240129,15:26:16,1.7,500,160900
20240129,15:26:17,1.7,2200,160900
20240129,15:26:31,1.7,1300,160900
20240129,15:26:43,1.75,3150,160900
20240129,15:27:01,1.6,12800,176500
20240129,15:27:02,1.75,10800,176500
20240129,15:27:07,1.7,1800,176500
20240129,15:27:08,1.75,7300,176500
20240129,15:27:15,1.7,50,176500
20240129,15:27:17,1.75,5100,176500
20240129,15:27:41,1.75,250,176500
20240129,15:27:44,1.75,900,176500
20240129,15:27:45,1.7,100,176500
20240129,15:28:01,1.75,100,176500
20240129,15:28:01,1.75,900,176500
20240129,15:28:03,1.75,1800,176500
20240129,15:28:04,1.75,100,176500
20240129,15:28:05,1.8,2650,176500
20240129,15:28:13,1.8,350,176500
20240129,15:28:32,1.8,1150,176500
20240129,15:28:39,1.7,500,176500
20240129,15:28:43,1.65,500,176500
20240129,15:29:16,1.8,1000,176500
20240129,15:29:17,1.8,650,176500
20240129,15:29:20,1.65,2300,176500
20240129,15:29:21,1.85,1300,176500
20240129,15:29:22,1.8,500,176500
20240129,15:29:23,1.65,700,176500
20240129,15:29:24,1.8,400,176500
20240129,15:29:26,1.65,200,176500
20240129,15:29:27,1.65,950,176500
20240129,15:29:28,1.8,50,176500
20240129,15:29:35,1.1,1800,176500
20240129,15:29:36,1.1,1300,176500
20240129,15:29:37,1.55,50,176500
20240129,15:29:47,1.65,50,176500
20240129,15:29:55,1.75,300,176500
20240129,15:29:56,1.65,50,176500
20240129,15:29:57,1.75,150,176500
20240130,09:15:03,1.8,1,173650
20240130,09:15:03,2.2,150,173650
20240130,09:15:04,1.8,50,173650
20240130,09:15:10,1.75,50,173650
20240130,09:15:12,1.75,50,173650
20240130,09:15:21,1.65,200,173650
20240130,09:15:46,1.5,600,173650
20240130,09:15:48,1.5,1800,173650
20240130,09:15:50,1.6,50,173650
20240130,09:15:52,1.65,400,173650
20240130,09:15:56,1.6,1700,173650
20240130,09:15:59,1.6,100,173650
20240130,09:16:01,1.6,100,173650
20240130,09:16:45,1.5,300,173650
20240130,09:16:46,1.65,50,173650
20240130,09:17:08,1.6,100,173650
20240130,09:17:16,1.55,2100,173400
20240130,09:17:19,1.55,150,173400
20240130,09:17:21,1.55,50,173400
20240130,09:17:37,1.6,250,173400
20240130,09:17:41,1.6,350,173400
20240130,09:17:43,1.6,100,173400
20240130,09:17:47,1.6,150,173400
20240130,09:17:54,1.55,1300,173400
20240130,09:17:54,1.55,600,173400
20240130,09:17:56,1.6,150,173400
20240130,09:17:58,1.55,1250,173400
20240130,09:18:09,1.55,200,173400
20240130,09:18:31,1.6,50,173400
20240130,09:18:33,1.6,50,173400
20240130,09:19:32,1.55,250,173400
20240130,09:19:36,1.55,100,173400
20240130,09:19:41,1.5,1000,173400
20240130,09:19:58,1.55,500,173400
20240130,09:20:12,1.5,500,173400
20240130,09:20:13,1.45,50,173400
20240130,09:20:14,1.45,50,172900
20240130,09:20:23,1.5,50,172900
20240130,09:20:33,1.5,50,172900
20240130,09:21:19,1.5,200,172900
20240130,09:21:29,1.5,300,172900
20240130,09:21:34,1.45,50,172900
20240130,09:21:40,1.5,200,172900
20240130,09:21:42,1.5,200,172900
20240130,09:21:48,1.5,50,172900
20240130,09:21:49,1.5,100,172900
20240130,09:21:59,1.5,100,172900
20240130,09:22:01,1.5,50,172900
20240130,09:22:11,1.5,200,172900
20240130,09:22:13,1.45,50,172900
20240130,09:22:16,1.5,200,172900
20240130,09:22:34,1.55,100,172900
20240130,09:22:36,1.55,550,172900
20240130,09:22:37,1.55,300,172900
20240130,09:22:42,1.6,50,172900
20240130,09:23:17,1.55,500,171600
20240130,09:23:28,1.6,50,171600
20240130,09:23:37,1.6,50,171600
20240130,09:23:38,1.5,50,171600
20240130,09:24:00,1.55,50,171600
20240130,09:24:20,1.6,1000,171600
20240130,09:25:08,1.6,1300,171600
20240130,09:25:10,1.6,100,171600
20240130,09:25:10,1.65,1800,171600
20240130,09:25:15,1.65,150,171600
20240130,09:25:16,1.7,1400,171600
20240130,09:25:37,1.7,600,171600
20240130,09:25:38,1.7,50,171600
20240130,09:25:47,1.8,2850,171600
20240130,09:25:48,1.8,650,171600
20240130,09:25:50,1.8,1300,171600
20240130,09:25:51,1.8,100,171600
20240130,09:25:54,1.85,1150,171600
20240130,09:25:55,1.9,1650,171600
20240130,09:25:56,1.9,3150,171600
20240130,09:25:57,1.85,650,171600
20240130,09:26:03,1.95,2800,171600
20240130,09:26:05,1.95,700,171600
20240130,09:26:06,1.95,750,171600
20240130,09:26:07,2.0,1700,171600
20240130,09:26:08,2.25,2600,171600
20240130,09:26:09,2.15,2750,171600
20240130,09:26:10,2.0,550,171600
20240130,09:26:13,2.05,100,171600
20240130,09:26:15,2.05,200,192900
20240130,09:26:17,2.05,50,192900
20240130,09:26:20,2.1,900,192900
20240130,09:26:22,2.05,1800,192900
20240130,09:26:23,2.3,2050,192900
20240130,09:26:24,2.2,500,192900
20240130,09:26:28,2.1,50,192900
20240130,09:26:31,2.15,50,192900
20240130,09:26:32,2.1,50,192900
20240130,09:26:34,2.1,50,192900
20240130,09:26:35,2.1,150,192900
20240130,09:26:39,2.15,200,192900
20240130,09:26:40,2.05,50,192900
20240130,09:26:42,1.95,900,192900
20240130,09:26:46,2.0,200,192900
20240130,09:26:47,2.05,50,192900
20240130,09:26:49,2.05,50,192900
20240130,09:26:50,2.0,200,192900
20240130,09:26:51,2.0,900,192900
20240130,09:26:52,2.05,100,192900
20240130,09:26:54,2.0,1800,192900
20240130,09:26:59,1.95,2200,192900
20240130,09:27:02,1.95,500,192900
20240130,09:27:04,1.95,200,192900
20240130,09:27:05,1.95,250,192900
20240130,09:27:07,1.95,550,192900
20240130,09:27:08,1.95,900,192900
20240130,09:27:11,1.9,1400,192900
20240130,09:27:12,1.9,3200,192900
20240130,09:27:13,1.9,6150,192900
20240130,09:27:14,1.95,300,192900
20240130,09:27:15,1.95,1800,192900
20240130,09:27:16,1.95,1150,192900
20240130,09:27:18,1.95,50,192900
20240130,09:27:19,1.95,50,192900
20240130,09:27:25,1.95,50,192900
20240130,09:27:27,1.95,1700,192900
20240130,09:27:28,1.95,300,192900
20240130,09:27:29,2.0,50,192900
20240130,09:27:30,1.9,100,192900
20240130,09:27:31,1.95,50,192900
20240130,09:27:36,1.95,1250,192900
20240130,09:27:37,1.95,50,192900
20240130,09:27:40,1.95,250,192900
20240130,09:28:00,1.9,400,192900
20240130,09:28:01,1.9,500,192900
20240130,09:28:06,1.9,50,192900
20240130,09:28:23,1.9,150,192900
20240130,09:28:28,1.9,250,192900
20240130,09:28:29,1.9,4200,192900
20240130,09:28:30,1.9,12550,192900
20240130,09:28:32,1.95,50,192900
20240130,09:28:33,1.85,750,192900
20240130,09:28:37,1.9,300,192900
20240130,09:28:41,1.9,3900,192900
20240130,09:28:43,1.9,850,192900
20240130,09:28:48,1.95,300,192900
20240130,09:29:06,1.95,1000,192900
20240130,09:29:09,1.95,50,192900
20240130,09:29:16,2.0,3600,212050
20240130,09:29:32,2.0,2700,212050
20240130,09:29:33,2.0,50,212050
20240130,09:29:34,2.0,450,212050
20240130,09:29:36,2.0,600,212050
20240130,09:29:52,2.0,50,212050
20240130,09:29:56,2.0,900,212050
20240130,09:30:13,2.0,300,212050
20240130,09:30:14,2.0,300,212050
20240130,09:30:15,2.0,1100,212050
20240130,09:30:19,2.0,150,212050
20240130,09:30:22,1.95,1250,212050
20240130,09:30:23,2.0,2050,212050
20240130,09:30:24,2.0,100,212050
20240130,09:30:26,2.05,50,212050
20240130,09:30:31,2.05,250,212050
20240130,09:30:32,2.05,250,212050
20240130,09:30:35,2.05,300,212050
20240130,09:30:37,2.05,250,212050
20240130,09:30:43,1.95,50,212050
20240130,09:30:44,2.05,1000,212050
20240130,09:30:49,2.05,1600,212050
20240130,09:30:50,2.2,1900,212050
20240130,09:30:51,2.2,50,212050
20240130,09:30:55,2.15,300,212050
20240130,09:30:56,2.15,250,212050
20240130,09:30:57,2.2,300,212050
20240130,09:31:01,2.15,200,212050
20240130,09:31:06,2.2,800,212050
20240130,09:31:09,2.25,750,212050
20240130,09:31:10,2.3,1800,212050
20240130,09:31:13,2.15,1400,212050
20240130,09:31:14,2.2,2000,212050
20240130,09:31:15,2.15,1650,212050
20240130,09:31:18,2.2,800,212050
20240130,09:31:19,2.15,400,212050
20240130,09:31:20,2.15,200,212050
20240130,09:31:28,2.15,1200,212050
20240130,09:31:29,2.15,800,212050
20240130,09:31:30,2.15,750,212050
20240130,09:31:34,2.15,50,212050
20240130,09:31:39,2.05,1800,212050
20240130,09:31:46,2.1,750,212050
20240130,09:31:48,2.1,1050,212050
20240130,09:31:49,2.05,650,212050
20240130,09:31:51,2.05,250,212050
20240130,09:31:57,2.05,100,212050
20240130,09:32:04,2.05,800,212050
20240130,09:32:07,2.0,250,212050
20240130,09:32:10,2.0,550,212050
20240130,09:32:12,1.95,50,212050
20240130,09:32:14,1.95,1600,212050
20240130,09:32:15,2.05,50,225100
20240130,09:32:18,2.0,200,225100
20240130,09:32:19,2.05,1800,225100
20240130,09:32:26,1.95,50,225100
20240130,09:32:37,1.95,50,225100
20240130,09:32:38,1.95,200,225100
20240130,09:32:41,1.95,500,225100
20240130,09:32:43,1.95,50,225100
20240130,09:32:44,1.95,200,225100
20240130,09:32:49,1.95,50,225100
20240130,09:32:52,1.95,50,225100
20240130,09:33:02,2.0,1850,225100
20240130,09:33:03,2.0,3000,225100
20240130,09:33:04,2.0,2050,225100
20240130,09:33:05,2.05,2400,225100
20240130,09:33:06,2.05,350,225100
20240130,09:33:07,2.05,250,225100
20240130,09:33:09,2.05,50,225100
20240130,09:33:14,2.05,50,225100
20240130,09:33:19,2.05,300,225100
20240130,09:33:26,2.15,2750,225100
20240130,09:33:27,2.15,1250,225100
20240130,09:33:28,2.15,2100,225100
20240130,09:33:29,2.15,650,225100
20240130,09:33:31,2.15,100,225100
20240130,09:33:31,2.15,400,225100
20240130,09:33:34,2.15,650,225100
20240130,09:33:36,2.15,450,225100
20240130,09:34:01,2.1,400,225100
20240130,09:34:02,2.1,300,225100
20240130,09:34:03,2.1,400,225100
20240130,09:34:04,2.1,50,225100
20240130,09:34:04,2.1,400,225100
20240130,09:34:10,2.1,200,225100
20240130,09:34:17,2.1,100,225100
20240130,09:34:18,2.1,200,225100
20240130,09:34:27,2.05,50,225100
20240130,09:34:30,2.05,650,225100
20240130,09:34:30,2.05,50,225100
20240130,09:34:33,2.05,1000,225100
20240130,09:34:40,2.0,500,225100
20240130,09:34:40,2.05,50,225100
20240130,09:34:51,2.0,900,225100
20240130,09:34:51,2.0,300,225100
20240130,09:35:01,2.0,50,225100
20240130,09:35:12,2.05,3500,225100
20240130,09:35:13,2.05,100,225100
20240130,09:35:14,2.05,200,225100
20240130,09:35:16,2.05,200,243700
20240130,09:35:21,2.05,50,243700
20240130,09:35:24,2.05,50,243700
20240130,09:35:34,2.05,1700,243700
20240130,09:35:37,2.05,1000,243700
20240130,09:35:52,2.05,250,243700
20240130,09:36:11,2.05,50,243700
20240130,09:36:16,2.05,300,243700
20240130,09:36:22,2.05,450,243700
20240130,09:36:25,2.05,250,243700
20240130,09:36:34,2.05,100,243700
20240130,09:36:49,2.0,50,243700
20240130,09:36:53,2.05,500,243700
20240130,09:36:54,2.05,250,243700
20240130,09:37:04,2.05,250,243700
20240130,09:37:06,2.05,50,243700
20240130,09:37:07,2.05,200,243700
20240130,09:37:29,2.1,50,243700
20240130,09:37:32,2.1,50,243700
20240130,09:37:38,2.1,50,243700
20240130,09:37:49,2.1,50,243700
20240130,09:37:54,2.1,250,243700
20240130,09:37:55,2.05,500,243700
20240130,09:38:04,2.05,450,243700
20240130,09:38:07,2.05,150,243700
20240130,09:38:23,2.05,450,244900
20240130,09:38:25,2.05,250,244900
20240130,09:38:28,2.05,2100,244900
20240130,09:38:31,2.05,50,244900
20240130,09:38:34,2.05,200,244900
20240130,09:38:35,2.05,50,244900
20240130,09:39:05,2.05,100,244900
20240130,09:39:07,2.05,1300,244900
20240130,09:39:21,2.05,150,244900
20240130,09:39:23,2.0,150,244900
20240130,09:39:33,2.05,700,244900
20240130,09:39:37,2.05,400,244900
20240130,09:39:38,2.05,850,244900
20240130,09:39:46,2.05,150,244900
20240130,09:39:57,2.1,50,244900
20240130,09:40:04,2.05,200,244900
20240130,09:40:08,2.1,100,244900
20240130,09:40:09,2.1,200,244900
20240130,09:40:10,2.1,100,244900
20240130,09:40:11,2.1,1800,244900
20240130,09:40:12,2.1,1000,244900
20240130,09:40:17,2.15,2350,244900
20240130,09:40:27,2.2,50,244900
20240130,09:40:36,2.15,150,244900
20240130,09:41:00,2.15,50,244900
20240130,09:41:04,2.1,50,244900
20240130,09:41:13,2.15,200,244900
20240130,09:41:42,2.1,300,244900
20240130,09:41:46,2.15,50,246750
20240130,09:41:47,2.1,500,246750
20240130,09:41:50,2.15,1900,246750
20240130,09:41:52,2.15,50,246750
20240130,09:41:58,2.1,200,246750
20240130,09:42:22,2.15,50,246750
20240130,09:42:37,2.15,50,246750
20240130,09:42:39,2.1,50,246750
20240130,09:43:10,2.1,300,246750
20240130,09:43:11,2.1,200,246750
20240130,09:43:18,2.05,50,246750
20240130,09:43:23,2.05,1000,246750
20240130,09:43:24,2.05,1400,246750
20240130,09:43:25,2.1,250,246750
20240130,09:43:26,2.05,250,246750
20240130,09:43:28,2.05,500,246750
20240130,09:43:43,2.0,200,246750
20240130,09:43:43,2.05,500,246750
20240130,09:43:48,2.05,500,246750
20240130,09:43:49,2.05,50,246750
20240130,09:43:57,2.1,200,246750
20240130,09:44:07,2.05,100,246750
20240130,09:44:09,2.05,50,246750
20240130,09:44:16,2.1,100,246750
20240130,09:44:25,2.05,150,248950
20240130,09:45:05,2.05,50,248950
20240130,09:45:07,2.0,1350,248950
20240130,09:46:02,2.0,50,248950
20240130,09:46:31,2.1,50,248950
20240130,09:46:35,2.1,500,248950
20240130,09:46:42,2.1,250,248950
20240130,09:46:43,2.0,50,248950
20240130,09:46:44,2.1,50,248950
20240130,09:46:55,2.05,50,248950
20240130,09:46:59,2.0,50,248950
20240130,09:47:10,2.0,100,248950
20240130,09:47:11,2.05,100,248950
20240130,09:47:13,2.0,150,248950
20240130,09:47:26,2.1,100,248200
20240130,09:47:42,2.05,850,248200
20240130,09:48:27,2.1,50,248200
20240130,09:48:28,2.1,50,248200
20240130,09:48:36,2.1,50,248200
20240130,09:48:40,2.0,500,248200
20240130,09:48:52,2.0,500,248200
20240130,09:49:04,2.0,1050,248200
20240130,09:49:20,2.0,150,248200
20240130,09:49:28,2.0,700,248200
20240130,09:49:39,1.95,50,248200
20240130,09:50:00,2.0,200,248200
20240130,09:50:02,1.95,100,248200
20240130,09:50:05,2.05,300,248200
20240130,09:50:09,2.05,50,248200
20240130,09:50:10,2.05,550,248200
20240130,09:50:44,2.0,50,248200
20240130,09:50:49,2.05,100,249450
20240130,09:50:53,2.05,1000,249450
20240130,09:51:13,2.1,50,249450
20240130,09:51:32,2.05,200,249450
20240130,09:52:17,2.05,300,249450
20240130,09:52:49,2.1,100,249450
20240130,09:53:30,2.1,50,249550
20240130,09:53:47,2.1,50,249550
20240130,09:54:01,2.05,50,249550
20240130,09:54:12,2.1,50,249550
20240130,09:54:24,2.05,50,249550
20240130,09:54:27,2.05,50,249550
20240130,09:54:53,2.05,250,249550
20240130,09:55:09,2.0,2000,249550
20240130,09:55:13,2.05,1100,249550
20240130,09:55:20,2.05,50,249550
20240130,09:55:24,2.0,50,249550
20240130,09:55:39,2.0,300,249550
20240130,09:55:59,2.05,50,249550
20240130,09:56:04,2.05,500,249550
20240130,09:56:16,2.05,100,249550
20240130,09:56:26,2.05,50,247800
20240130,09:56:28,2.05,50,247800
20240130,09:56:38,2.05,200,247800
20240130,09:56:56,2.0,50,247800
20240130,09:57:05,2.05,150,247800
20240130,09:57:18,2.05,250,247800
20240130,09:57:45,2.05,1000,247800
20240130,09:58:03,2.05,50,247800
20240130,09:58:09,2.05,50,247800
20240130,09:58:24,2.0,50,247800
20240130,09:58:34,2.05,50,247800
20240130,09:58:41,2.05,50,247800
20240130,09:58:44,2.0,150,247800
20240130,09:59:11,2.1,50,247800
20240130,09:59:16,2.05,50,247800
20240130,09:59:53,2.05,200,247800
20240130,09:59:56,2.0,50,248200
20240130,09:59:59,2.05,1450,248200
20240130,10:00:05,2.05,100,248200
20240130,10:00:07,2.05,100,248200
20240130,10:00:08,2.05,200,248200
20240130,10:00:28,2.0,250,248200
20240130,10:00:29,2.0,250,248200
20240130,10:00:31,2.0,250,248200
20240130,10:00:33,2.0,250,248200
20240130,10:00:34,2.0,150,248200
20240130,10:00:35,2.0,250,248200
20240130,10:00:36,2.0,250,248200
20240130,10:00:37,2.0,300,248200
20240130,10:00:38,2.0,50,248200
20240130,10:00:45,2.0,200,248200
20240130,10:00:46,2.0,50,248200
20240130,10:01:14,2.0,50,248200
20240130,10:01:44,1.95,200,248200
20240130,10:01:47,2.0,100,248200
20240130,10:03:16,1.9,200,249300
20240130,10:03:20,1.9,1650,249300
20240130,10:03:23,1.9,50,249300
20240130,10:03:29,1.9,150,249300
20240130,10:03:43,1.85,1100,249300
20240130,10:03:57,1.8,200,249300
20240130,10:04:11,1.8,150,249300
20240130,10:04:29,1.8,50,249300
20240130,10:04:39,1.85,50,249300
20240130,10:04:48,1.8,500,249300
20240130,10:04:53,1.8,300,249300
20240130,10:04:54,1.8,400,249300
20240130,10:04:57,1.8,150,249300
20240130,10:05:11,1.85,50,249300
20240130,10:05:23,1.8,400,249300
20240130,10:05:30,1.8,150,250700
20240130,10:05:32,1.75,300,250700
20240130,10:05:42,1.75,50,250700
20240130,10:05:44,1.7,550,250700
20240130,10:05:45,1.7,50,250700
20240130,10:05:51,1.8,250,250700
20240130,10:05:59,1.8,600,250700
20240130,10:06:46,1.8,400,250700
20240130,10:08:17,1.85,50,250700
20240130,10:08:22,1.75,500,250700
20240130,10:09:06,1.9,250,250400
20240130,10:09:26,1.75,250,250400
20240130,10:09:46,1.8,500,250400
20240130,10:10:25,1.8,550,250400
20240130,10:11:43,1.85,50,250400
20240130,10:11:46,1.85,50,249350
20240130,10:11:50,1.85,350,249350
20240130,10:11:53,1.85,50,249350
20240130,10:11:54,1.85,50,249350
20240130,10:12:06,1.8,1000,249350
20240130,10:12:13,1.85,50,249350
20240130,10:12:18,1.8,500,249350
20240130,10:12:36,1.85,50,249350
20240130,10:12:59,1.8,50,249350
20240130,10:13:37,1.75,200,249350
20240130,10:13:51,1.8,50,249350
20240130,10:13:53,1.75,800,249350
20240130,10:14:28,1.7,50,249800
20240130,10:14:38,1.7,50,249800
20240130,10:14:57,1.7,50,249800
20240130,10:15:02,1.7,450,249800
20240130,10:15:07,1.65,50,249800
20240130,10:15:08,1.65,50,249800
20240130,10:15:11,1.65,300,249800
20240130,10:15:28,1.7,250,249800
20240130,10:16:03,1.65,50,249800
20240130,10:16:08,1.75,50,249800
20240130,10:16:10,1.7,250,249800
20240130,10:16:11,1.65,250,249800
20240130,10:16:14,1.75,50,249800
20240130,10:17:19,1.7,400,249800
20240130,10:17:49,1.7,800,249800
20240130,10:18:01,1.7,200,248750
20240130,10:18:23,1.65,150,248750
20240130,10:18:40,1.6,50,248750
20240130,10:18:46,1.65,50,248750
20240130,10:18:52,1.6,50,248750
20240130,10:19:04,1.6,50,248750
20240130,10:19:25,1.7,50,248750
20240130,10:19:41,1.65,1500,248750
20240130,10:19:54,1.7,50,248750
20240130,10:21:10,1.7,500,248550
20240130,10:21:14,1.7,50,248550
20240130,10:21:18,1.7,50,248550
20240130,10:21:26,1.7,50,248550
20240130,10:21:29,1.7,50,248550
20240130,10:21:48,1.7,50,248550
20240130,10:22:05,1.7,50,248550
20240130,10:22:06,1.7,50,248550
20240130,10:22:48,1.7,50,248550
20240130,10:23:10,1.75,150,248550
20240130,10:23:43,1.75,50,248550
20240130,10:23:45,1.75,50,248550
20240130,10:23:59,1.75,50,248550
20240130,10:24:19,1.75,400,248550
20240130,10:24:49,1.7,50,248550
20240130,10:28:18,1.8,50,248500
20240130,10:28:22,1.75,50,248500
20240130,10:28:23,1.75,200,248500
20240130,10:28:41,1.7,50,248500
20240130,10:28:57,1.7,550,248500
20240130,10:29:09,1.75,50,248500
20240130,10:29:21,1.8,50,248500
20240130,10:30:41,1.7,500,249000
20240130,10:31:52,1.75,50,249000
20240130,10:32:49,1.7,400,248550
20240130,10:36:41,1.65,50,248650
20240130,10:36:51,1.65,50,248650
20240130,10:36:55,1.65,50,248650
20240130,10:37:33,1.6,150,248650
20240130,10:37:34,1.6,1000,248650
20240130,10:37:35,1.6,600,248650
20240130,10:37:46,1.55,450,248650
20240130,10:38:00,1.55,400,248650
20240130,10:38:05,1.55,200,248650
20240130,10:38:11,1.6,200,248650
20240130,10:38:14,1.5,100,248650
20240130,10:38:16,1.5,100,248650
20240130,10:38:34,1.6,200,248350
20240130,10:38:35,1.6,1800,248350
20240130,10:38:44,1.6,50,248350
20240130,10:38:56,1.5,3600,248350
20240130,10:38:57,1.55,4350,248350
20240130,10:38:58,1.6,3100,248350
20240130,10:39:00,1.55,50,248350
20240130,10:39:02,1.5,50,248350
20240130,10:39:10,1.55,500,248350
20240130,10:39:11,1.55,550,248350
20240130,10:39:14,1.55,550,248350
20240130,10:39:56,1.55,50,248350
20240130,10:39:59,1.6,400,248350
20240130,10:40:02,1.5,50,248350
20240130,10:40:10,1.6,50,248350
20240130,10:40:15,1.6,400,248350
20240130,10:40:36,1.6,400,248350
20240130,10:40:49,1.6,3250,248350
20240130,10:40:51,1.6,1200,248350
20240130,10:40:56,1.6,2150,248350
20240130,10:40:57,1.6,400,248350
20240130,10:41:00,1.55,50,248350
20240130,10:41:01,1.5,100,248350
20240130,10:41:11,1.55,5100,248350
20240130,10:41:13,1.55,1200,248350
20240130,10:41:21,1.5,1800,248350
20240130,10:41:28,1.6,400,241200
20240130,10:41:34,1.55,800,241200
20240130,10:41:35,1.6,800,241200
20240130,10:41:38,1.6,2250,241200
20240130,10:41:39,1.6,1900,241200
20240130,10:41:41,1.6,800,241200
20240130,10:41:44,1.6,1900,241200
20240130,10:41:45,1.55,250,241200
20240130,10:41:47,1.55,1700,241200
20240130,10:41:47,1.55,600,241200
20240130,10:41:49,1.6,200,241200
20240130,10:41:50,1.55,1400,241200
20240130,10:41:51,1.55,300,241200
20240130,10:41:55,1.5,200,241200
20240130,10:42:38,1.6,2550,241200
20240130,10:42:41,1.6,150,241200
20240130,10:42:43,1.6,150,241200
20240130,10:43:53,1.6,50,241200
20240130,10:43:55,1.6,1000,241200
20240130,10:44:01,1.6,300,241200
20240130,10:44:09,1.55,50,241200
20240130,10:44:11,1.6,1050,241200
20240130,10:44:31,1.55,1000,241200
20240130,10:44:32,1.55,1000,238700
20240130,10:44:50,1.6,200,238700
20240130,10:44:52,1.6,200,238700
20240130,10:45:19,1.55,50,238700
20240130,10:45:29,1.5,5350,238700
20240130,10:45:31,1.6,200,238700
20240130,10:45:32,1.55,200,238700
20240130,10:45:34,1.55,200,238700
20240130,10:45:35,1.55,200,238700
20240130,10:47:06,1.5,1800,238700
20240130,10:47:11,1.5,1150,238700
20240130,10:47:15,1.5,50,238700
20240130,10:47:20,1.5,350,238700
20240130,10:47:47,1.5,300,238700
20240130,10:47:48,1.45,1800,234250
20240130,10:48:23,1.5,2600,234250
20240130,10:49:00,1.5,1000,234250
20240130,10:49:02,1.5,1000,234250
20240130,10:49:04,1.5,50,234250
20240130,10:49:12,1.5,200,234250
20240130,10:50:24,1.45,300,234250
20240130,10:50:30,1.45,250,234250
20240130,10:50:32,1.45,1850,230050
20240130,10:50:39,1.45,50,230050
20240130,10:50:39,1.4,200,230050
20240130,10:50:51,1.4,50,230050
20240130,10:51:06,1.45,400,230050
20240130,10:51:10,1.45,950,230050
20240130,10:51:11,1.45,50,230050
20240130,10:51:12,1.45,50,230050
20240130,10:51:18,1.45,50,230050
20240130,10:51:40,1.4,1800,230050
20240130,10:51:51,1.45,600,230050
20240130,10:52:05,1.4,50,230050
20240130,10:52:11,1.45,50,230050
20240130,10:52:20,1.45,50,230050
20240130,10:52:27,1.4,200,230050
20240130,10:52:28,1.45,50,230050
20240130,10:53:06,1.45,950,230050
20240130,10:53:16,1.5,200,230050
20240130,10:53:55,1.45,200,225350
20240130,10:53:58,1.45,150,225350
20240130,10:53:59,1.45,150,225350
20240130,10:54:00,1.45,150,225350
20240130,10:54:01,1.45,50,225350
20240130,10:54:14,1.5,500,225350
20240130,10:54:32,1.4,50,225350
20240130,10:54:34,1.4,50,225350
20240130,10:55:03,1.45,400,225350
20240130,10:55:41,1.4,1800,225350
20240130,10:56:37,1.45,2850,225350
20240130,10:56:46,1.45,50,224200
20240130,10:56:47,1.45,50,224200
20240130,10:57:31,1.45,350,224200
20240130,10:57:33,1.45,150,224200
20240130,10:57:34,1.45,150,224200
20240130,10:57:35,1.45,100,224200
20240130,10:57:56,1.45,50,224200
20240130,10:57:59,1.45,50,224200
20240130,10:58:01,1.45,50,224200
20240130,10:59:16,1.45,50,224200
20240130,10:59:37,1.45,100,224200
20240130,10:59:45,1.45,50,224300
20240130,10:59:56,1.45,50,224300
20240130,10:59:59,1.4,50,224300
20240130,11:00:24,1.4,50,224300
20240130,11:01:38,1.4,50,224300
20240130,11:02:53,1.45,50,224150
20240130,11:03:09,1.4,100,224150
20240130,11:04:02,1.4,1800,224150
20240130,11:04:09,1.45,1000,224150
20240130,11:04:32,1.4,500,224150
20240130,11:04:54,1.4,50,224150
20240130,11:05:08,1.4,1800,224150
20240130,11:05:20,1.45,1900,224150
20240130,11:05:34,1.5,400,224150
20240130,11:06:00,1.45,50,222850
20240130,11:06:08,1.45,250,222850
20240130,11:06:09,1.45,150,222850
20240130,11:06:53,1.45,250,222850
20240130,11:10:49,1.4,50,222850
20240130,11:11:05,1.4,1800,222850
20240130,11:12:36,1.45,750,222850
20240130,11:12:44,1.45,1350,223050
20240130,11:14:15,1.4,4900,223050
20240130,11:14:20,1.4,200,223050
20240130,11:15:14,1.35,2400,225100
20240130,11:15:15,1.35,250,225100
20240130,11:16:11,1.4,100,225100
20240130,11:16:57,1.35,100,225100
20240130,11:17:05,1.4,50,225100
20240130,11:17:33,1.4,50,225200
20240130,11:17:40,1.4,1450,225200
20240130,11:17:49,1.4,50,225200
20240130,11:18:56,1.45,50,225200
20240130,11:19:40,1.4,100,225200
20240130,11:21:10,1.4,50,225200
20240130,11:21:30,1.45,50,224750
20240130,11:23:01,1.45,100,224750
20240130,11:23:03,1.45,500,224750
20240130,11:23:04,1.45,550,224750
20240130,11:23:08,1.45,50,224750
20240130,11:23:12,1.5,50,224750
20240130,11:23:24,1.45,50,224750
20240130,11:23:32,1.45,50,225500
20240130,11:23:50,1.5,150,225500
20240130,11:24:35,1.5,1150,225500
20240130,11:24:35,1.45,250,225500
20240130,11:24:41,1.45,50,225500
20240130,11:24:53,1.5,150,225500
20240130,11:24:57,1.5,750,225500
20240130,11:24:57,1.45,50,225500
20240130,11:24:58,1.5,1500,225500
20240130,11:25:00,1.5,1500,225500
20240130,11:25:43,1.5,100,225500
20240130,11:26:56,1.45,300,225900
20240130,11:26:59,1.45,50,225900
20240130,11:27:05,1.45,250,225900
20240130,11:27:55,1.45,400,225900
20240130,11:27:58,1.45,400,225900
20240130,11:29:57,1.45,50,225900
20240130,11:30:17,1.45,50,226150
20240130,11:32:12,1.45,450,226150
20240130,11:34:15,1.4,100,226150
20240130,11:34:18,1.4,600,226250
20240130,11:34:20,1.4,200,226250
20240130,11:35:51,1.4,150,226750
20240130,11:35:52,1.45,1650,226750
20240130,11:36:41,1.45,50,226750
20240130,11:36:46,1.4,1700,226750
20240130,11:36:47,1.4,400,226750
20240130,11:36:51,1.4,100,226750
20240130,11:36:54,1.4,50,226750
20240130,11:36:54,1.35,1800,226750
20240130,11:36:55,1.35,2100,226750
20240130,11:37:04,1.35,100,226750
20240130,11:37:05,1.35,1050,226750
20240130,11:37:07,1.35,50,226750
20240130,11:37:12,1.35,50,226750
20240130,11:37:13,1.3,1100,226750
20240130,11:37:32,1.35,50,226750
20240130,11:37:37,1.3,1500,226750
20240130,11:37:48,1.35,250,226750
20240130,11:38:09,1.35,500,226750
20240130,11:38:29,1.35,150,226750
20240130,11:38:30,1.35,150,226750
20240130,11:38:31,1.35,150,226750
20240130,11:39:22,1.35,50,226750
20240130,11:39:37,1.35,1100,223750
20240130,11:39:38,1.3,1800,223750
20240130,11:39:45,1.35,2100,223750
20240130,11:40:20,1.35,450,223750
20240130,11:40:24,1.3,1800,223750
20240130,11:40:28,1.3,1550,223750
20240130,11:40:29,1.3,1600,223750
20240130,11:40:30,1.3,50,223750
20240130,11:41:06,1.3,50,223750
20240130,11:41:41,1.3,500,223750
20240130,11:41:45,1.3,50,220850
20240130,11:42:03,1.3,50,220850
20240130,11:42:13,1.3,50,220850
20240130,11:42:29,1.3,50,220850
20240130,11:42:49,1.3,50,220850
20240130,11:43:13,1.3,50,220850
20240130,11:43:25,1.3,50,220850
20240130,11:43:31,1.3,1500,220850
20240130,11:43:34,1.3,1500,220850
20240130,11:43:42,1.3,50,220850
20240130,11:44:21,1.3,300,220850
20240130,11:44:43,1.3,250,220850
20240130,11:45:08,1.3,50,220750
20240130,11:46:02,1.3,1800,220750
20240130,11:46:27,1.3,1800,220750
20240130,11:46:32,1.35,2950,220750
20240130,11:48:19,1.35,600,220750
20240130,11:49:10,1.4,50,219550
20240130,11:49:41,1.3,250,219550
20240130,11:50:26,1.3,300,219550
20240130,11:51:07,1.3,50,219550
20240130,11:52:07,1.35,50,219450
20240130,11:52:13,1.3,2600,219450
20240130,11:52:20,1.3,400,219450
20240130,11:52:27,1.3,250,219450
20240130,11:54:03,1.3,50,221250
20240130,11:56:00,1.3,250,221250
20240130,11:56:05,1.3,50,221250
20240130,11:56:06,1.3,50,221250
20240130,11:56:07,1.3,50,221250
20240130,11:57:54,1.3,1500,221250
20240130,11:59:14,1.35,7650,221150
20240130,11:59:14,1.35,100,221150
20240130,11:59:37,1.3,150,221150
20240130,11:59:40,1.3,800,221000
20240130,11:59:43,1.3,800,221000
20240130,11:59:46,1.3,450,221000
20240130,12:00:58,1.35,50,221000
20240130,12:01:24,1.3,50,221000
20240130,12:01:42,1.3,50,221000
20240130,12:03:54,1.35,50,221000
20240130,12:05:32,1.3,50,219450
20240130,12:06:14,1.3,100,219450
20240130,12:06:26,1.3,250,219450
20240130,12:06:33,1.3,250,219450
20240130,12:07:29,1.3,250,219450
20240130,12:07:38,1.3,250,219450
20240130,12:07:49,1.25,3600,219450
20240130,12:08:24,1.25,50,219450
20240130,12:09:18,1.25,500,219500
20240130,12:09:20,1.25,500,219500
20240130,12:10:50,1.25,1000,219500
20240130,12:10:52,1.25,300,219500
20240130,12:10:59,1.25,150,219500
20240130,12:11:10,1.25,400,219500
20240130,12:11:55,1.25,50,219500
20240130,12:11:58,1.25,50,220200
20240130,12:12:48,1.3,50,220200
20240130,12:14:32,1.3,50,220200
20240130,12:14:44,1.25,400,220150
20240130,12:23:10,1.3,50,220500
20240130,12:23:48,1.25,250,220500
20240130,12:24:03,1.25,250,220500
20240130,12:24:07,1.25,300,220500
20240130,12:26:37,1.25,500,220500
20240130,12:27:11,1.2,450,220500
20240130,12:28:18,1.2,150,220800
20240130,12:31:01,1.25,50,220300
20240130,12:31:42,1.25,50,220300
20240130,12:32:03,1.2,100,220300
20240130,12:32:35,1.25,500,220300
20240130,12:32:38,1.25,50,220300
20240130,12:32:55,1.25,650,219600
20240130,12:34:44,1.25,2950,219600
20240130,12:34:53,1.25,250,219600
20240130,12:35:01,1.25,350,219600
20240130,12:35:14,1.25,50,219600
20240130,12:35:31,1.25,50,219600
20240130,12:39:53,1.3,250,219650
20240130,12:40:08,1.3,50,219650
20240130,12:40:10,1.25,100,219650
20240130,12:42:16,1.25,250,219700
20240130,12:42:36,1.3,500,219700
20240130,12:42:51,1.25,50,219700
20240130,12:43:37,1.25,50,219700
20240130,12:44:56,1.25,50,219700
20240130,12:45:01,1.25,1350,219600
20240130,12:45:05,1.25,50,219600
20240130,12:45:13,1.25,50,219600
20240130,12:46:18,1.25,50,219600
20240130,12:46:45,1.2,150,219600
20240130,12:47:16,1.25,150,219600
20240130,12:53:53,1.2,300,219900
20240130,12:54:11,1.2,100,219900
20240130,12:55:09,1.15,50,219900
20240130,12:55:10,1.15,50,219900
20240130,12:55:11,1.15,50,219900
20240130,12:55:12,1.15,50,219900
20240130,12:55:29,1.15,150,219900
20240130,12:55:36,1.15,500,219900
20240130,12:55:49,1.15,1000,219900
20240130,12:55:52,1.15,250,219900
20240130,12:56:18,1.15,50,219900
20240130,12:58:00,1.15,1000,219900
20240130,12:59:04,1.1,100,219900
20240130,12:59:06,1.1,50,219900
20240130,12:59:17,1.15,1000,219900
20240130,13:00:01,1.15,100,219900
20240130,13:00:17,1.15,50,218500
20240130,13:02:53,1.15,100,218500
20240130,13:04:27,1.1,600,218500
20240130,13:04:27,1.1,7250,218500
20240130,13:04:28,1.1,6950,218500
20240130,13:05:35,1.1,900,218500
20240130,13:10:04,1.1,500,218500
20240130,13:10:41,1.1,50,221050
20240130,13:10:50,1.1,350,221050
20240130,13:15:27,1.1,350,220550
20240130,13:15:31,1.1,350,220550
20240130,13:15:56,1.15,100,220550
20240130,13:16:21,1.1,100,220550
20240130,13:16:27,1.1,350,220550
20240130,13:16:38,1.1,150,220550
20240130,13:17:28,1.15,100,220550
20240130,13:17:48,1.05,100,220650
20240130,13:18:00,1.05,200,220650
20240130,13:18:32,1.05,100,220650
20240130,13:18:45,1.05,100,220650
20240130,13:18:46,1.15,500,220650
20240130,13:19:10,1.15,100,220650
20240130,13:19:24,1.05,50,220650
20240130,13:19:25,1.05,100,220650
20240130,13:20:47,1.1,50,220650
20240130,13:20:51,1.1,6300,220700
20240130,13:22:11,1.05,50,220700
20240130,13:23:18,1.05,50,220700
20240130,13:24:46,1.05,50,220700
20240130,13:24:56,1.1,50,219500
20240130,13:27:02,1.1,50,219500
20240130,13:29:22,1.05,150,219500
20240130,13:29:26,1.05,50,219500
20240130,13:34:08,1.0,3150,219700
20240130,13:34:09,1.0,50,219700
20240130,13:34:11,1.0,250,219700
20240130,13:35:58,1.05,150,219700
20240130,13:36:00,1.05,400,217950
20240130,13:36:40,1.05,400,217950
20240130,13:36:54,1.05,400,217950
20240130,13:37:52,1.05,2300,217950
20240130,13:38:43,1.0,50,217950
20240130,13:39:39,1.05,50,217950
20240130,13:41:15,1.0,4300,220250
20240130,13:41:18,1.05,100,220250
20240130,13:41:39,1.0,700,220250
20240130,13:42:22,1.0,2950,220250
20240130,13:42:23,1.0,100,216350
20240130,13:42:24,1.05,350,216350
20240130,13:42:49,1.0,1800,216350
20240130,13:45:24,1.05,850,212350
20240130,13:45:32,1.05,50,212350
20240130,13:45:35,1.05,50,212350
20240130,13:46:10,1.05,250,212350
20240130,13:46:37,1.1,200,212350
20240130,13:46:39,1.05,1350,212350
20240130,13:46:59,1.05,4000,212350
20240130,13:47:00,1.0,2700,212350
20240130,13:47:13,1.0,150,212350
20240130,13:47:20,1.0,650,212350
20240130,13:47:20,1.0,600,212350
20240130,13:47:21,1.0,2200,212350
20240130,13:47:22,1.0,50,212350
20240130,13:47:26,1.0,50,212350
20240130,13:47:28,1.05,1000,212350
20240130,13:47:49,1.05,100,212350
20240130,13:53:32,1.0,3500,206300
20240130,13:55:18,1.0,850,206300
20240130,13:55:19,1.0,100,203800
20240130,13:55:20,1.0,100,203800
20240130,13:55:32,1.0,100,203800
20240130,13:55:55,0.95,2550,203800
20240130,13:55:56,0.95,750,203800
20240130,13:56:00,0.95,250,203800
20240130,13:56:51,0.95,2250,203800
20240130,13:56:51,0.95,1800,203550
20240130,13:56:52,1.0,800,203550
20240130,13:58:28,1.05,100,203550
20240130,13:59:12,1.05,50,203550
20240130,14:03:24,1.0,50,202750
20240130,14:05:47,1.0,100,202750
20240130,14:07:45,1.0,50,202800
20240130,14:07:57,1.0,50,202800
20240130,14:08:48,1.05,2850,202800
20240130,14:08:49,0.95,3600,202800
20240130,14:10:29,0.95,1800,203650
20240130,14:10:55,1.0,1500,203650
20240130,14:10:55,1.0,2400,203650
20240130,14:10:56,1.0,2750,203650
20240130,14:11:06,0.95,100,203650
20240130,14:12:21,0.95,50,205400
20240130,14:13:49,1.0,50,205400
20240130,14:14:03,0.95,1000,205400
20240130,14:14:29,0.95,50,205400
20240130,14:15:06,0.95,500,205400
20240130,14:15:07,0.95,400,205400
20240130,14:15:18,0.95,1450,205400
20240130,14:15:32,0.95,50,205400
20240130,14:15:35,0.95,200,205400
20240130,14:15:36,0.95,50,205400
20240130,14:16:03,0.95,1200,205400
20240130,14:16:15,0.9,500,205400
20240130,14:16:25,0.9,150,205400
20240130,14:16:26,0.9,800,205400
20240130,14:16:40,0.9,50,205400
20240130,14:17:01,0.85,200,205400
20240130,14:17:05,0.85,150,205400
20240130,14:17:06,0.85,1800,205400
20240130,14:17:21,0.85,50,205400
20240130,14:17:27,0.85,50,205400
20240130,14:18:12,0.85,1800,202200
20240130,14:18:16,0.85,1800,202200
20240130,14:18:23,0.9,200,202200
20240130,14:18:27,0.9,50,202200
20240130,14:18:47,0.85,1800,202200
20240130,14:19:00,0.9,50,202200
20240130,14:19:16,0.8,3800,202200
20240130,14:19:24,0.8,250,202200
20240130,14:19:34,0.85,2500,202200
20240130,14:19:38,0.85,1800,202200
20240130,14:19:42,0.85,250,202200
20240130,14:19:45,0.85,250,202200
20240130,14:19:46,0.85,400,202200
20240130,14:19:47,0.85,250,202200
20240130,14:19:49,0.85,250,202200
20240130,14:20:24,0.85,2250,202200
20240130,14:20:52,0.85,300,202200
20240130,14:21:58,0.85,250,194350
20240130,14:22:11,0.85,50,194350
20240130,14:22:41,0.9,50,194350
20240130,14:22:47,0.85,500,194350
20240130,14:22:59,0.85,250,194350
20240130,14:23:33,0.8,1800,194350
20240130,14:23:34,0.8,1800,194350
20240130,14:23:58,0.85,50,193500
20240130,14:25:08,0.85,250,193500
20240130,14:25:09,0.85,2300,193500
20240130,14:26:50,0.85,50,193500
20240130,14:27:41,0.8,1800,194850
20240130,14:27:45,0.75,2550,194850
20240130,14:27:46,0.8,550,194850
20240130,14:27:53,0.8,1950,194850
20240130,14:27:59,0.75,1800,194850
20240130,14:28:00,0.75,1800,194850
20240130,14:28:23,0.75,1800,194850
20240130,14:28:32,0.75,400,194850
20240130,14:28:32,0.75,1000,194850
20240130,14:28:51,0.7,5350,194850
20240130,14:29:17,0.75,1300,194850
20240130,14:29:18,0.7,1800,194850
20240130,14:29:24,0.7,100,194850
20240130,14:29:28,0.7,2500,194850
20240130,14:29:28,0.7,50,194850
20240130,14:29:31,0.7,2500,194850
20240130,14:29:37,0.75,50,194850
20240130,14:29:55,0.65,450,188150
20240130,14:30:06,0.7,2800,188150
20240130,14:30:08,0.7,50,188150
20240130,14:30:11,0.7,1800,188150
20240130,14:30:12,0.75,1400,188150
20240130,14:30:14,0.75,950,188150
20240130,14:30:17,0.8,11200,188150
20240130,14:30:19,0.8,450,188150
20240130,14:30:26,0.8,50,188150
20240130,14:30:31,0.8,1000,188150
20240130,14:30:44,0.8,1000,188150
20240130,14:30:51,0.8,550,188150
20240130,14:31:07,0.8,250,188150
20240130,14:31:07,0.8,50,188150
20240130,14:31:14,0.8,100,188150
20240130,14:31:15,0.8,600,188150
20240130,14:31:15,0.8,50,188150
20240130,14:31:17,0.8,250,188150
20240130,14:31:28,0.8,1000,188150
20240130,14:31:30,0.8,500,188150
20240130,14:31:31,0.8,500,188150
20240130,14:31:34,0.8,400,188150
20240130,14:31:36,0.8,400,188150
20240130,14:31:43,0.8,350,188150
20240130,14:31:46,0.8,1800,188150
20240130,14:32:23,0.8,1800,188150
20240130,14:32:23,0.85,2650,188150
20240130,14:32:25,0.95,3550,188150
20240130,14:32:28,0.9,2000,188150
20240130,14:32:31,1.0,1700,188150
20240130,14:32:32,0.85,3650,188150
20240130,14:32:32,0.85,1200,188150
20240130,14:32:34,0.95,850,188150
20240130,14:32:37,0.9,200,188150
20240130,14:32:39,0.9,500,188150
20240130,14:32:42,0.85,900,188150
20240130,14:32:43,0.8,1800,188150
20240130,14:32:45,0.8,1100,188150
20240130,14:32:48,0.8,600,188150
20240130,14:32:49,0.85,50,188150
20240130,14:32:51,0.85,100,188150
20240130,14:32:56,0.85,200,171800
20240130,14:32:57,0.85,400,171800
20240130,14:33:06,0.85,200,171800
20240130,14:33:07,0.85,200,171800
20240130,14:33:08,0.85,300,171800
20240130,14:33:09,0.85,200,171800
20240130,14:33:11,0.85,150,171800
20240130,14:34:06,0.8,500,171800
20240130,14:34:12,0.75,3700,171800
20240130,14:34:17,0.8,500,171800
20240130,14:34:18,0.8,300,171800
20240130,14:34:19,0.8,1800,171800
20240130,14:34:56,0.8,1000,171800
20240130,14:34:57,0.8,500,171800
20240130,14:35:01,0.8,950,171800
20240130,14:35:08,0.75,50,171800
20240130,14:35:27,0.8,750,171800
20240130,14:35:28,0.75,1850,171800
20240130,14:35:49,0.8,350,171800
20240130,14:35:50,0.8,950,171800
20240130,14:36:02,0.8,250,169550
20240130,14:36:10,0.8,300,169550
20240130,14:36:21,0.8,50,169550
20240130,14:36:22,0.8,300,169550
20240130,14:36:52,0.8,50,169550
20240130,14:36:54,0.85,200,169550
20240130,14:37:05,0.8,50,169550
20240130,14:37:08,0.8,250,169550
20240130,14:37:33,0.8,700,169550
20240130,14:37:44,0.8,250,169550
20240130,14:37:49,0.85,50,169550
20240130,14:37:54,0.8,50,169550
20240130,14:38:24,0.85,50,169550
20240130,14:38:26,0.8,2500,169550
20240130,14:38:43,0.8,50,169550
20240130,14:38:44,0.75,1800,169550
20240130,14:38:49,0.8,300,169550
20240130,14:38:52,0.8,350,169550
20240130,14:38:53,0.8,300,169550
20240130,14:38:54,0.8,300,169550
20240130,14:38:55,0.8,800,169550
20240130,14:39:59,0.75,1800,169250
20240130,14:40:06,0.75,50,169250
20240130,14:40:21,0.8,50,169250
20240130,14:40:46,0.8,250,169250
20240130,14:40:47,0.75,2050,169250
20240130,14:42:47,0.8,250,169000
20240130,14:43:07,0.8,800,169000
20240130,14:43:31,0.8,250,169000
20240130,14:43:42,0.75,100,169000
20240130,14:46:06,0.75,50,168450
20240130,14:46:56,0.8,250,168450
20240130,14:47:09,0.8,650,168450
20240130,14:49:36,0.75,50,167600
20240130,14:50:03,0.75,200,167600
20240130,14:50:39,0.75,1000,167600
20240130,14:50:57,0.75,50,167600
20240130,14:51:42,0.75,250,167050
20240130,14:52:36,0.75,300,167050
20240130,14:52:43,0.75,500,167050
20240130,14:53:36,0.75,50,167050
20240130,14:53:51,0.8,100,167050
20240130,14:54:14,0.75,50,166950
20240130,14:54:21,0.75,50,166950
20240130,14:54:28,0.8,250,166950
20240130,14:54:36,0.75,650,166950
20240130,14:54:41,0.75,250,166950
20240130,14:54:43,0.75,250,166950
20240130,14:55:09,0.75,250,166950
20240130,14:55:14,0.75,7950,166950
20240130,14:55:26,0.7,750,166950
20240130,14:55:28,0.7,2650,166950
20240130,14:55:31,0.7,2050,166950
20240130,14:55:38,0.7,1800,166950
20240130,14:56:28,0.7,450,166950
20240130,14:56:59,0.75,300,166600
20240130,14:57:58,0.7,250,166600
20240130,14:58:17,0.75,50,166600
20240130,14:58:44,0.7,50,166600
20240130,14:58:52,0.7,50,166600
20240130,14:59:35,0.7,1000,166600
20240130,15:00:35,0.7,500,165300
20240130,15:01:15,0.7,600,165300
20240130,15:01:33,0.75,250,165300
20240130,15:01:45,0.75,450,165300
20240130,15:02:04,0.75,7200,165300
20240130,15:02:06,0.75,700,165300
20240130,15:02:13,0.7,500,165300
20240130,15:02:26,0.7,50,165300
20240130,15:02:28,0.75,1000,165300
20240130,15:02:34,0.75,1000,165300
20240130,15:04:12,0.7,250,165300
20240130,15:04:23,0.75,250,170150
20240130,15:05:06,0.7,550,170150
20240130,15:05:38,0.75,250,170150
20240130,15:06:12,0.75,50,170150
20240130,15:08:08,0.75,200,170150
20240130,15:09:33,0.7,750,170150
20240130,15:09:36,0.7,250,170100
20240130,15:09:49,0.7,250,170100
20240130,15:10:12,0.7,500,170100
20240130,15:10:36,0.7,250,170100
20240130,15:10:37,0.7,250,170100
20240130,15:10:38,0.75,250,170100
20240130,15:10:55,0.75,1600,170100
20240130,15:11:00,0.7,250,170100
20240130,15:11:13,0.7,250,170100
20240130,15:11:14,0.7,400,170100
20240130,15:11:32,0.8,250,170100
20240130,15:11:46,0.7,50,170100
20240130,15:12:09,0.75,750,172350
20240130,15:14:27,0.7,100,172350
20240130,15:14:54,0.7,300,172350
20240130,15:15:06,0.7,3650,173100
20240130,15:15:16,0.7,150,173100
20240130,15:15:46,0.7,5450,173100
20240130,15:15:48,0.7,100,173100
20240130,15:15:50,0.65,500,173100
20240130,15:15:51,0.7,100,173100
20240130,15:15:53,0.7,100,173100
20240130,15:15:54,0.7,200,173100
20240130,15:15:55,0.7,100,173100
20240130,15:16:32,0.7,100,173100
20240130,15:16:46,0.7,100,173100
20240130,15:17:24,0.7,500,173100
20240130,15:17:33,0.65,11050,173100
20240130,15:17:34,0.65,1300,173100
20240130,15:18:00,0.6,750,173100
20240130,15:18:07,0.6,250,170200
20240130,15:19:09,0.65,50,170200
20240130,15:19:15,0.65,1800,170200
20240130,15:20:02,0.6,1300,170200
20240130,15:20:08,0.6,1800,170200
20240130,15:20:42,0.6,2100,170200
20240130,15:20:57,0.6,27600,170200
20240130,15:21:07,0.55,100,195450
20240130,15:21:19,0.55,100,195450
20240130,15:22:21,0.55,50,195450
20240130,15:22:22,0.55,50,195450
20240130,15:22:31,0.55,50,195450
20240130,15:22:32,0.55,1000,195450
20240130,15:23:11,0.6,250,195450
20240130,15:23:23,0.6,1800,195450
20240130,15:23:24,0.6,3600,195450
20240130,15:23:25,0.6,9400,195450
20240130,15:24:08,0.65,50,195450
20240130,15:24:33,0.65,1600,200550
20240130,15:24:44,0.6,50,200550
20240130,15:25:00,0.6,250,200550
20240130,15:25:08,0.6,250,200550
20240130,15:25:10,0.6,50,200550
20240130,15:25:18,0.6,250,200550
20240130,15:25:39,0.65,750,200550
20240130,15:25:55,0.6,50,200550
20240130,15:26:20,0.65,500,200550
20240130,15:26:27,0.65,200,200550
20240130,15:26:29,0.65,1800,200550
20240130,15:26:41,0.65,30850,200550
20240130,15:26:47,0.65,200,200550
20240130,15:27:20,0.6,50,200550
20240130,15:27:39,0.65,500,169900
20240130,15:27:58,0.65,5400,169900
20240130,15:28:03,0.65,1800,169900
20240130,15:28:09,0.6,500,169900
20240130,15:28:13,0.7,650,169900
20240130,15:28:17,0.7,100,169900
20240130,15:28:25,0.7,400,169900
20240130,15:28:58,0.7,1400,169900
20240130,15:29:04,0.7,1100,169900
20240130,15:29:17,0.7,50,169900
20240130,15:29:34,0.7,1200,169900
20240130,15:29:35,0.7,500,169900
20240130,15:29:37,0.65,50,169900
20240130,15:29:38,0.65,600,169900
20240130,15:29:41,0.65,300,169900
20240130,15:29:46,0.65,950,169900
20240130,15:29:47,0.65,100,169900
20240130,15:29:58,0.7,50,169900
20240130,15:29:59,0.65,300,169900
20240131,09:15:01,0.65,1,172400
20240131,09:15:01,0.65,50,172400
20240131,09:15:02,0.6,100,172400
20240131,09:15:03,0.55,1050,172400
20240131,09:15:04,0.55,950,172400
20240131,09:15:05,0.65,100,172400
20240131,09:15:06,0.65,2050,172400
20240131,09:15:07,0.65,150,172400
20240131,09:15:08,0.7,50,172400
20240131,09:15:09,0.7,400,172400
20240131,09:15:10,0.65,50,172400
20240131,09:15:11,0.65,50,172400
20240131,09:15:13,0.65,1900,172400
20240131,09:15:21,0.7,200,172400
20240131,09:15:26,0.65,4300,172400
20240131,09:15:34,0.65,250,172400
20240131,09:15:36,0.65,1350,172400
20240131,09:15:47,0.65,4750,172400
20240131,09:16:02,0.65,50,172400
20240131,09:16:05,0.65,100,172400
20240131,09:16:26,0.65,150,172400
20240131,09:17:15,0.65,50,172400
20240131,09:17:24,0.65,1800,177350
20240131,09:17:25,0.65,1800,177350
20240131,09:17:26,0.65,50,177350
20240131,09:17:29,0.6,1800,177350
20240131,09:17:31,0.65,250,177350
20240131,09:17:40,0.6,150,177350
20240131,09:17:43,0.65,500,177350
20240131,09:18:09,0.6,750,177350
20240131,09:18:15,0.65,250,177350
20240131,09:18:17,0.6,250,177350
20240131,09:18:30,0.65,100,177350
20240131,09:18:32,0.65,250,177350
20240131,09:18:39,0.65,350,177350
20240131,09:18:43,0.65,150,177350
20240131,09:18:44,0.65,300,177350
20240131,09:18:46,0.65,250,177350
20240131,09:18:56,0.65,2550,177350
20240131,09:19:15,0.65,1000,177350
20240131,09:19:17,0.65,450,177350
20240131,09:19:31,0.65,250,177350
20240131,09:19:32,0.65,250,177350
20240131,09:19:34,0.65,50,177350
20240131,09:19:39,0.6,50,177350
20240131,09:19:53,0.65,550,177350
20240131,09:20:34,0.7,50,172150
20240131,09:20:56,0.7,500,172150
20240131,09:20:59,0.7,50,172150
20240131,09:21:06,0.7,50,172150
20240131,09:21:11,0.7,50,172150
20240131,09:21:13,0.7,50,172150
20240131,09:21:24,0.7,50,172150
20240131,09:21:26,0.7,50,172150
20240131,09:21:32,0.7,600,172150
20240131,09:21:39,0.7,900,172150
20240131,09:21:43,0.7,100,172150
20240131,09:21:48,0.7,300,172150
20240131,09:21:59,0.7,100,172150
20240131,09:22:03,0.7,50,172150
20240131,09:22:13,0.7,100,172150
20240131,09:22:17,0.65,50,172150
20240131,09:22:24,0.7,550,172150
20240131,09:22:28,0.7,150,172150
