date,time,tick_price,volume,open_interest
20240108,09:15:38,0.75,200,1700
20240108,09:15:39,0.8,100,1700
20240108,09:15:41,0.85,250,1700
20240108,09:15:48,0.8,150,1700
20240108,09:16:00,0.8,50,1700
20240108,09:16:03,0.75,150,1700
20240108,09:16:05,0.75,100,1700
20240108,09:16:10,0.75,50,1700
20240108,09:16:18,0.75,50,1700
20240108,09:16:21,0.75,50,1700
20240108,09:16:22,0.75,50,1700
20240108,09:16:42,0.75,50,1700
20240108,09:16:57,0.8,200,1700
20240108,09:17:02,0.8,50,1700
20240108,09:17:05,0.8,50,1700
20240108,09:17:09,0.75,50,1700
20240108,09:17:10,0.75,50,1700
20240108,09:17:11,0.75,50,1700
20240108,09:17:13,0.75,50,1700
20240108,09:17:14,0.75,50,1700
20240108,09:17:15,0.75,50,1700
20240108,09:17:18,0.75,50,1700
20240108,09:17:25,0.75,50,1700
20240108,09:17:29,0.7,200,1700
20240108,09:17:37,0.7,50,1700
20240108,09:17:49,0.75,50,1700
20240108,09:17:51,0.75,550,1700
20240108,09:18:30,0.75,50,1700
20240108,09:18:31,0.75,50,1700
20240108,09:18:40,0.75,50,1700
20240108,09:18:53,0.75,50,1700
20240108,09:18:54,0.7,800,1700
20240108,09:18:56,0.7,300,1700
20240108,09:19:02,0.7,250,1700
20240108,09:19:36,0.7,50,1700
20240108,09:19:59,0.7,350,1700
20240108,09:20:11,0.7,50,1700
20240108,09:20:12,0.7,50,1700
20240108,09:21:12,0.75,50,1700
20240108,09:22:12,0.75,50,2150
20240108,09:22:44,0.7,250,2150
20240108,09:22:52,0.7,250,2150
20240108,09:23:02,0.7,50,2150
20240108,09:23:03,0.7,50,2150
20240108,09:23:20,0.7,250,2650
20240108,09:23:28,0.75,50,2650
20240108,09:23:46,0.75,50,2650
20240108,09:25:03,0.7,200,2650
20240108,09:25:04,0.7,50,2650
20240108,09:25:10,0.7,50,2650
20240108,09:25:11,0.7,250,2650
20240108,09:25:15,0.75,500,2650
20240108,09:25:16,0.7,100,2650
20240108,09:25:17,0.7,100,2650
20240108,09:25:18,0.75,250,2650
20240108,09:26:00,0.7,100,2650
20240108,09:26:12,0.7,50,2650
20240108,09:26:15,0.7,50,2650
20240108,09:26:16,0.7,100,2650
20240108,09:26:20,0.7,50,2650
20240108,09:26:20,0.7,150,3600
20240108,09:26:21,0.7,100,3600
20240108,09:26:24,0.7,50,3600
20240108,09:26:29,0.7,50,3600
20240108,09:27:03,0.7,50,3600
20240108,09:27:35,0.7,150,3600
20240108,09:28:21,0.7,350,3600
20240108,09:28:31,0.7,50,3600
20240108,09:30:06,0.75,450,3600
20240108,09:30:08,0.75,50,4000
20240108,09:31:07,0.7,500,4000
20240108,09:34:05,0.75,50,4000
20240108,09:34:40,0.75,150,4450
20240108,09:34:55,0.75,250,4450
20240108,09:35:34,0.8,1800,4800
20240108,09:35:50,0.8,900,4800
20240108,09:36:29,0.8,300,4800
20240108,09:37:28,0.8,50,4800
20240108,09:37:32,0.8,50,4800
20240108,09:38:22,0.8,250,4800
20240108,09:44:42,0.8,50,6450
20240108,09:45:50,0.8,50,6700
20240108,09:45:57,0.75,250,6700
20240108,09:47:45,0.75,500,7000
20240108,09:49:19,0.75,50,7000
20240108,09:49:32,0.75,250,7000
20240108,09:49:33,0.75,300,7000
20240108,09:49:33,0.75,200,7000
20240108,09:49:49,0.75,50,7000
20240108,09:50:46,0.75,250,6800
20240108,09:53:08,0.75,350,6800
20240108,09:53:11,0.75,50,6800
20240108,09:53:52,0.75,250,6800
20240108,09:53:53,0.8,50,7450
20240108,09:54:24,0.75,900,7450
20240108,09:55:36,0.75,50,7450
20240108,09:56:19,0.75,550,7450
20240108,09:57:11,0.75,50,7450
20240108,09:57:51,0.75,50,9250
20240108,09:58:15,0.75,50,9250
20240108,10:00:53,0.7,500,9250
20240108,10:00:54,0.7,250,9400
20240108,10:00:55,0.7,150,9400
20240108,10:00:57,0.7,100,9400
20240108,10:03:15,0.7,50,9400
20240108,10:05:26,0.7,50,9350
20240108,10:08:16,0.75,50,9350
20240108,10:08:21,0.75,500,9350
20240108,10:14:23,0.75,100,9600
20240108,10:14:43,0.75,50,9600
20240108,10:16:08,0.7,1800,9600
20240108,10:16:15,0.7,50,9600
20240108,10:16:16,0.7,400,9600
20240108,10:16:17,0.7,50,9600
20240108,10:16:30,0.75,50,9600
20240108,10:19:25,0.7,50,9700
20240108,10:20:48,0.7,50,9700
20240108,10:21:08,0.7,250,9700
20240108,10:23:02,0.7,50,9700
20240108,10:23:36,0.7,50,9600
20240108,10:24:02,0.7,50,9600
20240108,10:24:09,0.7,250,9600
20240108,10:26:07,0.7,200,9600
20240108,10:26:29,0.75,50,9500
20240108,10:26:34,0.75,200,9500
20240108,10:26:58,0.7,50,9500
20240108,10:26:59,0.7,100,9500
20240108,10:27:05,0.7,50,9500
20240108,10:33:10,0.65,300,9550
20240108,10:34:02,0.65,50,9550
20240108,10:35:04,0.65,50,9550
20240108,10:35:17,0.6,50,9550
20240108,10:35:42,0.6,50,9550
20240108,10:36:28,0.6,50,9850
20240108,10:36:50,0.65,250,9850
20240108,10:36:56,0.7,100,9850
20240108,10:37:09,0.65,250,9850
20240108,10:37:23,0.65,600,9850
20240108,10:37:25,0.65,250,9850
20240108,10:37:36,0.65,250,9850
20240108,10:38:17,0.7,50,9850
20240108,10:38:25,0.65,650,9850
20240108,10:38:39,0.6,50,11600
20240108,10:38:50,0.65,100,11600
20240108,10:39:07,0.65,100,11600
20240108,10:39:37,0.6,50,11600
20240108,10:41:51,0.65,50,11600
20240108,10:43:28,0.7,250,11600
20240108,10:47:34,0.7,50,11350
20240108,10:49:08,0.7,1800,11350
20240108,10:51:02,0.7,50,9600
20240108,10:51:05,0.7,100,9600
20240108,10:51:06,0.7,750,9600
20240108,10:51:08,0.7,50,9600
20240108,10:51:09,0.7,50,9600
20240108,10:52:59,0.75,250,9600
20240108,10:53:01,0.7,750,9600
20240108,10:53:07,0.7,50,9600
20240108,10:53:12,0.75,50,9600
20240108,10:53:14,0.75,500,9600
20240108,10:54:19,0.7,50,9600
20240108,10:56:02,0.75,200,9550
20240108,10:56:03,0.75,300,9550
20240108,10:56:11,0.75,50,9550
20240108,11:00:01,0.75,200,9850
20240108,11:01:07,0.75,50,9850
20240108,11:01:09,0.75,50,9850
20240108,11:01:13,0.75,350,9850
20240108,11:01:14,0.75,900,9850
20240108,11:04:12,0.75,250,9850
20240108,11:06:27,0.75,250,10000
20240108,11:06:32,0.75,250,10000
20240108,11:06:34,0.75,300,10000
20240108,11:08:15,0.8,300,10000
20240108,11:08:17,0.8,250,10000
20240108,11:08:25,0.8,250,10000
20240108,11:09:30,0.8,700,10000
20240108,11:09:53,0.8,300,10000
20240108,11:10:00,0.8,250,10000
20240108,11:10:03,0.8,250,10000
20240108,11:10:05,0.8,500,10000
20240108,11:10:06,0.8,50,10000
20240108,11:11:01,0.75,50,10000
20240108,11:11:05,0.85,1050,10000
20240108,11:11:39,0.85,250,10000
20240108,11:11:40,0.85,400,12000
20240108,11:13:31,0.9,1850,12000
20240108,11:13:31,0.9,1200,12000
20240108,11:14:17,0.8,50,12000
20240108,11:14:20,0.8,350,12000
20240108,11:14:20,0.8,400,12000
20240108,11:14:22,0.8,150,12000
20240108,11:14:23,0.8,350,12000
20240108,11:14:59,0.8,50,13750
20240108,11:15:00,0.8,50,13750
20240108,11:15:03,0.8,50,13750
20240108,11:16:36,0.75,500,13750
20240108,11:16:38,0.75,50,13750
20240108,11:17:44,0.75,150,13700
20240108,11:18:23,0.8,500,13700
20240108,11:18:37,0.8,450,13700
20240108,11:19:35,0.7,100,13700
20240108,11:19:36,0.75,50,13700
20240108,11:23:02,0.75,150,13700
20240108,11:26:51,0.75,100,14100
20240108,11:26:53,0.75,150,14100
20240108,11:30:19,0.75,100,14100
20240108,11:32:06,0.7,400,14100
20240108,11:32:37,0.7,500,14100
20240108,11:33:47,0.75,250,13800
20240108,11:37:08,0.7,200,13300
20240108,11:38:21,0.75,50,13300
20240108,11:44:56,0.7,50,13300
20240108,11:44:57,0.7,50,13200
20240108,11:45:11,0.7,50,13200
20240108,11:45:12,0.7,50,13200
20240108,11:46:39,0.7,250,13200
20240108,11:46:42,0.7,250,13200
20240108,11:46:47,0.7,400,13200
20240108,11:46:59,0.7,50,13200
20240108,11:47:58,0.75,50,13200
20240108,11:53:04,0.75,250,12300
20240108,11:54:41,0.75,250,12500
20240108,11:55:09,0.8,300,12500
20240108,11:55:10,0.8,50,12500
20240108,11:55:28,0.8,800,12500
20240108,11:55:30,0.85,100,12500
20240108,11:56:25,0.8,50,12500
20240108,11:56:26,0.8,350,12500
20240108,11:56:41,0.85,400,12900
20240108,11:57:32,0.8,50,12900
20240108,11:57:37,0.8,900,12900
20240108,11:57:38,0.8,300,12900
20240108,11:57:41,0.8,1050,12900
20240108,11:57:43,0.8,50,12900
20240108,11:57:46,0.8,450,12900
20240108,11:57:47,0.8,350,12900
20240108,11:57:56,0.8,250,12900
20240108,11:57:59,0.85,200,12900
20240108,11:58:00,0.85,100,12900
20240108,11:58:01,0.85,50,12900
20240108,11:58:03,0.9,400,12900
20240108,11:58:11,0.85,50,12900
20240108,11:58:12,0.85,950,12900
20240108,11:58:13,0.85,100,12900
20240108,11:58:17,0.8,300,12900
20240108,11:58:21,0.85,50,12900
20240108,11:58:24,0.85,50,12900
20240108,11:58:36,0.8,1800,12900
20240108,11:58:48,0.85,300,12900
20240108,11:58:49,0.85,300,12900
20240108,11:59:34,0.85,50,12900
20240108,12:00:00,0.8,100,16450
20240108,12:00:00,0.8,250,16450
20240108,12:00:02,0.8,100,16450
20240108,12:00:14,0.85,650,16450
20240108,12:00:40,0.85,700,16450
20240108,12:01:17,0.8,50,16450
20240108,12:01:18,0.85,300,16450
20240108,12:01:38,0.8,50,16450
20240108,12:02:36,0.75,650,16450
20240108,12:02:41,0.75,250,16450
20240108,12:02:43,0.8,150,18000
20240108,12:04:35,0.75,250,18000
20240108,12:05:07,0.8,250,18000
20240108,12:10:11,0.75,150,18000
20240108,12:12:12,0.8,50,18250
20240108,12:12:28,0.75,250,18250
20240108,12:16:05,0.75,250,18300
20240108,12:18:10,0.75,50,18300
20240108,12:18:11,0.75,50,18300
20240108,12:20:28,0.75,500,18300
20240108,12:20:30,0.75,1450,18300
20240108,12:20:32,0.75,50,18300
20240108,12:20:57,0.75,100,18400
20240108,12:24:42,0.75,50,18500
20240108,12:27:14,0.8,50,18500
20240108,12:28:40,0.75,150,18500
20240108,12:29:53,0.75,350,18700
20240108,12:30:12,0.75,50,18700
20240108,12:30:13,0.75,50,18700
20240108,12:30:17,0.75,50,18700
20240108,12:30:18,0.75,50,18700
20240108,12:30:50,0.8,100,18700
20240108,12:31:52,0.75,250,18700
20240108,12:32:02,0.75,250,18700
20240108,12:32:06,0.75,300,18700
20240108,12:32:11,0.75,50,18700
20240108,12:32:41,0.75,1550,18700
20240108,12:32:43,0.75,300,18700
20240108,12:32:44,0.75,200,18700
20240108,12:32:44,0.75,100,18700
20240108,12:36:03,0.7,50,18700
20240108,12:37:48,0.75,50,19000
20240108,12:38:41,0.7,50,19000
20240108,12:41:33,0.75,100,19000
20240108,12:44:18,0.75,1800,18950
20240108,12:45:21,0.7,500,19050
20240108,12:46:29,0.75,500,19050
20240108,12:48:00,0.7,250,18550
20240108,12:48:14,0.7,300,18550
20240108,12:53:13,0.9,9650,18550
20240108,12:53:14,0.9,1800,18000
20240108,12:53:38,0.75,50,18000
20240108,12:57:38,0.8,900,27750
20240108,12:57:46,0.8,2250,27750
20240108,12:58:25,0.8,900,27750
20240108,12:58:48,0.85,800,27750
20240108,12:58:57,0.8,250,27750
20240108,12:59:00,0.85,300,27750
20240108,13:00:13,0.8,250,29000
20240108,13:00:41,0.8,250,29000
20240108,13:00:47,0.8,200,29000
20240108,13:01:28,0.8,100,29000
20240108,13:02:31,0.8,250,29000
20240108,13:05:04,0.8,50,29000
20240108,13:06:02,0.85,50,29050
20240108,13:10:46,0.75,100,29100
20240108,13:10:58,0.75,250,29100
20240108,13:11:01,0.75,100,29100
20240108,13:11:03,0.8,100,29100
20240108,13:11:12,0.8,100,29100
20240108,13:19:27,0.75,150,29100
20240108,13:20:16,0.8,50,28850
20240108,13:20:44,0.75,300,28850
20240108,13:21:00,0.75,50,28600
20240108,13:27:10,0.75,750,28600
20240108,13:27:11,0.75,50,28550
20240108,13:27:12,0.75,50,28550
20240108,13:27:14,0.75,50,28550
20240108,13:27:15,0.75,50,28550
20240108,13:29:19,0.75,50,28550
20240108,13:31:59,0.75,50,28550
20240108,13:32:23,0.75,250,28700
20240108,13:35:19,0.75,100,28650
20240108,13:36:34,0.8,250,28650
20240108,13:36:35,0.75,400,28650
20240108,13:37:08,0.75,2000,28650
20240108,13:44:19,0.8,50,28650
20240108,13:44:19,0.8,50,27050
20240108,13:44:22,0.8,100,27050
20240108,13:44:25,0.8,50,27050
20240108,13:44:37,0.8,50,27050
20240108,13:46:12,0.8,50,27050
20240108,13:46:59,0.8,50,27050
20240108,13:47:11,0.8,100,27050
20240108,13:47:21,0.8,100,27050
20240108,13:47:23,0.8,50,27050
20240108,13:47:27,0.8,100,27050
20240108,13:47:36,0.8,50,27050
20240108,13:47:41,0.85,100,27050
20240108,13:48:15,0.8,150,27050
20240108,13:56:18,0.75,1050,27500
20240108,13:57:42,0.75,800,27500
20240108,13:59:43,0.75,1800,27500
20240108,13:59:48,0.75,1750,27500
20240108,14:00:39,0.75,50,27500
20240108,14:00:50,0.75,200,27500
20240108,14:00:51,0.75,50,27500
20240108,14:00:52,0.75,50,27500
20240108,14:01:03,0.75,50,27500
20240108,14:10:22,0.75,400,27650
20240108,14:10:23,0.75,1500,27650
20240108,14:13:08,0.75,50,27650
20240108,14:23:17,0.75,50,27650
20240108,14:24:10,0.75,1200,27650
20240108,14:24:14,0.75,250,27650
20240108,14:24:26,0.75,50,27650
20240108,14:24:31,0.75,50,27650
20240108,14:27:25,0.8,250,27650
20240108,14:27:29,0.8,250,27550
20240108,14:27:30,0.8,50,27550
20240108,14:30:33,0.8,50,27200
20240108,14:30:47,0.75,300,27200
20240108,14:30:48,0.8,50,27200
20240108,14:30:56,0.8,300,27200
20240108,14:30:57,0.8,50,27200
20240108,14:30:58,0.8,150,27200
20240108,14:32:27,0.85,400,27200
20240108,14:32:28,0.85,100,27200
20240108,14:32:29,0.85,550,27200
20240108,14:32:30,0.85,50,27200
20240108,14:32:31,0.85,50,27200
20240108,14:32:32,0.85,250,27200
20240108,14:32:33,0.85,250,27200
20240108,14:32:36,0.85,150,27200
20240108,14:33:13,0.85,50,26600
20240108,14:33:36,0.85,1750,26600
20240108,14:33:48,0.85,50,26600
20240108,14:33:52,0.85,300,26600
20240108,14:35:20,0.85,50,26600
20240108,14:35:31,0.9,650,26600
20240108,14:35:32,0.9,50,26600
20240108,14:35:36,0.9,50,26600
20240108,14:35:46,0.9,1800,26600
20240108,14:35:55,0.85,500,26600
20240108,14:35:57,0.85,50,26600
20240108,14:35:59,0.85,50,26600
20240108,14:36:45,0.9,400,26600
20240108,14:36:45,0.9,50,28950
20240108,14:36:46,0.9,50,28950
20240108,14:36:56,0.85,100,28950
20240108,14:37:46,0.9,150,28950
20240108,14:37:50,0.9,100,28950
20240108,14:38:02,0.9,300,28950
20240108,14:38:04,0.9,400,28950
20240108,14:38:06,0.9,250,28950
20240108,14:38:07,0.9,250,28950
20240108,14:38:16,0.95,600,28950
20240108,14:38:26,0.95,550,28950
20240108,14:38:38,0.95,150,28950
20240108,14:38:38,0.95,1900,28950
20240108,14:38:47,0.95,150,28950
20240108,14:38:49,0.95,150,28950
20240108,14:38:59,0.95,50,28950
20240108,14:39:08,0.95,50,31500
20240108,14:39:25,0.95,1500,31500
20240108,14:39:42,0.9,450,31500
20240108,14:40:00,0.9,300,31500
20240108,14:40:00,0.9,250,31500
20240108,14:40:03,0.9,700,31500
20240108,14:40:04,0.9,1800,31500
20240108,14:40:09,0.9,250,31500
20240108,14:41:25,0.9,1250,31500
20240108,14:42:24,0.9,250,31550
20240108,14:42:26,0.9,100,31550
20240108,14:42:30,0.9,50,31550
20240108,14:42:38,0.95,50,31550
20240108,14:42:40,0.9,150,31550
20240108,14:43:18,0.9,50,31550
20240108,14:43:35,0.9,50,31550
20240108,14:43:39,0.9,50,31550
20240108,14:43:50,0.9,500,31550
20240108,14:43:58,0.9,250,31550
20240108,14:44:08,0.9,250,31550
20240108,14:44:52,0.9,350,31550
20240108,14:45:04,0.9,100,31100
20240108,14:45:20,0.9,100,31100
20240108,14:45:41,0.9,250,31100
20240108,14:45:49,0.9,1650,31100
20240108,14:45:56,0.9,50,31100
20240108,14:46:11,0.9,300,31100
20240108,14:46:22,0.9,250,31100
20240108,14:47:17,0.85,700,31100
20240108,14:47:21,0.9,250,31100
20240108,14:47:41,0.9,50,31100
20240108,14:47:54,0.9,50,31100
20240108,14:48:03,0.9,50,31100
20240108,14:48:06,0.9,250,31150
20240108,14:48:10,0.9,300,31150
20240108,14:48:27,0.9,150,31150
20240108,14:49:25,0.9,50,31150
20240108,14:49:26,0.9,550,31150
20240108,14:50:04,0.9,150,31150
20240108,14:50:05,0.9,50,31150
20240108,14:51:07,0.85,250,31550
20240108,14:51:10,0.9,50,31550
20240108,14:51:10,0.9,100,31550
20240108,14:51:30,0.95,1800,31550
20240108,14:51:35,0.9,100,31550
20240108,14:51:42,0.9,500,31550
20240108,14:51:43,0.9,200,31550
20240108,14:51:46,0.9,250,31550
20240108,14:51:50,0.9,50,31550
20240108,14:51:55,0.9,50,31550
20240108,14:52:01,0.9,250,31550
20240108,14:52:14,0.9,150,31550
20240108,14:52:19,0.9,50,31550
20240108,14:53:16,0.85,250,31550
20240108,14:53:17,0.85,900,31550
20240108,14:53:19,0.85,900,31550
20240108,14:53:34,0.85,900,31550
20240108,14:53:35,0.85,1800,31550
20240108,14:55:05,0.9,550,33100
20240108,14:55:06,0.9,900,33100
20240108,14:55:20,0.9,250,33100
20240108,14:55:30,0.85,250,33100
20240108,14:56:10,0.9,250,33100
20240108,14:56:25,0.85,50,33100
20240108,14:57:20,0.95,50,33850
20240108,14:57:35,0.9,50,33850
20240108,14:57:37,0.9,50,33850
20240108,14:58:15,0.9,250,33850
20240108,14:58:56,0.95,200,33850
20240108,14:58:57,0.95,1100,33850
20240108,14:58:59,0.95,50,33850
20240108,14:59:15,0.9,50,33850
20240108,14:59:23,0.95,250,33850
20240108,14:59:26,0.95,200,33850
20240108,14:59:30,0.95,50,33850
20240108,14:59:55,0.9,500,33850
20240108,15:00:09,0.9,250,33200
20240108,15:00:20,1.0,100,33200
20240108,15:00:22,1.0,50,33200
20240108,15:01:11,0.95,450,33200
20240108,15:01:15,0.95,50,33200
20240108,15:01:27,0.95,50,33200
20240108,15:01:29,0.95,800,33200
20240108,15:01:50,0.95,150,33200
20240108,15:01:58,0.95,300,33200
20240108,15:01:59,0.95,250,33200
20240108,15:02:04,0.95,150,33200
20240108,15:02:30,0.95,200,33200
20240108,15:03:00,1.0,1850,33200
20240108,15:03:01,1.0,700,33200
20240108,15:03:17,1.0,150,33200
20240108,15:03:20,1.0,50,32500
20240108,15:03:45,1.0,50,32500
20240108,15:03:59,1.0,50,32500
20240108,15:04:06,1.0,50,32500
20240108,15:04:14,1.05,2400,32500
20240108,15:04:15,1.05,200,32500
20240108,15:04:39,1.05,250,32500
20240108,15:04:40,1.0,500,32500
20240108,15:04:41,1.0,250,32500
20240108,15:04:44,1.05,250,32500
20240108,15:04:53,1.05,150,32500
20240108,15:04:55,1.05,1250,32500
20240108,15:04:56,1.05,300,32500
20240108,15:04:57,1.05,100,32500
20240108,15:04:58,1.05,200,32500
20240108,15:05:05,1.05,100,32500
20240108,15:05:12,1.05,950,32500
20240108,15:05:13,1.05,150,32500
20240108,15:05:23,1.05,50,32500
20240108,15:06:03,1.0,50,32500
20240108,15:06:09,1.05,900,32650
20240108,15:06:10,1.05,100,32650
20240108,15:06:12,1.1,250,32650
20240108,15:06:13,1.1,150,32650
20240108,15:06:14,1.1,400,32650
20240108,15:06:15,1.15,350,32650
20240108,15:06:16,1.1,350,32650
20240108,15:06:17,1.1,250,32650
20240108,15:06:21,1.1,50,32650
20240108,15:06:43,1.05,300,32650
20240108,15:07:15,1.05,600,32650
20240108,15:08:09,1.05,250,32650
20240108,15:08:45,1.05,300,32650
20240108,15:08:56,1.05,1800,32650
20240108,15:08:57,1.05,1800,32650
20240108,15:09:10,1.05,1800,35850
20240108,15:09:53,1.05,100,35850
20240108,15:09:59,1.05,100,35850
20240108,15:10:00,1.05,250,35850
20240108,15:10:02,1.05,250,35850
20240108,15:10:05,1.05,50,35850
20240108,15:10:22,1.05,50,35850
20240108,15:10:23,1.05,50,35850
20240108,15:10:26,1.05,150,35850
20240108,15:10:28,1.05,50,35850
20240108,15:10:44,1.05,50,35850
20240108,15:11:06,1.05,50,35850
20240108,15:11:11,1.05,50,35850
20240108,15:11:42,1.1,50,35850
20240108,15:11:43,1.05,50,35850
20240108,15:11:52,1.1,850,35850
20240108,15:12:06,1.1,1800,35850
20240108,15:12:16,1.1,1150,35850
20240108,15:12:32,1.05,150,38850
20240108,15:12:37,1.1,700,38850
20240108,15:12:38,1.1,300,38850
20240108,15:12:39,1.1,1200,38850
20240108,15:12:47,1.1,1850,38850
20240108,15:13:15,1.15,250,38850
20240108,15:13:23,1.15,300,38850
20240108,15:13:23,1.2,1800,38850
20240108,15:13:24,1.2,3600,38850
20240108,15:13:26,1.2,1800,38850
20240108,15:13:26,1.2,1850,38850
20240108,15:13:27,1.2,1850,38850
20240108,15:13:28,1.2,1800,38850
20240108,15:14:17,1.2,250,38850
20240108,15:14:34,1.15,1850,38850
20240108,15:14:41,1.15,1800,38850
20240108,15:15:02,1.15,150,38850
20240108,15:15:11,1.15,50,51300
20240108,15:15:20,1.15,1800,51300
20240108,15:15:21,1.15,50,51300
20240108,15:15:46,1.15,1850,51300
20240108,15:16:52,1.15,1000,51300
20240108,15:16:53,1.15,1000,51300
20240108,15:16:54,1.15,1050,51300
20240108,15:16:57,1.15,250,51300
20240108,15:17:00,1.15,250,51300
20240108,15:17:05,1.15,250,51300
20240108,15:17:18,1.15,1800,51300
20240108,15:17:20,1.15,400,51300
20240108,15:17:41,1.15,250,51300
20240108,15:18:06,1.15,250,51300
20240108,15:18:10,1.2,400,51100
20240108,15:18:31,1.25,900,51100
20240108,15:18:32,1.25,2950,51100
20240108,15:18:33,1.25,300,51100
20240108,15:18:38,1.25,2100,51100
20240108,15:18:40,1.25,250,51100
20240108,15:18:48,1.25,400,51100
20240108,15:18:52,1.25,750,51100
20240108,15:18:57,1.25,350,51100
20240108,15:18:58,1.25,1800,51100
20240108,15:18:59,1.25,50,51100
20240108,15:19:02,1.25,550,51100
20240108,15:19:05,1.25,1200,51100
20240108,15:19:07,1.25,400,51100
20240108,15:19:18,1.25,450,51100
20240108,15:19:20,1.25,50,51100
20240108,15:19:36,1.25,200,51100
20240108,15:19:38,1.3,1800,51100
20240108,15:19:38,1.3,900,51100
20240108,15:19:44,1.3,7750,51100
20240108,15:19:45,1.3,50,51100
20240108,15:19:49,1.3,250,51100
20240108,15:19:50,1.3,1800,51100
20240108,15:19:51,1.35,650,51100
20240108,15:19:52,1.3,1500,51100
20240108,15:19:53,1.3,150,51100
20240108,15:19:55,1.3,650,51100
20240108,15:19:57,1.3,250,51100
20240108,15:19:58,1.35,800,51100
20240108,15:20:05,1.3,500,51100
20240108,15:20:07,1.35,1650,51100
20240108,15:20:10,1.3,700,51100
20240108,15:20:15,1.3,50,51100
20240108,15:20:17,1.35,500,51100
20240108,15:20:23,1.3,11350,51100
20240108,15:20:27,1.3,750,51100
20240108,15:20:28,1.3,1000,51100
20240108,15:20:29,1.3,2000,51100
20240108,15:20:30,1.35,650,51100
20240108,15:20:32,1.3,500,51100
20240108,15:20:33,1.35,400,51100
20240108,15:20:35,1.3,100,51100
20240108,15:20:40,1.3,1850,51100
20240108,15:20:44,1.3,5500,51100
20240108,15:20:49,1.35,150,51100
20240108,15:20:55,1.35,50,51100
20240108,15:20:56,1.3,50,51100
20240108,15:20:59,1.35,150,51100
20240108,15:21:02,1.35,150,51100
20240108,15:21:04,1.3,1750,51100
20240108,15:21:07,1.3,50,51100
20240108,15:21:13,1.3,900,84500
20240108,15:21:15,1.3,1800,84500
20240108,15:21:16,1.25,3600,84500
20240108,15:21:18,1.3,50,84500
20240108,15:21:24,1.3,3350,84500
20240108,15:21:25,1.3,1800,84500
20240108,15:21:27,1.25,900,84500
20240108,15:21:48,1.25,1500,84500
20240108,15:21:49,1.25,750,84500
20240108,15:21:52,1.3,150,84500
20240108,15:21:53,1.25,300,84500
20240108,15:21:54,1.25,450,84500
20240108,15:21:58,1.3,250,84500
20240108,15:21:58,1.25,500,84500
20240108,15:22:06,1.25,1000,84500
20240108,15:22:06,1.25,200,84500
20240108,15:22:15,1.3,250,84500
20240108,15:22:24,1.25,1800,84500
20240108,15:22:26,1.25,300,84500
20240108,15:22:40,1.3,700,84500
20240108,15:22:46,1.3,700,84500
20240108,15:22:48,1.25,50,84500
20240108,15:22:54,1.3,950,84500
20240108,15:22:55,1.25,1800,84500
20240108,15:22:57,1.25,5600,84500
20240108,15:22:59,1.3,4150,84500
20240108,15:23:02,1.25,1800,84500
20240108,15:23:03,1.25,3350,84500
20240108,15:23:04,1.25,2100,84500
20240108,15:23:09,1.25,1150,84500
20240108,15:23:09,1.25,700,84500
20240108,15:23:10,1.3,3100,84500
20240108,15:23:11,1.25,950,84500
20240108,15:23:25,1.25,450,84500
20240108,15:23:28,1.25,1550,84500
20240108,15:23:28,1.3,350,84500
20240108,15:23:40,1.3,900,84500
20240108,15:23:41,1.3,900,84500
20240108,15:23:48,1.3,350,84500
20240108,15:23:52,1.25,50,84500
20240108,15:23:53,1.3,450,84500
20240108,15:23:55,1.3,350,84500
20240108,15:23:57,1.3,1300,84500
20240108,15:23:57,1.3,1450,84500
20240108,15:23:58,1.25,550,84500
20240108,15:24:18,1.2,1500,127150
20240108,15:24:21,1.2,3950,127150
20240108,15:24:25,1.3,300,127150
20240108,15:24:31,1.25,500,127150
20240108,15:24:39,1.25,250,127150
20240108,15:24:46,1.3,3600,127150
20240108,15:24:47,1.25,1750,127150
20240108,15:24:48,1.3,200,127150
20240108,15:24:51,1.25,50,127150
20240108,15:24:52,1.3,250,127150
20240108,15:24:53,1.3,250,127150
20240108,15:25:03,1.25,900,127150
20240108,15:25:05,1.3,5000,127150
20240108,15:25:06,1.3,1150,127150
20240108,15:25:07,1.3,1700,127150
20240108,15:25:08,1.3,350,127150
20240108,15:25:09,1.3,200,127150
20240108,15:25:10,1.3,50,127150
20240108,15:25:12,1.3,300,127150
20240108,15:25:14,1.3,150,127150
20240108,15:25:20,1.3,2600,127150
20240108,15:25:21,1.3,8850,127150
20240108,15:25:29,1.25,150,127150
20240108,15:25:37,1.3,2250,127150
20240108,15:25:41,1.25,650,127150
20240108,15:25:42,1.25,250,127150
20240108,15:25:43,1.25,100,127150
20240108,15:25:48,1.25,100,127150
20240108,15:25:49,1.2,50,127150
20240108,15:25:51,1.25,50,127150
20240108,15:25:53,1.2,900,127150
20240108,15:25:55,1.25,50,127150
20240108,15:25:58,1.2,250,127150
20240108,15:26:00,1.2,500,127150
20240108,15:26:03,1.15,50,127150
20240108,15:26:08,1.2,50,127150
20240108,15:26:10,1.2,550,127150
20240108,15:26:11,1.2,50,127150
20240108,15:26:12,1.2,850,127150
20240108,15:26:13,1.25,1250,127150
20240108,15:26:25,1.25,400,127150
20240108,15:26:26,1.25,100,127150
20240108,15:26:27,1.25,250,127150
20240108,15:26:30,1.2,6250,127150
20240108,15:26:32,1.25,50,127150
20240108,15:26:33,1.25,50,127150
20240108,15:26:38,1.25,650,127150
20240108,15:26:39,1.25,50,127150
20240108,15:26:41,1.25,50,127150
20240108,15:26:44,1.25,50,127150
20240108,15:26:47,1.25,150,127150
20240108,15:26:50,1.25,3400,127150
20240108,15:26:51,1.3,1100,127150
20240108,15:26:59,1.25,50,127150
20240108,15:27:07,1.3,200,127150
20240108,15:27:08,1.3,250,127150
20240108,15:27:09,1.3,750,127150
20240108,15:27:22,1.2,250,142200
20240108,15:27:23,1.25,250,142200
20240108,15:27:24,1.3,350,142200
20240108,15:27:25,1.3,700,142200
20240108,15:27:35,1.25,50,142200
20240108,15:27:45,1.25,50,142200
20240108,15:27:48,1.25,700,142200
20240108,15:28:16,1.25,250,142200
20240108,15:28:18,1.3,2650,142200
20240108,15:28:19,1.3,50,142200
20240108,15:28:24,1.3,1000,142200
20240108,15:28:24,1.25,1000,142200
20240108,15:28:30,1.3,50,142200
20240108,15:28:34,1.3,550,142200
20240108,15:28:42,1.25,1800,142200
20240108,15:28:43,1.3,150,142200
20240108,15:28:45,1.2,1200,142200
20240108,15:28:46,1.2,600,142200
20240108,15:28:52,1.25,250,142200
20240108,15:28:55,1.25,1000,142200
20240108,15:28:55,1.3,50,142200
20240108,15:28:58,1.25,50,142200
20240108,15:29:20,1.2,1600,142200
20240108,15:29:21,1.2,200,142200
20240108,15:29:25,1.25,50,142200
20240108,15:29:27,1.2,50,142200
20240108,15:29:28,1.2,50,142200
20240108,15:29:29,1.25,500,142200
20240108,15:29:31,1.2,50,142200
20240108,15:29:32,1.2,50,142200
20240108,15:29:34,1.2,550,142200
20240108,15:29:38,1.25,550,142200
20240108,15:29:41,1.2,50,142200
20240108,15:29:45,1.25,50,142200
20240108,15:29:51,1.15,150,142200
20240108,15:29:52,1.1,150,142200
20240108,15:29:53,1.1,50,142200
20240108,15:29:54,1.15,850,142200
20240109,09:15:02,1.1,1,142200
20240109,09:15:02,1.1,50,142200
20240109,09:15:03,1.1,750,146300
20240109,09:15:04,1.0,100,146300
20240109,09:15:05,1.0,500,146300
20240109,09:15:06,1.1,250,146300
20240109,09:15:08,1.1,50,146300
20240109,09:15:09,1.1,50,146300
20240109,09:15:10,1.05,200,146300
20240109,09:15:12,1.0,350,146300
20240109,09:15:13,1.0,50,146300
20240109,09:15:15,1.0,100,146300
20240109,09:15:16,1.0,300,146300
20240109,09:15:17,0.9,150,146300
20240109,09:15:18,0.95,250,146300
20240109,09:15:19,0.85,350,146300
20240109,09:15:20,0.85,150,146300
20240109,09:15:23,0.9,50,146300
20240109,09:15:24,0.9,50,146300
20240109,09:15:25,0.95,150,146300
20240109,09:15:32,0.85,300,146300
20240109,09:15:33,0.85,150,146300
20240109,09:15:37,0.9,100,146300
20240109,09:15:38,0.85,100,146300
20240109,09:15:39,0.8,1800,146300
20240109,09:15:41,0.75,450,146300
20240109,09:15:42,0.8,50,146300
20240109,09:15:44,0.8,50,146300
20240109,09:15:45,0.8,50,146300
20240109,09:15:46,0.8,150,146300
20240109,09:15:47,0.8,50,146300
20240109,09:15:48,0.75,1850,146300
20240109,09:15:49,0.75,650,146300
20240109,09:15:50,0.75,50,146300
20240109,09:15:52,0.75,50,146300
20240109,09:15:55,0.75,50,146300
20240109,09:15:57,0.75,50,146300
20240109,09:15:58,0.75,50,146300
20240109,09:15:59,0.75,50,146300
20240109,09:16:04,0.75,50,146300
20240109,09:16:06,0.75,50,146300
20240109,09:16:15,0.75,50,146300
20240109,09:16:17,0.75,50,146300
20240109,09:16:18,0.75,50,146300
20240109,09:16:26,0.75,50,146300
20240109,09:16:29,0.75,2900,146300
20240109,09:16:29,0.7,2550,146300
20240109,09:16:31,0.7,9000,146300
20240109,09:16:32,0.7,3600,146300
20240109,09:16:33,0.7,1400,146300
20240109,09:16:36,0.75,750,146300
20240109,09:16:39,0.75,250,146300
20240109,09:17:02,0.75,5000,146300
20240109,09:17:08,0.75,1800,146300
20240109,09:17:10,0.75,2650,146300
20240109,09:17:16,0.7,50,146300
20240109,09:17:40,0.7,50,146300
20240109,09:17:45,0.7,300,126050
20240109,09:18:13,0.7,14600,126050
20240109,09:18:14,0.7,250,126050
20240109,09:18:17,0.65,200,126050
20240109,09:18:25,0.65,50,126050
20240109,09:18:42,0.65,1200,126050
20240109,09:18:47,0.7,300,126050
20240109,09:19:02,0.7,1300,126050
20240109,09:19:07,0.7,50,126050
20240109,09:19:13,0.65,1800,126050
20240109,09:19:13,0.7,10800,126050
20240109,09:19:22,0.65,1800,126050
20240109,09:19:23,0.65,3050,126050
20240109,09:19:24,0.65,100,126050
20240109,09:19:28,0.65,150,126050
20240109,09:19:29,0.6,8250,126050
20240109,09:19:30,0.6,2500,126050
20240109,09:19:45,0.6,1100,126050
20240109,09:19:46,0.6,450,126050
20240109,09:19:50,0.65,250,126050
20240109,09:20:00,0.65,300,126050
20240109,09:20:10,0.65,800,126050
20240109,09:20:19,0.7,50,126050
20240109,09:20:22,0.65,150,126050
20240109,09:21:11,0.65,1800,119550
20240109,09:21:13,0.7,150,119550
20240109,09:21:16,0.65,50,119550
20240109,09:21:17,0.65,400,119550
20240109,09:21:20,0.7,1400,119550
20240109,09:21:30,0.65,500,119550
20240109,09:21:56,0.65,1800,119550
20240109,09:21:56,0.65,100,119550
20240109,09:21:58,0.65,50,119550
20240109,09:22:23,0.65,1600,119550
20240109,09:22:23,0.65,800,119550
20240109,09:22:33,0.65,3700,119550
20240109,09:22:43,0.65,50,119550
20240109,09:22:44,0.65,250,119550
20240109,09:22:46,0.65,300,119550
20240109,09:23:13,0.65,50,119550
20240109,09:23:33,0.65,200,119550
20240109,09:23:34,0.65,50,116050
20240109,09:24:25,0.6,500,116050
20240109,09:24:31,0.6,250,116050
20240109,09:24:37,0.65,800,116050
20240109,09:25:06,0.65,1250,116050
20240109,09:25:26,0.6,250,116050
20240109,09:25:35,0.65,900,116050
20240109,09:25:41,0.6,250,116050
20240109,09:25:49,0.65,1050,116050
20240109,09:25:52,0.6,800,116050
20240109,09:25:55,0.6,250,116050
20240109,09:25:59,0.6,350,116050
20240109,09:26:02,0.6,1800,116050
20240109,09:26:05,0.65,50,116050
20240109,09:26:06,0.6,1000,116050
20240109,09:26:09,0.6,400,116050
20240109,09:26:12,0.6,300,116050
20240109,09:26:16,0.6,250,116050
20240109,09:26:19,0.6,250,116050
20240109,09:26:39,0.65,500,116050
20240109,09:26:54,0.6,250,119000
20240109,09:27:02,0.6,250,119000
20240109,09:27:07,0.6,300,119000
20240109,09:27:14,0.65,250,119000
20240109,09:27:33,0.6,250,119000
20240109,09:27:45,0.6,300,119000
20240109,09:27:50,0.65,500,119000
20240109,09:27:56,0.6,400,119000
20240109,09:27:57,0.6,1800,119000
20240109,09:28:05,0.6,1800,119000
20240109,09:28:13,0.6,300,119000
20240109,09:29:01,0.6,300,119000
20240109,09:29:06,0.6,300,119000
20240109,09:29:31,0.6,1800,121900
20240109,09:29:35,0.6,1800,121900
20240109,09:29:36,0.6,1800,121900
20240109,09:29:42,0.6,400,121900
20240109,09:29:45,0.6,400,121900
20240109,09:29:46,0.6,400,121900
20240109,09:30:04,0.6,400,121900
20240109,09:30:52,0.6,250,121900
20240109,09:30:52,0.6,350,121900
20240109,09:31:07,0.6,250,121900
20240109,09:31:28,0.65,100,121900
20240109,09:31:32,0.65,250,121900
20240109,09:31:35,0.6,500,121900
20240109,09:31:47,0.65,3600,121900
20240109,09:31:47,0.65,400,121900
20240109,09:31:53,0.65,1800,121900
20240109,09:32:06,0.6,800,121900
20240109,09:32:42,0.6,700,120450
20240109,09:32:47,0.6,300,120450
20240109,09:33:13,0.65,50,120450
20240109,09:33:23,0.6,1800,120450
20240109,09:33:24,0.6,400,120450
20240109,09:34:16,0.6,300,120450
20240109,09:34:18,0.6,50,120450
20240109,09:34:19,0.6,50,120450
20240109,09:34:21,0.6,550,120450
20240109,09:34:22,0.65,250,120450
20240109,09:34:23,0.6,100,120450
20240109,09:34:24,0.6,1100,120450
20240109,09:34:45,0.65,2500,120450
20240109,09:34:56,0.6,1800,120450
20240109,09:35:02,0.6,1050,120450
20240109,09:35:03,0.6,5050,120450
20240109,09:35:07,0.6,1800,120450
20240109,09:35:12,0.6,1800,120450
20240109,09:35:17,0.6,1800,120450
20240109,09:35:18,0.6,50,120450
20240109,09:35:22,0.6,1600,120450
20240109,09:35:32,0.6,500,120450
20240109,09:36:19,0.6,2500,128250
20240109,09:36:54,0.6,50,128250
20240109,09:36:55,0.65,600,128250
20240109,09:37:02,0.65,1800,128250
20240109,09:37:03,0.65,1250,128250
20240109,09:37:25,0.65,150,128250
20240109,09:37:38,0.65,50,128250
20240109,09:37:40,0.65,850,128250
20240109,09:37:41,0.65,850,128250
20240109,09:37:42,0.65,1250,128250
20240109,09:37:43,0.65,250,128250
20240109,09:37:47,0.65,2350,128250
20240109,09:37:49,0.65,100,128250
20240109,09:37:55,0.65,50,128250
20240109,09:38:42,0.65,50,132950
20240109,09:39:35,0.65,900,132950
20240109,09:39:42,0.65,850,132950
20240109,09:40:08,0.65,200,132950
20240109,09:41:25,0.65,450,132950
20240109,09:41:27,0.65,300,132950
20240109,09:41:28,0.65,350,132950
20240109,09:41:34,0.65,350,132950
20240109,09:42:03,0.65,50,132950
20240109,09:44:30,0.65,150,132950
20240109,09:46:09,0.65,600,131900
20240109,09:46:12,0.65,300,131900
20240109,09:46:22,0.65,50,131900
20240109,09:46:28,0.65,1900,131900
20240109,09:46:36,0.65,50,131900
20240109,09:46:39,0.65,50,131900
20240109,09:46:51,0.65,50,131900
20240109,09:48:05,0.7,1800,131800
20240109,09:49:52,0.65,50,131800
20240109,09:50:16,0.7,50,131800
20240109,09:52:08,0.7,400,131800
20240109,09:52:36,0.65,600,131800
20240109,09:53:12,0.65,50,131800
20240109,09:53:38,0.65,50,131600
20240109,09:54:03,0.65,50,131600
20240109,09:54:26,0.7,50,131600
20240109,09:57:03,0.7,100,131600
20240109,09:58:45,0.65,50,131650
20240109,09:59:59,0.7,1500,131700
20240109,10:00:10,0.65,1800,131700
20240109,10:00:11,0.65,1650,131700
20240109,10:00:55,0.7,50,131700
20240109,10:01:47,0.7,700,131700
20240109,10:11:13,0.7,50,130300
20240109,10:12:25,0.65,50,130300
20240109,10:13:06,0.7,50,130350
20240109,10:13:10,0.7,100,130350
20240109,10:13:32,0.7,1800,130350
20240109,10:13:36,0.7,50,130350
20240109,10:19:25,0.7,1800,130350
20240109,10:19:28,0.7,50,132200
20240109,10:20:12,0.65,300,132200
20240109,10:21:02,0.65,300,134200
20240109,10:22:06,0.65,450,134200
20240109,10:22:07,0.65,550,134200
20240109,10:22:47,0.65,750,134200
20240109,10:23:12,0.65,250,134200
20240109,10:23:13,0.65,300,134200
20240109,10:23:23,0.65,1950,134200
20240109,10:23:41,0.7,2900,136300
20240109,10:23:42,0.7,1000,136300
20240109,10:23:43,0.7,150,136300
20240109,10:23:44,0.7,150,136300
20240109,10:23:45,0.7,1800,136300
20240109,10:23:47,0.65,250,136300
20240109,10:23:48,0.65,100,136300
20240109,10:23:50,0.65,2150,136300
20240109,10:24:02,0.65,800,136300
20240109,10:24:04,0.65,50,136300
20240109,10:25:13,0.6,150,136300
20240109,10:26:19,0.6,50,136300
20240109,10:26:28,0.6,500,136300
20240109,10:26:36,0.6,50,134050
20240109,10:28:06,0.6,50,134050
20240109,10:30:18,0.65,900,134050
20240109,10:31:29,0.65,900,134050
20240109,10:31:43,0.6,900,134050
20240109,10:31:52,0.6,1450,134050
20240109,10:31:57,0.65,900,134050
20240109,10:32:06,0.65,900,134050
20240109,10:32:11,0.65,900,134050
20240109,10:32:12,0.65,250,134050
20240109,10:32:17,0.65,250,134050
20240109,10:36:03,0.65,900,132850
20240109,10:36:09,0.65,200,132850
20240109,10:36:11,0.65,50,132850
20240109,10:36:12,0.65,50,132850
20240109,10:36:14,0.65,50,132850
20240109,10:36:17,0.65,50,132850
20240109,10:36:19,0.65,50,132850
20240109,10:36:22,0.65,50,132850
20240109,10:36:24,0.65,50,132850
20240109,10:36:29,0.7,2550,132850
20240109,10:36:36,0.65,450,132850
20240109,10:37:20,0.65,300,132850
20240109,10:37:25,0.65,300,132850
20240109,10:37:33,0.65,250,132850
20240109,10:37:34,0.65,250,132850
20240109,10:37:34,0.65,100,132850
20240109,10:41:35,0.65,150,132850
20240109,10:41:50,0.65,300,134250
20240109,10:43:26,0.65,250,134250
20240109,10:45:45,0.6,700,134750
20240109,10:46:05,0.6,50,134750
20240109,10:46:11,0.6,400,134750
20240109,10:46:15,0.6,50,134750
20240109,10:46:36,0.6,2800,134750
20240109,10:46:36,0.6,3450,134750
20240109,10:46:43,0.6,300,134750
20240109,10:46:43,0.6,1750,134750
20240109,10:46:44,0.6,1900,134750
20240109,10:46:49,0.6,400,134750
20240109,10:46:52,0.6,3200,134750
20240109,10:46:53,0.6,2600,134750
20240109,10:47:09,0.6,1250,134750
20240109,10:47:34,0.65,7050,134750
20240109,10:48:13,0.55,200,148150
20240109,10:48:40,0.55,1000,148150
20240109,10:50:27,0.6,50,148150
20240109,10:52:23,0.6,50,148250
20240109,10:52:44,0.6,50,148250
20240109,10:53:29,0.6,50,148250
20240109,10:54:30,0.6,3600,148250
20240109,10:54:30,0.6,7850,148250
20240109,10:56:52,0.65,50,156400
20240109,10:57:05,0.6,2000,156400
20240109,10:58:27,0.6,1050,156400
20240109,10:58:28,0.6,1000,156400
20240109,10:58:29,0.6,800,156400
20240109,10:58:34,0.6,2700,156400
20240109,10:59:06,0.6,2400,156400
20240109,11:00:24,0.6,50,162850
20240109,11:01:03,0.65,50,162850
20240109,11:02:46,0.6,6050,162900
20240109,11:02:49,0.6,3300,162900
20240109,11:02:55,0.6,17400,162900
20240109,11:03:25,0.6,250,162900
20240109,11:03:26,0.6,50,162900
20240109,11:03:27,0.6,50,162900
20240109,11:03:29,0.6,50,162900
20240109,11:03:46,0.6,50,162900
20240109,11:06:02,0.55,50,188400
20240109,11:06:16,0.6,50,188400
20240109,11:09:59,0.6,50,188400
20240109,11:24:39,0.6,50,188450
20240109,11:32:24,0.55,50,188500
20240109,11:34:38,0.6,1500,188500
20240109,11:39:51,0.6,750,189650
20240109,11:43:55,0.6,50,189650
20240109,11:48:08,0.55,50,189650
20240109,11:48:12,0.55,750,189650
20240109,11:49:42,0.55,150,189650
20240109,11:55:11,0.6,50,189450
20240109,11:55:26,0.55,50,189450
20240109,12:00:10,0.55,50,189450
20240109,12:01:00,0.6,8600,189450
20240109,12:01:01,0.6,2850,189450
20240109,12:11:29,0.55,50,189450
20240109,12:11:30,0.6,100,189050
20240109,12:14:17,0.6,50,188950
20240109,12:21:54,0.55,500,188950
20240109,12:21:55,0.6,1000,188900
20240109,12:22:04,0.55,550,188900
20240109,12:22:05,0.6,1100,188900
20240109,12:22:06,0.6,900,188900
20240109,12:22:07,0.55,2500,188900
20240109,12:22:14,0.55,300,188900
20240109,12:22:21,0.55,650,188900
20240109,12:28:49,0.55,250,190150
20240109,12:28:49,0.55,750,190150
20240109,12:28:51,0.55,550,190150
20240109,12:28:52,0.55,700,190150
20240109,12:28:54,0.55,500,190150
20240109,12:28:57,0.55,250,190150
20240109,12:28:58,0.55,1500,190150
20240109,12:29:01,0.55,500,190150
20240109,12:29:02,0.55,250,190150
20240109,12:29:02,0.55,400,190150
20240109,12:29:03,0.55,450,190150
20240109,12:29:05,0.55,900,190150
20240109,12:29:07,0.55,550,190150
20240109,12:29:08,0.55,1600,190150
20240109,12:29:09,0.55,2000,190150
20240109,12:29:10,0.55,100,190150
20240109,12:30:13,0.6,50,199500
20240109,12:31:00,0.55,1350,199500
20240109,12:31:34,0.6,100,199500
20240109,12:37:07,0.5,1550,200750
20240109,12:37:40,0.55,500,200750
20240109,12:38:15,0.55,1800,200750
20240109,12:39:46,0.5,1000,201050
20240109,12:41:09,0.55,7550,201050
20240109,12:41:10,0.55,1050,201050
20240109,12:42:40,0.5,1800,201050
20240109,12:47:21,0.55,1800,201550
20240109,12:47:21,0.55,3600,201550
20240109,12:48:38,0.55,200,201550
20240109,12:50:00,0.55,50,199600
20240109,12:50:01,0.5,50,199600
20240109,12:50:03,0.55,50,199600
20240109,12:50:04,0.55,50,199600
20240109,12:50:54,0.55,100,199600
20240109,12:50:55,0.55,50,199950
20240109,12:51:18,0.55,50,199950
20240109,12:51:39,0.55,50,199950
20240109,13:02:00,0.55,50,199950
20240109,13:05:57,0.55,4500,200200
20240109,13:06:01,0.55,50,200250
20240109,13:06:02,0.55,50,200250
20240109,13:06:03,0.55,250,200250
20240109,13:06:11,0.55,50,200250
20240109,13:07:42,0.55,700,200250
20240109,13:08:02,0.6,50,200250
20240109,13:08:03,0.6,50,200250
20240109,13:11:01,0.6,50,200250
20240109,13:11:02,0.6,50,197550
20240109,13:11:05,0.55,50,197550
20240109,13:11:27,0.55,50,197550
20240109,13:11:37,0.55,50,197550
20240109,13:13:37,0.55,500,197550
20240109,13:15:54,0.55,100,197500
20240109,13:15:55,0.55,100,197000
20240109,13:23:05,0.6,50,196800
20240109,13:23:08,0.55,50,196800
20240109,13:23:45,0.6,50,196800
20240109,13:24:38,0.55,1800,196800
20240109,13:24:38,0.5,6550,196850
20240109,13:25:16,0.55,50,196850
20240109,13:25:30,0.55,50,196850
20240109,13:25:31,0.55,650,196850
20240109,13:25:38,0.55,300,196850
20240109,13:26:14,0.55,50,196850
20240109,13:26:16,0.55,50,196850
20240109,13:26:21,0.55,150,196850
20240109,13:26:35,0.55,750,196850
20240109,13:29:43,0.55,950,191350
20240109,13:29:50,0.55,250,191350
20240109,13:29:53,0.55,250,191350
20240109,13:30:22,0.55,950,191350
20240109,13:30:38,0.5,1500,189950
20240109,13:31:46,0.55,50,189950
20240109,13:34:07,0.55,250,188450
20240109,13:34:17,0.55,300,188450
20240109,13:42:30,0.55,50,188450
20240109,13:52:40,0.55,50,188500
20240109,13:52:45,0.55,50,188550
20240109,13:52:49,0.55,100,188550
20240109,13:53:58,0.5,50,188550
20240109,13:54:18,0.55,50,188550
20240109,13:55:55,0.55,50,188550
20240109,14:01:17,0.55,250,188550
20240109,14:01:17,0.55,9900,188650
20240109,14:01:19,0.55,1850,188650
20240109,14:02:04,0.55,50,188650
20240109,14:02:36,0.55,50,188650
20240109,14:02:52,0.5,50,188650
20240109,14:03:03,0.55,300,188650
20240109,14:05:00,0.55,50,181550
20240109,14:05:41,0.55,50,181550
20240109,14:06:14,0.55,50,181500
20240109,14:07:11,0.55,50,181500
20240109,14:07:57,0.5,50,181500
20240109,14:08:04,0.55,3300,181500
20240109,14:09:51,0.55,400,179150
20240109,14:10:25,0.55,300,179150
20240109,14:11:01,0.55,50,179150
20240109,14:11:42,0.55,1150,179150
20240109,14:11:43,0.55,1250,179150
20240109,14:11:44,0.6,8650,179150
20240109,14:11:45,0.6,1900,179150
20240109,14:14:08,0.6,1800,179100
20240109,14:14:10,0.55,250,179100
20240109,14:14:14,0.55,450,179100
20240109,14:15:05,0.55,100,179900
20240109,14:15:13,0.6,1550,179900
20240109,14:15:45,0.6,1850,179900
20240109,14:15:53,0.6,850,179900
20240109,14:15:54,0.6,850,179900
20240109,14:16:21,0.65,1500,179900
20240109,14:17:54,0.6,50,179900
20240109,14:18:10,0.6,1800,178700
20240109,14:18:26,0.6,650,178700
20240109,14:18:41,0.6,900,178700
20240109,14:18:50,0.6,450,178700
20240109,14:19:24,0.6,1050,178700
20240109,14:19:53,0.6,1800,178700
20240109,14:20:31,0.6,50,178700
20240109,14:21:18,0.6,150,172400
20240109,14:21:23,0.6,50,172400
20240109,14:21:29,0.6,50,172400
20240109,14:21:54,0.6,50,172400
20240109,14:22:13,0.6,300,172400
20240109,14:25:03,0.65,200,172400
20240109,14:25:05,0.65,5400,172400
20240109,14:25:06,0.65,6000,172400
20240109,14:25:09,0.65,550,172400
20240109,14:25:10,0.65,1000,172400
20240109,14:25:11,0.6,150,172400
20240109,14:25:17,0.65,6950,172400
20240109,14:25:18,0.65,50,172400
20240109,14:25:48,0.65,5200,172400
20240109,14:25:58,0.6,50,172400
20240109,14:26:22,0.65,300,172400
20240109,14:26:23,0.65,600,172400
20240109,14:26:32,0.65,250,172400
20240109,14:27:07,0.65,50,172400
20240109,14:27:10,0.65,4200,147900
20240109,14:27:12,0.65,3600,147900
20240109,14:27:15,0.65,6950,147900
20240109,14:27:38,0.7,800,147900
20240109,14:28:07,0.7,50,147900
20240109,14:28:52,0.7,400,147900
20240109,14:29:01,0.7,50,147900
20240109,14:29:31,0.7,2100,147900
20240109,14:30:02,0.75,750,147900
20240109,14:30:25,0.7,250,147900
20240109,14:30:57,0.7,200,139650
20240109,14:31:03,0.7,200,139650
20240109,14:31:11,0.7,100,139650
20240109,14:31:14,0.7,1900,139650
20240109,14:31:17,0.7,150,139650
20240109,14:31:21,0.7,400,139650
20240109,14:32:13,0.75,50,139650
20240109,14:32:14,0.65,250,139650
20240109,14:32:15,0.65,50,139650
20240109,14:32:16,0.65,500,139650
20240109,14:32:17,0.65,250,139650
20240109,14:32:19,0.65,450,139650
20240109,14:32:20,0.7,50,139650
20240109,14:32:24,0.7,300,139650
20240109,14:33:09,0.7,300,139650
20240109,14:33:12,0.75,50,137550
20240109,14:33:19,0.75,1900,137550
20240109,14:33:20,0.75,450,137550
20240109,14:33:21,0.75,250,137550
20240109,14:34:17,0.75,50,137550
20240109,14:35:23,0.7,600,137550
20240109,14:35:29,0.7,2500,137550
20240109,14:35:32,0.7,150,137550
20240109,14:35:41,0.7,100,137550
20240109,14:35:43,0.7,50,137550
20240109,14:35:44,0.7,50,137550
20240109,14:35:45,0.7,50,137550
20240109,14:35:46,0.7,50,137550
20240109,14:35:56,0.7,50,137550
20240109,14:35:58,0.7,50,137550
20240109,14:35:59,0.7,50,137550
20240109,14:36:03,0.7,50,137550
20240109,14:36:04,0.7,50,137550
20240109,14:36:07,0.7,50,137550
20240109,14:36:11,0.7,50,137550
20240109,14:36:11,0.7,50,137000
20240109,14:36:16,0.7,1700,137000
20240109,14:36:19,0.7,50,137000
20240109,14:36:26,0.7,50,137000
20240109,14:37:22,0.65,50,137000
20240109,14:38:56,0.7,1800,137000
20240109,14:39:49,0.65,150,138650
20240109,14:39:49,0.65,1150,138650
20240109,14:40:00,0.7,650,138650
20240109,14:40:23,0.7,650,138650
20240109,14:41:30,0.7,2750,138650
20240109,14:41:30,0.7,1400,138650
20240109,14:41:58,0.85,5450,138650
20240109,14:41:58,0.75,8150,138650
20240109,14:42:24,0.7,1350,148600
20240109,14:42:33,0.7,550,148600
20240109,14:43:09,0.65,50,148600
20240109,14:44:59,0.75,3100,148600
20240109,14:45:07,0.7,50,148600
20240109,14:45:25,0.75,400,148600
20240109,14:45:41,0.75,100,148400
20240109,14:45:56,0.75,2000,148400
20240109,14:46:20,0.75,50,148400
20240109,14:46:42,0.75,50,148400
20240109,14:46:49,0.75,50,148400
20240109,14:46:58,0.75,1000,148400
20240109,14:47:04,0.75,200,148400
20240109,14:47:14,0.8,50,148400
20240109,14:47:17,0.7,1700,148400
20240109,14:48:35,0.75,200,144350
20240109,14:48:37,0.75,1800,144350
20240109,14:48:39,0.75,50,144350
20240109,14:48:50,0.7,100,144350
20240109,14:48:54,0.75,50,144350
20240109,14:49:10,0.75,1000,144350
20240109,14:49:27,0.75,500,144350
20240109,14:49:28,0.7,1750,144350
20240109,14:49:44,0.75,2850,144350
20240109,14:49:51,0.75,1150,144350
20240109,14:50:05,0.7,100,144350
20240109,14:50:24,0.75,1500,144350
20240109,14:50:27,0.75,2150,144350
20240109,14:50:30,0.75,1250,144350
20240109,14:51:04,0.75,500,144350
20240109,14:52:22,0.75,1100,144000
20240109,14:52:35,0.75,250,144000
20240109,14:52:37,0.8,50,144000
20240109,14:52:53,0.75,1350,144000
20240109,14:53:06,0.7,50,144000
20240109,14:53:07,0.7,100,144000
20240109,14:53:11,0.7,50,144000
20240109,14:53:15,0.7,150,144000
20240109,14:56:11,0.75,900,142850
20240109,14:56:32,0.7,1500,142850
20240109,14:56:57,0.7,1800,142850
20240109,14:56:58,0.7,1800,142850
20240109,14:57:02,0.7,1550,142850
20240109,14:57:24,0.7,150,142850
20240109,14:59:45,0.7,250,137700
20240109,15:00:10,0.7,50,137700
20240109,15:00:16,0.75,1450,137650
20240109,15:00:17,0.75,300,137650
20240109,15:00:18,0.75,400,137650
20240109,15:00:24,0.75,500,137650
20240109,15:00:53,0.75,1500,137650
20240109,15:01:09,0.75,150,137650
20240109,15:01:37,0.7,1800,137650
20240109,15:01:40,0.7,1800,137650
20240109,15:01:42,0.75,50,137650
20240109,15:01:43,0.75,50,137650
20240109,15:01:44,0.7,2350,137650
20240109,15:01:46,0.75,250,137650
20240109,15:01:47,0.7,1800,137650
20240109,15:01:51,0.7,2700,137650
20240109,15:01:54,0.7,1800,137650
20240109,15:01:58,0.7,2400,137650
20240109,15:02:01,0.7,1800,137650
20240109,15:02:06,0.75,50,137650
20240109,15:02:07,0.7,1800,137650
20240109,15:02:28,0.7,1800,137650
20240109,15:02:32,0.7,700,137650
20240109,15:02:35,0.7,50,137650
20240109,15:02:36,0.7,1800,137650
20240109,15:02:43,0.7,950,137650
20240109,15:02:49,0.7,50,137650
20240109,15:02:54,0.7,400,137650
20240109,15:02:55,0.7,250,137650
20240109,15:02:59,0.7,300,137650
20240109,15:03:35,0.75,50,138350
20240109,15:06:04,0.7,100,138350
20240109,15:06:06,0.7,600,138350
20240109,15:06:07,0.75,50,138350
20240109,15:06:20,0.7,300,137950
20240109,15:06:23,0.7,50,137950
20240109,15:07:35,0.7,50,137950
20240109,15:07:58,0.7,50,137950
20240109,15:08:21,0.7,50,137950
20240109,15:09:35,0.7,50,137950
20240109,15:09:45,0.7,350,137550
20240109,15:11:35,0.75,25000,137550
20240109,15:11:44,0.7,50,137550
20240109,15:12:15,0.7,50,137550
20240109,15:12:33,0.75,1500,114300
20240109,15:12:35,0.75,1500,114300
20240109,15:12:37,0.75,1500,114300
20240109,15:12:38,0.75,1500,114300
20240109,15:12:40,0.75,1500,114300
20240109,15:12:41,0.75,1500,114300
20240109,15:12:46,0.7,400,114300
20240109,15:13:00,0.7,600,114300
20240109,15:13:12,0.7,550,114300
20240109,15:13:25,0.7,200,114300
20240109,15:13:26,0.75,50,114300
20240109,15:13:27,0.75,15150,114300
20240109,15:13:27,0.75,300,114300
20240109,15:13:28,0.75,700,114300
20240109,15:13:29,0.75,2750,114300
20240109,15:13:30,0.75,2300,114300
20240109,15:13:31,0.75,100,114300
20240109,15:13:32,0.8,1500,114300
20240109,15:13:33,0.75,1550,114300
20240109,15:13:34,0.8,1550,114300
20240109,15:13:35,0.8,1650,114300
20240109,15:13:36,0.75,1500,114300
20240109,15:13:39,0.75,4350,114300
20240109,15:13:40,0.75,2650,114300
20240109,15:13:43,0.75,1800,114300
20240109,15:13:46,0.75,1800,114300
20240109,15:13:56,0.75,1550,114300
20240109,15:14:00,0.75,250,114300
20240109,15:14:14,0.75,2050,114300
20240109,15:14:22,0.75,900,114300
20240109,15:14:23,0.75,50,114300
20240109,15:14:26,0.7,300,114300
20240109,15:14:41,0.75,1550,114300
20240109,15:14:50,0.75,400,114300
20240109,15:14:51,0.75,150,114300
20240109,15:14:52,0.75,50,114300
20240109,15:14:53,0.75,2950,114300
20240109,15:14:58,0.75,1800,114300
20240109,15:15:05,0.75,1300,114300
20240109,15:15:15,0.75,250,141100
20240109,15:15:52,0.7,250,141100
20240109,15:16:15,0.75,350,141100
20240109,15:16:32,0.75,800,141100
20240109,15:16:44,0.75,100,141100
20240109,15:16:48,0.75,50,141100
20240109,15:16:49,0.75,50,141100
20240109,15:17:29,0.7,50,141100
20240109,15:17:30,0.75,250,141100
20240109,15:17:31,0.7,100,141100
20240109,15:17:46,0.7,100,141100
20240109,15:17:53,0.7,200,141100
20240109,15:18:08,0.75,1800,141100
20240109,15:18:56,0.75,1450,141100
20240109,15:19:52,0.8,50,141500
20240109,15:20:20,0.8,350,141500
20240109,15:20:21,0.8,700,141500
20240109,15:20:34,0.8,250,141500
20240109,15:20:36,0.85,6950,141500
20240109,15:20:37,0.9,200,141500
20240109,15:20:38,0.85,50,141500
20240109,15:20:39,0.85,50,141500
20240109,15:20:41,0.85,50,141500
20240109,15:20:43,0.85,50,141500
20240109,15:20:44,0.85,50,141500
20240109,15:20:46,0.85,50,141500
20240109,15:20:48,0.85,50,141500
20240109,15:20:50,0.85,250,141500
20240109,15:20:52,0.85,500,141500
20240109,15:20:56,0.85,1850,141500
20240109,15:20:58,0.85,250,141500
20240109,15:21:03,0.85,100,141500
20240109,15:21:05,0.85,350,141500
20240109,15:21:06,0.85,1450,141500
20240109,15:21:20,0.85,300,136000
20240109,15:21:26,0.85,500,136000
20240109,15:21:41,0.85,1350,136000
20240109,15:21:42,0.85,50,136000
20240109,15:21:55,0.85,50,136000
20240109,15:21:57,0.85,250,136000
20240109,15:21:58,0.85,1250,136000
20240109,15:22:14,0.85,50,136000
20240109,15:22:15,0.85,1200,136000
20240109,15:22:29,0.8,300,136000
20240109,15:22:37,0.8,1800,136000
20240109,15:22:47,0.75,5450,136000
20240109,15:22:52,0.8,38950,136000
20240109,15:22:53,0.8,14950,136000
20240109,15:23:01,0.8,1800,136000
20240109,15:23:11,0.8,1800,136000
20240109,15:23:20,0.8,1800,136000
20240109,15:23:21,0.8,1800,136000
20240109,15:23:22,0.8,3600,136000
20240109,15:23:23,0.75,3600,136000
20240109,15:23:24,0.8,50,136000
20240109,15:23:49,0.8,900,136000
20240109,15:23:55,0.8,250,136000
20240109,15:23:57,0.8,550,136000
20240109,15:24:00,0.8,300,136000
20240109,15:24:01,0.8,700,136000
20240109,15:24:03,0.8,350,136000
20240109,15:24:21,0.75,1800,136000
20240109,15:24:29,0.75,50,189400
20240109,15:24:30,0.8,1800,189400
20240109,15:24:30,0.8,3600,189400
20240109,15:24:32,0.75,50,189400
20240109,15:24:39,0.75,50,189400
20240109,15:24:55,0.75,800,189400
20240109,15:24:59,0.75,50,189400
20240109,15:25:09,0.75,50,189400
20240109,15:25:16,0.75,1800,189400
20240109,15:25:43,0.75,50,189400
20240109,15:25:47,0.8,1800,189400
20240109,15:25:47,0.75,500,189400
20240109,15:25:53,0.75,2600,189400
20240109,15:25:57,0.75,650,189400
20240109,15:26:14,0.75,50,189400
20240109,15:26:39,0.75,50,189400
20240109,15:26:49,0.75,800,189400
20240109,15:26:49,0.75,1300,189400
20240109,15:26:55,0.7,350,189400
20240109,15:27:12,0.7,50,189400
20240109,15:27:26,0.75,50,189400
20240109,15:27:56,0.75,50,187200
20240109,15:28:00,0.7,400,187200
20240109,15:28:05,0.75,100,187200
20240109,15:28:06,0.7,150,187200
20240109,15:28:46,0.75,50,187200
20240109,15:28:52,0.75,300,187200
20240109,15:28:54,0.8,100,187200
20240109,15:28:55,0.75,50,187200
20240109,15:28:58,0.8,250,187200
20240109,15:29:00,0.8,150,187200
20240109,15:29:14,0.75,50,187200
20240109,15:29:22,0.8,1800,187200
20240109,15:29:23,0.75,1050,187200
20240109,15:29:24,0.8,50,187200
20240109,15:29:25,0.75,1050,187200
20240109,15:29:27,0.75,50,187200
20240109,15:29:30,0.8,50,187200
20240109,15:29:37,0.8,50,187200
20240109,15:29:41,0.75,50,187200
20240109,15:29:42,0.75,100,187200
20240109,15:29:49,0.7,50,187200
20240109,15:29:50,0.7,100,187200
20240110,09:15:00,0.7,1,187200
20240110,09:15:00,0.7,100,187200
20240110,09:15:02,0.65,150,187650
20240110,09:15:04,0.65,100,187650
20240110,09:15:05,0.85,250,187650
20240110,09:15:06,0.8,500,187650
20240110,09:15:10,0.8,100,187650
20240110,09:15:11,0.75,50,187650
20240110,09:15:13,0.7,50,187650
20240110,09:15:15,0.8,100,187650
20240110,09:15:19,0.7,50,187650
20240110,09:15:21,0.7,450,187650
20240110,09:15:23,0.7,50,187650
20240110,09:15:29,0.7,100,187650
20240110,09:15:30,0.7,50,187650
20240110,09:15:34,0.65,100,187650
20240110,09:15:35,0.65,100,187650
20240110,09:15:36,0.65,100,187650
20240110,09:15:37,0.65,100,187650
20240110,09:15:38,0.65,250,187650
20240110,09:15:43,0.65,1800,187650
20240110,09:15:52,0.65,1800,187650
20240110,09:15:55,0.65,1900,187650
20240110,09:15:58,0.65,250,187650
20240110,09:16:01,0.65,800,187650
20240110,09:16:02,0.65,100,187650
20240110,09:16:03,0.65,650,187650
20240110,09:16:05,0.65,2400,187650
20240110,09:16:13,0.65,250,187650
20240110,09:16:18,0.65,750,187650
20240110,09:16:19,0.65,50,187650
20240110,09:16:23,0.65,450,187650
20240110,09:16:25,0.65,250,187650
20240110,09:16:27,0.65,250,187650
20240110,09:16:35,0.65,200,187650
20240110,09:16:36,0.65,150,187650
20240110,09:16:38,0.65,200,187650
20240110,09:16:40,0.65,50,187650
20240110,09:16:47,0.65,350,187650
20240110,09:16:48,0.65,50,187650
20240110,09:16:51,0.65,1600,187650
20240110,09:16:52,0.65,300,187650
20240110,09:16:52,0.6,1400,187650
20240110,09:16:54,0.6,900,187650
20240110,09:16:55,0.65,500,187650
20240110,09:16:56,0.65,200,187650
20240110,09:16:57,0.65,450,187650
20240110,09:17:00,0.6,6650,187650
20240110,09:17:01,0.6,44800,187650
20240110,09:17:06,0.65,50,187650
20240110,09:17:08,0.6,6800,187650
20240110,09:17:09,0.55,800,187650
20240110,09:17:10,0.6,350,187650
20240110,09:17:15,0.6,200,187650
20240110,09:17:16,0.6,100,187650
20240110,09:17:23,0.6,50,187650
20240110,09:17:26,0.6,50,187650
20240110,09:17:31,0.6,50,190750
20240110,09:17:36,0.6,50,190750
20240110,09:17:39,0.6,300,190750
20240110,09:17:41,0.6,50,190750
20240110,09:17:46,0.6,50,190750
20240110,09:17:47,0.6,50,190750
20240110,09:17:51,0.6,100,190750
20240110,09:17:53,0.6,100,190750
20240110,09:18:20,0.6,50,190750
20240110,09:18:25,0.6,1800,190750
20240110,09:18:30,0.6,450,190750
20240110,09:18:42,0.6,150,190750
20240110,09:18:48,0.6,100,190750
20240110,09:19:18,0.6,1800,190750
20240110,09:20:17,0.6,50,190750
20240110,09:20:30,0.6,400,191550
20240110,09:20:45,0.6,550,191550
20240110,09:20:46,0.6,350,191550
20240110,09:20:57,0.6,4350,191550
20240110,09:21:18,0.6,650,191550
20240110,09:21:58,0.6,700,191550
20240110,09:22:16,0.6,250,191550
20240110,09:22:34,0.6,900,191550
20240110,09:22:34,0.6,1800,191550
20240110,09:22:46,0.6,2700,191550
20240110,09:22:49,0.6,550,191550
20240110,09:22:51,0.6,200,191550
20240110,09:22:53,0.6,650,191550
20240110,09:22:54,0.6,3600,191550
20240110,09:22:55,0.6,1800,191550
20240110,09:22:56,0.6,3600,191550
20240110,09:22:58,0.6,1800,191550
20240110,09:23:00,0.6,1800,191550
20240110,09:23:05,0.6,1800,191550
20240110,09:23:13,0.6,1800,191550
20240110,09:23:18,0.6,900,191550
20240110,09:23:21,0.6,1800,191550
20240110,09:23:29,0.6,2700,198950
20240110,09:23:38,0.6,900,198950
20240110,09:23:40,0.6,900,198950
20240110,09:23:50,0.6,1150,198950
20240110,09:23:55,0.6,2950,198950
20240110,09:24:17,0.6,900,198950
20240110,09:24:18,0.6,900,198950
20240110,09:24:22,0.6,900,198950
20240110,09:24:23,0.6,900,198950
20240110,09:24:25,0.6,900,198950
20240110,09:24:28,0.6,900,198950
20240110,09:24:53,0.6,250,198950
20240110,09:24:54,0.6,250,198950
20240110,09:24:55,0.6,1800,198950
20240110,09:24:56,0.6,1800,198950
20240110,09:25:05,0.6,400,198950
20240110,09:25:06,0.6,600,198950
20240110,09:25:07,0.6,550,198950
20240110,09:25:10,0.6,1450,198950
20240110,09:25:17,0.6,21000,198950
20240110,09:25:20,0.6,5400,198950
20240110,09:25:21,0.6,8400,198950
20240110,09:25:22,0.6,1800,198950
20240110,09:25:23,0.6,3300,198950
20240110,09:25:24,0.6,1800,198950
20240110,09:25:38,0.6,2350,198950
20240110,09:26:00,0.65,50,198950
20240110,09:26:15,0.6,30600,198950
20240110,09:26:16,0.6,50,198950
20240110,09:26:17,0.6,250,198950
20240110,09:26:18,0.6,100,198950
20240110,09:26:20,0.6,100,198950
20240110,09:26:21,0.6,800,198950
20240110,09:26:22,0.6,250,198950
20240110,09:26:23,0.6,2450,198950
20240110,09:26:24,0.6,2250,198950
20240110,09:26:25,0.6,50,198950
20240110,09:26:26,0.6,50,198950
20240110,09:26:27,0.6,1850,198950
20240110,09:26:53,0.65,50,228050
20240110,09:27:01,0.65,100,228050
20240110,09:27:26,0.65,50,228050
20240110,09:27:39,0.65,600,228050
20240110,09:27:40,0.6,100,228050
20240110,09:27:43,0.65,100,228050
20240110,09:27:56,0.65,250,228050
20240110,09:27:57,0.65,1800,228050
20240110,09:27:58,0.65,1800,228050
20240110,09:27:59,0.65,3600,228050
20240110,09:28:00,0.65,3800,228050
20240110,09:28:01,0.65,7450,228050
20240110,09:28:02,0.65,1100,228050
20240110,09:28:07,0.7,250,228050
20240110,09:28:08,0.65,150,228050
20240110,09:28:30,0.65,3300,228050
20240110,09:28:31,0.65,3600,228050
20240110,09:28:32,0.65,50,228050
20240110,09:28:46,0.65,50,228050
20240110,09:28:47,0.65,700,228050
20240110,09:28:48,0.65,50,228050
20240110,09:28:49,0.65,1800,228050
20240110,09:28:50,0.65,1800,228050
20240110,09:28:52,0.65,2000,228050
20240110,09:29:02,0.7,50,228050
20240110,09:29:32,0.65,50,232000
20240110,09:30:00,0.7,1500,232000
20240110,09:30:01,0.65,50,232000
20240110,09:30:02,0.7,250,232000
20240110,09:30:06,0.7,350,232000
20240110,09:30:06,0.7,250,232000
20240110,09:30:07,0.7,1550,232000
20240110,09:30:10,0.7,550,232000
20240110,09:30:11,0.7,5500,232000
20240110,09:30:12,0.7,2550,232000
20240110,09:30:15,0.7,1250,232000
20240110,09:30:18,0.75,50,232000
20240110,09:30:23,0.75,400,232000
20240110,09:30:24,0.75,500,232000
20240110,09:30:25,0.75,2300,232000
20240110,09:30:26,0.75,100,232000
20240110,09:30:29,0.75,9000,232000
20240110,09:30:30,0.75,1300,232000
20240110,09:30:30,0.75,600,232000
20240110,09:30:31,0.75,400,232000
20240110,09:30:33,0.75,1000,232000
20240110,09:30:43,0.75,450,232000
20240110,09:30:44,0.75,750,232000
20240110,09:30:45,0.75,250,232000
20240110,09:30:46,0.75,550,232000
20240110,09:30:47,0.75,600,232000
20240110,09:30:48,0.75,350,232000
20240110,09:30:51,0.8,17150,232000
20240110,09:30:52,0.8,7700,232000
20240110,09:30:54,0.8,50,232000
20240110,09:30:54,0.8,1500,232000
20240110,09:30:55,0.8,300,232000
20240110,09:30:56,0.8,100,232000
20240110,09:30:58,0.8,150,232000
20240110,09:31:00,0.8,150,232000
20240110,09:31:01,0.8,50,232000
20240110,09:31:02,0.8,1800,232000
20240110,09:31:03,0.8,1850,232000
20240110,09:31:04,0.8,1800,232000
20240110,09:31:06,0.8,1800,232000
20240110,09:31:07,0.8,500,232000
20240110,09:31:08,0.8,7450,232000
20240110,09:31:09,0.8,1800,232000
20240110,09:31:10,0.8,1800,232000
20240110,09:31:11,0.8,1850,232000
20240110,09:31:12,0.8,100,232000
20240110,09:31:14,0.8,2800,232000
20240110,09:31:15,0.8,800,232000
20240110,09:31:16,0.8,2000,232000
20240110,09:31:17,0.8,2600,232000
20240110,09:31:20,0.8,1300,232000
20240110,09:31:29,0.75,300,232000
20240110,09:31:29,0.75,250,232000
20240110,09:32:12,0.75,50,232000
20240110,09:32:16,0.8,2850,232000
20240110,09:32:27,0.8,250,232000
20240110,09:32:28,0.8,500,232000
20240110,09:32:28,0.8,650,232000
20240110,09:33:15,0.75,150,232000
20240110,09:33:16,0.75,50,206950
20240110,09:33:20,0.75,1000,206950
20240110,09:33:33,0.7,1500,206950
20240110,09:33:35,0.7,3300,206950
20240110,09:33:41,0.7,1800,206950
20240110,09:33:44,0.7,3050,206950
20240110,09:33:46,0.7,750,206950
20240110,09:33:47,0.7,50,206950
20240110,09:33:53,0.7,1100,206950
20240110,09:34:02,0.7,500,206950
20240110,09:34:08,0.7,2500,206950
20240110,09:34:10,0.65,50,206950
20240110,09:35:00,0.65,50,206950
20240110,09:35:03,0.65,500,206950
20240110,09:35:19,0.7,750,206950
20240110,09:35:42,0.7,50,206950
20240110,09:35:55,0.65,1000,208350
20240110,09:35:57,0.65,1000,208350
20240110,09:36:01,0.65,1800,208350
20240110,09:36:28,0.7,1800,208350
20240110,09:36:29,0.7,1050,208350
20240110,09:36:31,0.7,2250,208350
20240110,09:36:32,0.7,1850,208350
20240110,09:36:33,0.7,800,208350
20240110,09:36:36,0.7,200,208350
20240110,09:36:38,0.7,1800,208350
20240110,09:36:41,0.7,700,208350
20240110,09:36:42,0.7,1100,208350
20240110,09:36:54,0.65,650,208350
20240110,09:37:22,0.7,500,208350
20240110,09:38:06,0.7,50,208350
20240110,09:40:06,0.7,50,208350
20240110,09:40:10,0.65,350,207000
20240110,09:40:24,0.65,50,207000
20240110,09:40:40,0.65,1800,207000
20240110,09:41:11,0.65,500,207000
20240110,09:41:13,0.65,1150,207000
20240110,09:41:41,0.65,600,207600
20240110,09:41:42,0.65,300,207600
20240110,09:41:45,0.65,250,207600
20240110,09:41:51,0.65,450,207600
20240110,09:41:55,0.65,1800,207600
20240110,09:41:56,0.65,250,207600
20240110,09:41:57,0.65,1000,207600
20240110,09:42:49,0.65,250,207600
20240110,09:42:54,0.6,850,207600
20240110,09:42:57,0.65,100,207600
20240110,09:43:08,0.65,450,207600
20240110,09:43:16,0.6,250,207600
20240110,09:45:45,0.65,500,207000
20240110,09:45:46,0.6,1100,207000
20240110,09:45:53,0.6,600,207000
20240110,09:45:57,0.6,300,207000
20240110,09:46:06,0.65,50,207000
20240110,09:46:16,0.6,300,207000
20240110,09:46:17,0.6,300,207000
20240110,09:46:19,0.6,1150,207000
20240110,09:46:20,0.6,1200,207000
20240110,09:46:21,0.6,250,207000
20240110,09:46:25,0.6,750,207000
20240110,09:46:26,0.6,500,207000
20240110,09:46:27,0.6,250,207000
20240110,09:46:29,0.6,2000,207000
20240110,09:46:39,0.6,50,207000
20240110,09:48:35,0.6,300,211350
20240110,09:48:37,0.6,50,211350
20240110,09:48:39,0.6,1800,211350
20240110,09:48:51,0.6,1250,211350
20240110,09:49:13,0.6,1500,211350
20240110,09:49:15,0.6,500,211350
20240110,09:49:18,0.6,1950,211350
20240110,09:50:17,0.6,1500,211350
20240110,09:50:47,0.6,1800,211350
20240110,09:50:58,0.6,1800,212500
20240110,09:51:01,0.6,1800,212500
20240110,09:51:03,0.6,1800,212500
20240110,09:51:06,0.6,1800,212500
20240110,09:51:08,0.6,1800,212500
20240110,09:51:11,0.6,250,212500
20240110,09:51:12,0.6,400,212500
20240110,09:51:40,0.6,2700,212500
20240110,09:51:41,0.6,300,212500
20240110,09:51:42,0.6,1800,212500
20240110,09:51:43,0.6,600,212500
20240110,09:51:44,0.6,900,212500
20240110,09:51:46,0.6,1800,212500
20240110,09:51:49,0.6,200,212500
20240110,09:51:53,0.6,1800,212500
20240110,09:51:55,0.6,200,212500
20240110,09:52:02,0.6,50,212500
20240110,09:52:32,0.6,50,212500
20240110,09:54:11,0.6,50,212500
20240110,09:54:12,0.6,350,212550
20240110,09:54:24,0.6,1800,212550
20240110,09:54:45,0.6,250,212550
20240110,09:55:38,0.6,50,212550
20240110,09:56:23,0.6,250,212550
20240110,09:57:16,0.6,400,212550
20240110,09:57:41,0.6,250,211450
20240110,09:58:43,0.6,100,211450
20240110,09:59:56,0.6,50,211650
20240110,10:00:35,0.55,50,211650
20240110,10:00:59,0.6,400,211650
20240110,10:01:06,0.6,400,211650
20240110,10:02:07,0.6,350,211650
20240110,10:02:08,0.6,1350,211650
20240110,10:02:10,0.6,500,211650
20240110,10:06:11,0.65,50,211650
20240110,10:06:43,0.6,800,211700
20240110,10:07:13,0.6,350,211700
20240110,10:07:14,0.6,150,211700
20240110,10:08:20,0.6,200,211700
20240110,10:08:34,0.6,1800,211700
20240110,10:08:40,0.6,3300,211700
20240110,10:08:42,0.6,300,211850
20240110,10:08:43,0.6,250,211850
20240110,10:08:45,0.6,850,211850
20240110,10:08:46,0.6,500,211850
20240110,10:08:47,0.6,500,211850
20240110,10:08:48,0.6,1600,211850
20240110,10:08:50,0.6,450,211850
20240110,10:08:53,0.6,350,211850
20240110,10:09:00,0.6,350,211850
20240110,10:09:01,0.6,250,211850
20240110,10:09:13,0.6,500,211850
20240110,10:09:35,0.6,300,211850
20240110,10:09:36,0.6,350,211850
20240110,10:09:42,0.6,250,211850
20240110,10:10:14,0.55,50,211850
20240110,10:11:18,0.6,50,211850
20240110,10:11:26,0.6,1800,211850
20240110,10:11:27,0.6,3450,211850
20240110,10:11:33,0.6,500,211850
20240110,10:12:55,0.65,50,210950
20240110,10:12:59,0.65,200,210950
20240110,10:14:06,0.6,1500,210950
20240110,10:14:15,0.6,3600,210950
20240110,10:14:19,0.6,50,210950
20240110,10:15:13,0.6,50,210950
20240110,10:17:34,0.6,2300,210950
20240110,10:18:54,0.55,1800,213250
20240110,10:18:55,0.55,1800,213250
20240110,10:19:02,0.55,900,213250
20240110,10:19:03,0.55,850,213250
20240110,10:19:04,0.55,3600,213250
20240110,10:19:19,0.55,250,213250
20240110,10:19:24,0.55,1800,213250
20240110,10:19:26,0.55,50,213250
20240110,10:19:32,0.55,50,213250
20240110,10:19:34,0.55,50,213250
20240110,10:19:35,0.55,50,213250
20240110,10:19:39,0.55,50,213250
20240110,10:20:22,0.5,1000,213250
20240110,10:20:28,0.5,100,213250
20240110,10:22:25,0.5,1600,220700
20240110,10:22:27,0.5,2950,220700
20240110,10:22:33,0.5,700,220700
20240110,10:22:34,0.5,1050,220700
20240110,10:22:40,0.5,200,220700
20240110,10:22:43,0.5,800,220700
20240110,10:22:47,0.5,50,220700
20240110,10:23:43,0.5,450,220700
20240110,10:23:44,0.5,1200,222200
20240110,10:23:54,0.5,50,222200
20240110,10:24:05,0.5,250,222200
20240110,10:25:28,0.5,50,222200
20240110,10:26:30,0.5,100,222200
20240110,10:28:25,0.5,1800,222200
20240110,10:28:31,0.5,200,221150
20240110,10:28:34,0.5,50,221150
20240110,10:28:39,0.5,50,221150
20240110,10:28:42,0.5,50,221150
20240110,10:29:12,0.5,1200,221150
20240110,10:29:16,0.5,50,221150
20240110,10:29:24,0.5,400,221150
20240110,10:29:25,0.5,400,221150
20240110,10:29:25,0.5,250,221150
20240110,10:29:30,0.5,300,221150
20240110,10:29:44,0.5,50,221400
20240110,10:29:45,0.5,200,221400
20240110,10:29:50,0.55,50,221400
20240110,10:31:18,0.45,50,221400
20240110,10:32:11,0.45,50,221400
20240110,10:32:17,0.55,50,221400
20240110,10:33:37,0.5,50,221450
20240110,10:34:47,0.5,50,221450
20240110,10:35:00,0.55,600,221450
20240110,10:36:43,0.55,100,221450
20240110,10:38:51,0.55,150,221950
20240110,10:38:56,0.5,50,222050
20240110,10:39:34,0.5,500,222050
20240110,10:40:58,0.5,1800,222050
20240110,10:41:08,0.5,600,222050
20240110,10:41:26,0.5,750,222050
20240110,10:41:50,0.5,50,223600
20240110,10:42:03,0.5,100,223600
20240110,10:42:42,0.5,50,223600
20240110,10:43:32,0.5,50,223600
20240110,10:43:54,0.5,500,223600
20240110,10:44:11,0.5,50,223600
20240110,10:44:13,0.55,450,223600
20240110,10:44:59,0.55,50,223600
20240110,10:45:00,0.5,450,223500
20240110,10:45:09,0.55,50,223500
20240110,10:48:36,0.5,750,223500
20240110,10:50:12,0.5,300,223050
20240110,10:50:48,0.5,250,222650
20240110,10:52:06,0.55,600,222650
20240110,10:52:11,0.55,600,222650
20240110,10:52:25,0.5,200,222650
20240110,10:57:50,0.5,300,221700
20240110,10:58:35,0.55,50,221700
20240110,11:01:38,0.55,1800,221650
20240110,11:01:42,0.55,150,221650
20240110,11:02:51,0.55,150,221000
20240110,11:04:04,0.5,50,221000
20240110,11:04:44,0.55,150,221000
20240110,11:04:53,0.55,200,221000
20240110,11:05:57,0.55,550,221250
20240110,11:07:05,0.55,50,221250
20240110,11:08:55,0.5,50,221850
20240110,11:09:36,0.55,50,221850
20240110,11:10:46,0.5,50,221850
20240110,11:11:07,0.5,250,221850
20240110,11:12:57,0.55,1800,221850
20240110,11:12:57,0.55,1700,221800
20240110,11:12:59,0.55,1800,221800
20240110,11:13:02,0.55,1800,221800
20240110,11:13:04,0.55,1800,221800
20240110,11:13:06,0.55,1800,221800
20240110,11:13:07,0.55,100,221800
20240110,11:13:07,0.55,300,221800
20240110,11:13:09,0.55,50,221800
20240110,11:13:10,0.55,50,221800
20240110,11:13:11,0.55,250,221800
20240110,11:13:13,0.55,50,221800
20240110,11:13:15,0.55,250,221800
20240110,11:13:39,0.55,50,221800
20240110,11:13:50,0.55,1150,221800
20240110,11:13:51,0.55,1150,221800
20240110,11:13:52,0.55,2000,221800
20240110,11:13:59,0.55,50,221800
20240110,11:14:04,0.55,650,221800
20240110,11:14:05,0.55,250,221800
20240110,11:14:43,0.6,500,221800
20240110,11:14:47,0.55,300,220300
20240110,11:15:13,0.55,150,220300
20240110,11:17:32,0.55,700,220300
20240110,11:17:46,0.55,50,220150
20240110,11:17:48,0.55,350,220150
20240110,11:17:52,0.55,350,220150
20240110,11:18:06,0.55,850,220150
20240110,11:18:59,0.55,250,220150
20240110,11:19:14,0.6,50,220150
20240110,11:19:19,0.55,250,220150
20240110,11:19:33,0.55,350,220150
20240110,11:19:40,0.55,250,220150
20240110,11:20:28,0.6,50,220150
20240110,11:20:29,0.6,1800,220150
20240110,11:20:32,0.6,1000,220150
20240110,11:21:30,0.55,200,220250
20240110,11:21:33,0.55,200,220250
20240110,11:21:35,0.55,200,220250
20240110,11:21:40,0.55,50,220250
20240110,11:22:04,0.55,200,220250
20240110,11:22:11,0.6,150,220250
20240110,11:22:28,0.55,50,220250
20240110,11:22:28,0.55,550,220250
20240110,11:22:34,0.55,50,220250
20240110,11:22:41,0.55,50,220250
20240110,11:23:04,0.55,500,220250
20240110,11:23:06,0.55,200,220250
20240110,11:23:07,0.55,50,220250
20240110,11:23:12,0.6,50,220250
20240110,11:23:20,0.55,50,220250
20240110,11:23:28,0.55,50,220250
20240110,11:23:29,0.55,50,220250
20240110,11:23:30,0.55,50,220250
20240110,11:24:06,0.55,100,220250
20240110,11:24:07,0.55,50,219700
20240110,11:24:31,0.55,50,219700
20240110,11:24:46,0.55,250,219700
20240110,11:26:04,0.6,50,219700
20240110,11:27:19,0.55,50,219700
20240110,11:28:03,0.55,250,219700
20240110,11:28:42,0.55,750,219700
20240110,11:29:19,0.55,50,219700
20240110,11:30:00,0.55,50,218650
20240110,11:31:23,0.6,250,218650
20240110,11:33:08,0.6,50,218650
20240110,11:33:12,0.6,1800,218650
20240110,11:33:18,0.55,50,218650
20240110,11:33:20,0.55,450,218650
20240110,11:33:20,0.55,250,218650
20240110,11:35:46,0.55,250,218650
20240110,11:35:55,0.6,50,218650
20240110,11:36:21,0.55,400,218650
20240110,11:37:24,0.55,750,218650
20240110,11:37:57,0.55,250,218650
20240110,11:41:34,0.55,250,218650
20240110,11:41:58,0.55,500,217550
20240110,11:42:28,0.55,500,217550
20240110,11:45:08,0.55,250,217550
20240110,11:47:08,0.55,50,217300
20240110,12:03:45,0.55,250,217000
20240110,12:04:38,0.55,50,217000
20240110,12:05:22,0.6,600,217000
20240110,12:05:35,0.6,450,217000
20240110,12:06:35,0.6,50,217000
20240110,12:09:14,0.6,350,216600
20240110,12:10:40,0.6,250,216600
20240110,12:12:14,0.6,500,216350
20240110,12:12:16,0.6,250,216350
20240110,12:12:40,0.6,50,216350
20240110,12:13:18,0.6,150,216350
20240110,12:14:10,0.6,250,216350
20240110,12:14:41,0.6,500,216350
20240110,12:14:45,0.6,250,216350
20240110,12:14:48,0.6,300,216350
20240110,12:14:53,0.6,1000,216350
20240110,12:15:28,0.6,300,215250
20240110,12:15:31,0.6,150,215250
20240110,12:17:41,0.6,600,215250
20240110,12:17:45,0.6,50,215250
20240110,12:17:46,0.6,50,215250
20240110,12:17:47,0.6,50,215250
20240110,12:18:26,0.6,250,215250
20240110,12:18:33,0.6,750,215250
20240110,12:20:43,0.6,50,215250
20240110,12:21:30,0.65,1800,215250
20240110,12:21:36,0.65,250,215250
20240110,12:21:52,0.65,650,215250
20240110,12:21:54,0.65,950,215250
20240110,12:21:55,0.65,100,215250
20240110,12:21:56,0.65,600,215250
20240110,12:21:57,0.65,50,215250
20240110,12:21:58,0.65,50,215250
20240110,12:22:22,0.65,450,215250
20240110,12:22:31,0.6,1800,215250
20240110,12:22:32,0.6,1700,215250
20240110,12:24:28,0.65,800,211750
20240110,12:24:59,0.65,350,211750
20240110,12:25:04,0.65,50,211750
20240110,12:25:42,0.65,450,211750
20240110,12:25:48,0.65,50,211750
20240110,12:26:56,0.6,250,212150
20240110,12:27:18,0.6,250,212150
20240110,12:27:23,0.6,250,212150
20240110,12:29:51,0.6,250,212150
20240110,12:30:14,0.6,250,211900
20240110,12:30:56,0.6,250,211900
20240110,12:31:30,0.6,250,211900
20240110,12:32:55,0.65,50,211900
20240110,12:32:59,0.6,500,211900
20240110,12:33:40,0.65,50,211950
20240110,12:34:22,0.6,50,211950
20240110,12:34:37,0.6,750,211950
20240110,12:34:53,0.6,500,211950
20240110,12:37:01,0.6,750,212150
20240110,12:37:02,0.6,750,212150
20240110,12:37:07,0.6,50,212150
20240110,12:38:35,0.6,50,212150
20240110,12:40:58,0.6,250,212700
20240110,12:41:05,0.6,250,212700
20240110,12:41:19,0.6,3050,212700
20240110,12:41:30,0.6,250,212700
20240110,12:41:53,0.6,2550,212700
20240110,12:41:56,0.6,250,212700
20240110,12:41:58,0.6,500,212000
20240110,12:42:13,0.6,300,212000
20240110,12:45:21,0.6,1500,212000
20240110,12:45:50,0.65,1150,211100
20240110,12:45:51,0.65,350,211100
20240110,12:45:52,0.65,250,211100
20240110,12:45:55,0.65,50,211100
20240110,12:46:06,0.65,1800,211100
20240110,12:46:10,0.65,1800,211100
20240110,12:46:36,0.65,1600,211100
20240110,12:48:02,0.65,1350,209850
20240110,12:48:06,0.65,250,209850
20240110,12:48:11,0.65,450,209850
20240110,12:48:12,0.65,450,209850
20240110,12:48:13,0.65,700,209850
20240110,12:48:17,0.65,250,209850
20240110,12:48:24,0.65,250,209850
20240110,12:48:25,0.65,250,209850
20240110,12:48:32,0.6,650,209850
20240110,12:48:35,0.65,50,209850
20240110,12:48:49,0.65,350,209850
20240110,12:48:57,0.6,100,209850
20240110,12:48:58,0.6,100,209850
20240110,12:48:59,0.6,150,209850
20240110,12:49:00,0.6,150,209850
20240110,12:49:01,0.6,200,209850
20240110,12:49:02,0.6,50,209850
20240110,12:49:03,0.6,50,209850
20240110,12:49:04,0.65,1050,209850
20240110,12:49:15,0.65,1000,209850
20240110,12:50:03,0.6,100,209850
20240110,12:50:57,0.65,600,209850
20240110,12:51:01,0.65,150,210300
20240110,12:51:29,0.6,100,210300
20240110,12:52:06,0.65,50,210300
20240110,12:52:36,0.65,50,210300
20240110,12:52:59,0.65,50,210300
20240110,12:53:01,0.65,200,210300
20240110,12:57:57,0.6,150,210300
20240110,12:58:23,0.6,50,210300
20240110,12:59:20,0.6,50,210300
20240110,13:07:02,0.6,350,210200
20240110,13:07:04,0.6,350,210200
20240110,13:07:30,0.6,300,210200
20240110,13:07:31,0.6,400,210200
20240110,13:07:32,0.6,250,210200
20240110,13:07:33,0.6,400,210200
20240110,13:08:17,0.6,1050,210200
20240110,13:08:19,0.6,1000,210200
20240110,13:08:20,0.6,250,210200
20240110,13:08:21,0.6,150,210200
20240110,13:11:42,0.6,50,210450
20240110,13:13:58,0.55,250,210450
20240110,13:17:33,0.6,500,210500
20240110,13:18:23,0.55,1000,210850
20240110,13:19:37,0.55,1000,210850
20240110,13:20:06,0.55,550,210850
20240110,13:20:08,0.55,100,210850
20240110,13:20:11,0.5,50,210850
20240110,13:20:32,0.5,50,210850
20240110,13:20:41,0.55,250,210850
20240110,13:20:44,0.55,250,210850
20240110,13:20:45,0.55,1300,210850
20240110,13:20:47,0.55,250,210850
20240110,13:22:25,0.55,250,211300
20240110,13:23:06,0.55,50,211300
20240110,13:23:18,0.55,50,211300
20240110,13:24:25,0.55,50,211650
20240110,13:25:19,0.55,50,211650
20240110,13:25:51,0.55,50,211650
20240110,13:25:59,0.55,50,211650
20240110,13:26:49,0.6,50,211650
20240110,13:27:09,0.5,100,211850
20240110,13:34:39,0.6,50,211850
20240110,13:35:03,0.6,500,211850
20240110,13:37:50,0.55,250,211850
20240110,13:37:53,0.55,250,211850
20240110,13:38:24,0.55,350,211850
20240110,13:38:31,0.55,250,211850
20240110,13:39:22,0.6,50,210900
20240110,13:40:16,0.55,50,210900
20240110,13:40:17,0.55,200,210900
20240110,13:40:53,0.55,300,210900
20240110,13:40:55,0.55,200,210900
20240110,13:41:26,0.55,400,210900
20240110,13:41:27,0.55,300,210900
20240110,13:41:38,0.55,450,210900
20240110,13:41:43,0.55,650,210900
20240110,13:41:57,0.55,1800,210900
20240110,13:41:59,0.55,400,210900
20240110,13:42:00,0.55,650,210900
20240110,13:42:13,0.55,50,210900
20240110,13:42:49,0.55,200,210950
20240110,13:42:52,0.55,50,210950
20240110,13:42:59,0.6,50,210950
20240110,13:43:26,0.55,250,210950
20240110,13:43:28,0.55,50,210950
20240110,13:43:31,0.55,550,210950
20240110,13:43:54,0.5,1200,210950
20240110,13:44:10,0.55,50,210950
20240110,13:45:13,0.55,250,210800
20240110,13:45:34,0.55,50,210800
20240110,13:45:44,0.5,100,210800
20240110,13:47:16,0.5,500,210800
20240110,13:48:40,0.55,300,210250
20240110,13:49:28,0.55,300,210250
20240110,13:49:31,0.55,250,210250
20240110,13:49:47,0.55,50,210250
20240110,13:49:50,0.55,250,210250
20240110,13:50:20,0.55,300,210250
20240110,13:50:21,0.55,250,210250
20240110,13:50:38,0.55,250,210250
20240110,13:51:05,0.55,100,210250
20240110,13:55:09,0.55,50,210250
20240110,13:55:54,0.55,50,210300
20240110,13:55:59,0.55,50,210300
20240110,13:56:18,0.5,50,210300
20240110,13:56:52,0.5,1500,210300
20240110,13:57:30,0.5,1800,210150
20240110,13:58:08,0.55,150,210150
20240110,13:59:43,0.5,500,210150
20240110,14:00:12,0.45,4650,210600
20240110,14:00:25,0.5,600,210600
20240110,14:00:34,0.5,150,210600
20240110,14:02:10,0.5,50,210600
20240110,14:03:08,0.5,50,210600
20240110,14:03:42,0.55,50,207650
20240110,14:04:25,0.5,150,207650
20240110,14:07:12,0.55,50,207650
20240110,14:07:43,0.5,800,207600
20240110,14:08:00,0.5,600,207600
20240110,14:10:51,0.5,250,207600
20240110,14:10:52,0.5,1000,208100
20240110,14:11:55,0.5,300,208100
20240110,14:12:28,0.45,2200,208100
20240110,14:12:48,0.45,250,208100
20240110,14:15:18,0.4,1000,209100
20240110,14:16:13,0.4,3600,209100
20240110,14:17:01,0.4,750,209100
20240110,14:17:08,0.4,250,209100
20240110,14:17:51,0.4,2700,209100
20240110,14:19:22,0.4,300,209100
20240110,14:22:08,0.35,50,212450
20240110,14:25:04,0.35,1250,212450
20240110,14:25:53,0.35,350,212400
20240110,14:26:12,0.35,3600,212400
20240110,14:26:13,0.35,1700,212400
20240110,14:26:19,0.35,1950,212400
20240110,14:27:06,0.35,200,212400
20240110,14:27:10,0.35,250,212400
20240110,14:27:11,0.35,500,212400
20240110,14:27:12,0.35,1000,212400
20240110,14:27:39,0.35,700,212400
20240110,14:27:43,0.35,200,213700
20240110,14:27:53,0.4,300,213700
20240110,14:28:40,0.35,650,213700
20240110,14:29:15,0.35,1250,213700
20240110,14:29:28,0.35,850,213700
20240110,14:29:31,0.35,300,213700
20240110,14:29:46,0.35,250,213700
20240110,14:29:47,0.35,250,213700
20240110,14:30:11,0.35,150,213700
20240110,14:32:39,0.3,100,213250
20240110,14:32:50,0.3,100,213250
20240110,14:34:40,0.3,50,213250
20240110,14:35:58,0.35,2400,213000
20240110,14:39:06,0.3,1500,211300
20240110,14:39:08,0.3,1500,211300
20240110,14:39:12,0.35,500,211300
20240110,14:39:53,0.35,250,208550
20240110,14:40:13,0.35,250,208550
20240110,14:40:49,0.3,1750,208550
20240110,14:40:51,0.3,150,208550
20240110,14:40:52,0.3,1600,208550
20240110,14:41:09,0.3,750,208550
20240110,14:41:21,0.25,1500,208550
20240110,14:41:23,0.25,1500,208550
20240110,14:41:47,0.25,1500,208550
20240110,14:41:49,0.25,1500,208550
20240110,14:42:24,0.25,1500,204450
20240110,14:42:26,0.25,1500,204450
20240110,14:42:47,0.25,700,204450
20240110,14:43:43,0.3,50,204450
20240110,14:45:18,0.3,850,204450
20240110,14:46:14,0.3,250,201650
20240110,14:46:15,0.3,1250,201650
20240110,14:46:41,0.3,250,201650
20240110,14:46:51,0.3,250,201650
20240110,14:47:34,0.3,3800,201650
20240110,14:47:38,0.25,250,201650
20240110,14:48:38,0.3,1250,201650
20240110,14:48:40,0.3,1250,204950
20240110,14:48:41,0.3,1250,204950
20240110,14:48:42,0.3,1050,204950
20240110,14:48:54,0.3,250,204950
20240110,14:49:00,0.3,250,204950
20240110,14:49:00,0.3,300,204950
20240110,14:49:02,0.3,250,204950
20240110,14:49:07,0.3,350,204950
20240110,14:49:22,0.3,500,204950
20240110,14:49:27,0.3,1500,204950
20240110,14:49:40,0.35,1250,204950
20240110,14:49:43,0.35,1250,204950
20240110,14:49:45,0.35,1250,204950
20240110,14:49:48,0.35,1250,204950
20240110,14:49:50,0.35,1250,204950
20240110,14:50:05,0.35,1950,204950
20240110,14:50:07,0.35,1900,204950
20240110,14:50:08,0.35,650,204950
20240110,14:50:20,0.35,650,204950
20240110,14:50:22,0.35,350,204950
20240110,14:50:31,0.35,500,204950
20240110,14:50:46,0.35,500,204950
20240110,14:51:00,0.35,1400,204950
20240110,14:51:02,0.35,450,204950
20240110,14:51:52,0.4,100,216350
20240110,14:51:58,0.4,1250,216350
20240110,14:51:59,0.4,1250,216350
20240110,14:52:17,0.35,850,216350
20240110,14:52:30,0.35,500,216350
20240110,14:52:50,0.35,50,216350
20240110,14:52:51,0.4,200,216350
20240110,14:53:27,0.35,950,216350
20240110,14:53:28,0.35,1350,216350
20240110,14:54:29,0.4,50,218250
20240110,14:55:23,0.4,50,218250
20240110,14:59:37,0.3,50,218250
20240110,15:00:49,0.35,150,218350
20240110,15:00:50,0.35,300,218350
20240110,15:01:04,0.35,150,218350
20240110,15:01:06,0.35,600,218350
20240110,15:01:23,0.35,800,218350
20240110,15:01:24,0.35,450,218350
20240110,15:01:36,0.35,1000,218350
20240110,15:03:09,0.35,1150,218350
20240110,15:04:26,0.35,50,218350
20240110,15:04:40,0.3,450,217000
20240110,15:05:11,0.25,50,217000
20240110,15:05:39,0.35,200,217000
20240110,15:05:58,0.3,400,217000
20240110,15:05:59,0.25,100,217000
20240110,15:07:56,0.35,500,217050
20240110,15:07:57,0.35,500,217050
20240110,15:07:58,0.3,2650,217050
20240110,15:07:59,0.35,500,217050
20240110,15:08:00,0.35,500,217050
20240110,15:08:01,0.35,1000,217050
20240110,15:08:02,0.3,2700,217050
20240110,15:08:03,0.35,500,217050
20240110,15:08:04,0.35,1000,217050
20240110,15:08:05,0.35,1500,217050
20240110,15:08:06,0.35,1000,217050
20240110,15:08:07,0.35,1000,217050
20240110,15:08:08,0.35,1000,217050
20240110,15:08:09,0.35,2900,217050
20240110,15:08:10,0.3,3300,217050
20240110,15:08:11,0.3,1800,217050
20240110,15:08:12,0.3,1750,217050
20240110,15:08:13,0.3,1050,217050
20240110,15:08:14,0.35,1000,217050
20240110,15:08:15,0.25,3350,217050
20240110,15:08:16,0.35,1000,217050
20240110,15:08:17,0.35,1500,217050
20240110,15:08:18,0.35,500,217050
20240110,15:08:19,0.35,1500,217050
20240110,15:08:20,0.35,1000,217050
20240110,15:08:21,0.35,1000,217050
20240110,15:08:22,0.35,4500,217050
20240110,15:08:23,0.35,1000,217050
20240110,15:08:24,0.35,1000,217050
20240110,15:08:34,0.3,1200,217050
20240110,15:08:35,0.3,550,217050
20240110,15:08:36,0.3,650,217050
20240110,15:08:49,0.3,4350,217050
20240110,15:08:50,0.3,4500,217050
20240110,15:08:52,0.35,500,217050
20240110,15:08:53,0.35,1000,217050
20240110,15:08:54,0.35,1000,217050
20240110,15:08:55,0.35,1000,217050
20240110,15:08:56,0.35,1000,217050
20240110,15:08:57,0.35,1500,217050
20240110,15:08:58,0.35,500,217050
20240110,15:08:59,0.35,1000,217050
20240110,15:09:00,0.35,1500,217050
20240110,15:09:01,0.35,2050,217050
20240110,15:09:02,0.35,1500,217050
20240110,15:09:04,0.35,1500,217050
20240110,15:09:05,0.35,1500,217050
20240110,15:09:06,0.35,500,217050
20240110,15:09:13,0.4,1000,217050
20240110,15:09:14,0.4,500,217050
20240110,15:09:15,0.4,1000,217050
20240110,15:09:16,0.4,3400,217050
20240110,15:09:18,0.4,500,217050
20240110,15:09:19,0.4,1000,217050
20240110,15:09:20,0.4,500,258150
20240110,15:09:23,0.3,19250,258150
20240110,15:09:25,0.4,1000,258150
20240110,15:09:26,0.4,500,258150
20240110,15:09:27,0.4,1000,258150
20240110,15:09:28,0.4,1500,258150
20240110,15:09:29,0.4,1000,258150
20240110,15:09:30,0.4,1000,258150
20240110,15:09:31,0.4,500,258150
20240110,15:09:32,0.4,3300,258150
20240110,15:09:33,0.4,1000,258150
20240110,15:09:34,0.4,1000,258150
20240110,15:09:35,0.4,5350,258150
20240110,15:09:36,0.35,6000,258150
20240110,15:09:37,0.35,500,258150
20240110,15:09:38,0.35,1000,258150
20240110,15:09:39,0.4,1000,258150
20240110,15:09:40,0.3,1300,258150
20240110,15:09:41,0.35,10200,258150
20240110,15:09:42,0.4,1500,258150
20240110,15:09:43,0.4,1000,258150
20240110,15:09:44,0.35,5600,258150
20240110,15:09:45,0.35,6650,258150
20240110,15:09:46,0.35,1000,258150
20240110,15:09:47,0.35,1500,258150
20240110,15:09:48,0.35,1000,258150
20240110,15:09:49,0.35,500,258150
20240110,15:09:50,0.3,1000,258150
20240110,15:09:51,0.35,3800,258150
20240110,15:09:52,0.35,1000,258150
20240110,15:09:53,0.35,500,258150
20240110,15:09:54,0.35,1500,258150
20240110,15:09:55,0.35,1000,258150
20240110,15:09:56,0.35,1000,258150
20240110,15:09:57,0.35,1000,258150
20240110,15:09:58,0.3,4400,258150
20240110,15:09:59,0.35,1500,258150
20240110,15:10:00,0.35,1500,258150
20240110,15:10:02,0.35,1000,258150
20240110,15:10:03,0.35,4700,258150
20240110,15:10:05,0.35,2000,258150
20240110,15:10:06,0.35,500,258150
20240110,15:10:07,0.35,1500,258150
20240110,15:10:08,0.35,1000,258150
20240110,15:10:09,0.35,1000,258150
20240110,15:10:10,0.35,1000,258150
20240110,15:10:11,0.35,1000,258150
20240110,15:10:12,0.35,2000,258150
20240110,15:10:14,0.35,1000,258150
20240110,15:10:15,0.4,1500,258150
20240110,15:10:16,0.4,500,258150
20240110,15:10:17,0.4,1000,258150
20240110,15:10:18,0.4,5150,258150
20240110,15:10:19,0.4,1000,258150
20240110,15:10:20,0.4,1000,258150
20240110,15:10:21,0.4,1000,258150
20240110,15:10:22,0.4,1000,258150
20240110,15:10:23,0.35,4650,258150
20240110,15:10:24,0.4,1000,258150
20240110,15:10:25,0.4,1500,258150
20240110,15:10:26,0.4,10250,258150
20240110,15:10:27,0.35,2800,258150
20240110,15:10:28,0.35,3600,258150
20240110,15:10:29,0.35,2800,258150
20240110,15:10:30,0.4,4200,258150
20240110,15:10:31,0.4,5050,258150
20240110,15:10:32,0.4,3950,258150
20240110,15:10:33,0.4,1000,258150
20240110,15:10:34,0.4,1000,258150
20240110,15:10:35,0.35,4350,258150
20240110,15:10:36,0.4,2800,258150
20240110,15:10:37,0.4,1500,258150
20240110,15:10:38,0.4,7250,258150
20240110,15:10:40,0.4,1500,258150
20240110,15:10:41,0.4,1000,258150
20240110,15:10:43,0.4,4550,258150
20240110,15:10:43,0.35,2300,258150
20240110,15:10:44,0.4,1500,258150
20240110,15:10:45,0.4,1000,258150
20240110,15:10:46,0.4,1000,258150
20240110,15:10:47,0.4,1000,258150
20240110,15:10:48,0.4,1000,258150
20240110,15:10:49,0.4,1500,258150
20240110,15:10:51,0.4,5400,258150
20240110,15:10:52,0.4,3100,258150
20240110,15:10:52,0.4,500,258150
20240110,15:10:53,0.4,500,258150
20240110,15:10:54,0.4,1500,258150
20240110,15:10:55,0.4,1500,258150
20240110,15:10:56,0.4,1000,258150
20240110,15:10:57,0.4,1000,258150
20240110,15:10:59,0.4,1000,258150
20240110,15:11:00,0.4,1000,258150
20240110,15:11:01,0.4,20000,258150
20240110,15:11:02,0.4,1000,258150
20240110,15:11:03,0.4,3300,258150
20240110,15:11:04,0.35,6000,258150
20240110,15:11:06,0.35,5100,258150
20240110,15:11:07,0.4,1000,258150
20240110,15:11:07,0.4,500,258150
20240110,15:11:08,0.4,1000,258150
20240110,15:11:09,0.4,1500,258150
20240110,15:11:10,0.4,1000,258150
20240110,15:11:11,0.35,18150,258150
20240110,15:11:13,0.4,1500,258150
20240110,15:11:13,0.4,500,258150
20240110,15:11:14,0.4,1500,258150
20240110,15:11:15,0.4,1000,258150
20240110,15:11:16,0.4,1000,258150
20240110,15:11:17,0.4,1500,258150
20240110,15:11:18,0.4,1500,258150
20240110,15:11:19,0.4,1000,258150
20240110,15:11:21,0.4,1200,258150
20240110,15:11:21,0.4,500,258150
20240110,15:11:22,0.4,8750,258150
20240110,15:11:23,0.4,1000,258150
20240110,15:11:24,0.4,1000,258150
20240110,15:11:25,0.35,3300,258150
20240110,15:11:26,0.4,1500,258150
20240110,15:11:28,0.4,2100,258150
20240110,15:11:29,0.4,1000,258150
20240110,15:11:30,0.35,2800,258150
20240110,15:11:30,0.4,1000,258150
20240110,15:11:31,0.4,1000,258150
20240110,15:11:32,0.4,1000,258150
20240110,15:11:33,0.4,1000,258150
20240110,15:11:35,0.4,1000,258150
20240110,15:11:36,0.4,2850,258150
20240110,15:11:37,0.4,1000,258150
20240110,15:11:38,0.4,1000,258150
20240110,15:11:39,0.4,1000,258150
20240110,15:11:40,0.4,1000,258150
20240110,15:11:41,0.4,1500,258150
20240110,15:11:42,0.4,3000,258150
20240110,15:11:43,0.4,2800,258150
20240110,15:11:44,0.4,1000,258150
20240110,15:11:46,0.35,8100,258150
20240110,15:11:46,0.4,1550,258150
20240110,15:11:47,0.35,2700,258150
20240110,15:11:48,0.35,5800,258150
20240110,15:11:49,0.35,800,258150
20240110,15:11:51,0.35,1800,258150
20240110,15:11:54,0.35,1800,258150
20240110,15:11:59,0.35,4250,258150
20240110,15:11:59,0.3,450,258150
20240110,15:12:28,0.3,1800,436700
20240110,15:12:29,0.3,250,436700
20240110,15:12:36,0.25,200,436700
20240110,15:13:18,0.25,1800,436700
20240110,15:13:26,0.25,200,436700
20240110,15:13:37,0.25,1800,436700
20240110,15:13:41,0.25,1800,436700
20240110,15:13:48,0.25,1800,436700
20240110,15:13:53,0.3,50,436700
20240110,15:14:18,0.3,50,436700
20240110,15:14:18,0.25,50,436700
20240110,15:15:01,0.25,250,436700
20240110,15:15:09,0.25,700,436700
20240110,15:15:26,0.3,500,436700
20240110,15:15:27,0.3,1500,438750
20240110,15:15:27,0.3,500,438750
20240110,15:15:28,0.3,1500,438750
20240110,15:15:29,0.3,1000,438750
20240110,15:15:30,0.3,1000,438750
20240110,15:15:31,0.3,1000,438750
20240110,15:15:32,0.3,1000,438750
20240110,15:15:33,0.3,1000,438750
20240110,15:15:34,0.25,2800,438750
20240110,15:15:35,0.3,1000,438750
20240110,15:15:36,0.3,1000,438750
20240110,15:15:37,0.3,1000,438750
20240110,15:15:39,0.3,2000,438750
20240110,15:15:39,0.3,500,438750
20240110,15:15:40,0.3,1500,438750
20240110,15:15:41,0.3,1000,438750
20240110,15:15:42,0.3,1000,438750
20240110,15:15:43,0.35,1000,438750
20240110,15:15:44,0.35,1000,438750
20240110,15:15:46,0.35,1000,438750
20240110,15:15:47,0.35,1000,438750
20240110,15:15:48,0.35,1000,438750
20240110,15:15:49,0.35,1000,438750
20240110,15:15:50,0.35,1500,438750
20240110,15:15:51,0.35,1000,438750
20240110,15:15:52,0.35,1500,438750
20240110,15:15:53,0.35,1000,438750
20240110,15:15:54,0.35,1000,438750
20240110,15:15:55,0.35,1000,438750
20240110,15:15:57,0.35,1000,438750
20240110,15:15:58,0.35,1000,438750
20240110,15:15:59,0.35,1000,438750
20240110,15:16:00,0.35,1000,438750
20240110,15:16:01,0.35,1000,438750
20240110,15:16:02,0.35,1500,438750
20240110,15:16:03,0.35,1000,438750
20240110,15:16:04,0.35,1000,438750
20240110,15:16:05,0.35,1500,438750
20240110,15:16:06,0.35,1000,438750
20240110,15:16:07,0.35,1000,438750
20240110,15:16:08,0.35,1000,438750
20240110,15:16:09,0.35,1750,438750
20240110,15:16:10,0.35,1000,438750
20240110,15:16:11,0.35,1000,438750
20240110,15:16:12,0.35,2050,438750
20240110,15:16:13,0.35,1000,438750
20240110,15:16:14,0.35,1000,438750
20240110,15:16:15,0.35,9550,438750
20240110,15:16:16,0.35,5050,438750
20240110,15:16:18,0.35,4250,438750
20240110,15:16:18,0.3,1000,438750
20240110,15:16:19,0.3,1000,438750
20240110,15:16:20,0.3,1000,438750
20240110,15:16:21,0.3,1000,438750
20240110,15:16:22,0.3,1000,438750
20240110,15:16:23,0.3,1000,438750
20240110,15:16:24,0.3,1000,438750
20240110,15:16:25,0.3,2500,438750
20240110,15:16:26,0.35,1000,438750
20240110,15:16:27,0.35,1500,438750
20240110,15:16:28,0.35,1500,438750
20240110,15:16:29,0.35,1000,438750
20240110,15:16:30,0.35,1000,438750
20240110,15:16:31,0.35,1000,438750
20240110,15:16:32,0.3,2800,438750
20240110,15:16:33,0.35,1000,438750
20240110,15:16:34,0.35,1000,438750
20240110,15:16:35,0.35,1000,438750
20240110,15:16:36,0.35,1000,438750
20240110,15:16:37,0.35,1000,438750
20240110,15:16:38,0.35,1050,438750
20240110,15:16:39,0.35,1500,438750
20240110,15:16:40,0.35,2800,438750
20240110,15:16:42,0.35,1500,438750
20240110,15:16:42,0.35,1000,438750
20240110,15:16:43,0.35,1000,438750
20240110,15:16:44,0.35,1000,438750
20240110,15:16:45,0.35,1250,438750
20240110,15:16:46,0.35,1000,438750
20240110,15:16:47,0.35,1000,438750
20240110,15:16:49,0.35,1000,438750
20240110,15:16:50,0.35,1500,438750
20240110,15:16:51,0.35,1500,438750
20240110,15:16:52,0.35,1000,438750
20240110,15:16:53,0.35,1000,438750
20240110,15:16:53,0.35,500,438750
20240110,15:16:54,0.35,1500,438750
20240110,15:16:55,0.35,1000,438750
20240110,15:16:56,0.35,1000,438750
20240110,15:16:58,0.3,2800,438750
20240110,15:16:59,0.35,600,438750
20240110,15:17:04,0.3,1800,438750
20240110,15:17:10,0.3,2100,438750
20240110,15:17:16,0.3,1800,438750
20240110,15:17:22,0.3,1800,438750
20240110,15:17:26,0.3,1800,438750
20240110,15:17:32,0.3,1800,438750
20240110,15:17:47,0.3,950,438750
20240110,15:18:09,0.3,1800,438750
20240110,15:18:10,0.3,2100,438750
20240110,15:18:44,0.35,50,438750
20240110,15:19:12,0.35,1000,509950
20240110,15:19:13,0.35,500,509950
20240110,15:19:14,0.35,500,509950
20240110,15:19:15,0.35,1000,509950
20240110,15:19:16,0.35,1000,509950
20240110,15:19:17,0.35,1000,509950
20240110,15:19:18,0.35,1000,509950
20240110,15:19:19,0.35,1000,509950
20240110,15:19:20,0.35,1500,509950
20240110,15:19:21,0.35,1500,509950
20240110,15:19:22,0.35,1000,509950
20240110,15:19:23,0.35,1000,509950
20240110,15:19:24,0.35,1000,509950
20240110,15:19:25,0.35,1000,509950
20240110,15:19:26,0.35,1000,509950
20240110,15:19:27,0.35,1000,509950
20240110,15:19:28,0.35,1000,509950
20240110,15:19:29,0.35,1000,509950
20240110,15:19:30,0.35,1500,509950
20240110,15:19:31,0.35,500,509950
20240110,15:19:32,0.35,1500,509950
20240110,15:19:33,0.35,1000,509950
20240110,15:19:34,0.35,1000,509950
20240110,15:19:35,0.35,1500,509950
20240110,15:19:36,0.35,1000,509950
20240110,15:19:37,0.35,1000,509950
20240110,15:19:38,0.35,1000,509950
20240110,15:19:39,0.35,1000,509950
20240110,15:19:40,0.3,1050,509950
20240110,15:19:41,0.3,12900,509950
20240110,15:19:42,0.35,1000,509950
20240110,15:19:43,0.35,1000,509950
20240110,15:19:44,0.35,1000,509950
20240110,15:19:45,0.35,1500,509950
20240110,15:19:46,0.35,1500,509950
20240110,15:19:47,0.35,1000,509950
20240110,15:19:48,0.35,1000,509950
20240110,15:19:49,0.35,1000,509950
20240110,15:19:50,0.35,1000,509950
20240110,15:19:51,0.3,14200,509950
20240110,15:19:52,0.35,13500,509950
20240110,15:19:53,0.35,1000,509950
20240110,15:19:54,0.35,1500,509950
20240110,15:19:55,0.35,1000,509950
20240110,15:19:56,0.35,1000,509950
20240110,15:19:57,0.35,1000,509950
20240110,15:19:58,0.35,2800,509950
20240110,15:20:06,0.3,50,509950
20240110,15:20:10,0.3,3550,509950
20240110,15:20:16,0.3,4800,509950
20240110,15:20:17,0.3,700,509950
20240110,15:20:19,0.3,1000,509950
20240110,15:20:20,0.3,1000,509950
20240110,15:20:21,0.3,1000,509950
20240110,15:20:22,0.3,1000,509950
20240110,15:20:23,0.3,1000,509950
20240110,15:20:24,0.3,1000,509950
20240110,15:20:48,0.3,450,509950
20240110,15:20:51,0.3,450,509950
20240110,15:21:04,0.3,400,509950
20240110,15:21:18,0.3,450,509950
20240110,15:21:35,0.3,300,567950
20240110,15:21:38,0.3,450,567950
20240110,15:21:41,0.25,300,567950
20240110,15:21:55,0.3,750,567950
20240110,15:22:00,0.3,1100,567950
20240110,15:22:04,0.3,450,567950
20240110,15:22:21,0.3,450,567950
20240110,15:22:25,0.3,2000,567950
20240110,15:22:32,0.25,2000,567950
20240110,15:22:34,0.25,2000,567950
20240110,15:22:42,0.25,1800,567950
20240110,15:22:43,0.25,1800,567950
20240110,15:22:52,0.3,150,567950
20240110,15:22:53,0.3,150,567950
20240110,15:22:54,0.3,150,567950
20240110,15:23:02,0.25,1800,567950
20240110,15:23:08,0.3,550,567950
20240110,15:23:09,0.3,350,567950
20240110,15:23:18,0.25,50,567950
20240110,15:23:33,0.25,150,567950
20240110,15:23:34,0.25,150,567950
20240110,15:23:42,0.25,150,567950
20240110,15:23:44,0.25,300,567950
20240110,15:23:47,0.25,1900,567950
20240110,15:23:50,0.25,1800,567950
20240110,15:23:51,0.25,500,567950
20240110,15:23:57,0.25,250,567950
20240110,15:24:06,0.25,150,567950
20240110,15:24:14,0.25,1800,567950
20240110,15:24:15,0.25,1800,567950
20240110,15:24:16,0.25,1800,567950
20240110,15:24:17,0.25,1800,567950
20240110,15:24:18,0.25,3600,567950
20240110,15:24:19,0.25,3000,567950
20240110,15:24:20,0.25,100,567950
20240110,15:24:22,0.25,50,575150
20240110,15:24:24,0.25,50,575150
20240110,15:24:25,0.25,50,575150
20240110,15:24:27,0.25,50,575150
20240110,15:24:28,0.25,50,575150
20240110,15:24:32,0.25,50,575150
20240110,15:24:34,0.25,50,575150
20240110,15:24:35,0.25,50,575150
20240110,15:24:42,0.25,50,575150
20240110,15:24:43,0.25,50,575150
20240110,15:25:27,0.2,300,575150
20240110,15:25:29,0.2,150,575150
20240110,15:25:45,0.2,50,575150
20240110,15:25:46,0.2,50,575150
20240110,15:26:02,0.2,50,575150
20240110,15:26:10,0.25,50,575150
20240110,15:26:31,0.25,500,575150
20240110,15:26:33,0.2,50,575150
20240110,15:26:38,0.2,250,575150
20240110,15:27:05,0.25,350,575150
20240110,15:27:19,0.2,100,575150
20240110,15:28:13,0.2,1800,573800
20240110,15:28:23,0.25,150,573800
20240110,15:28:27,0.25,2300,573800
20240110,15:28:44,0.2,1600,573800
20240110,15:28:47,0.2,450,573800
20240110,15:29:29,0.2,150,573800
20240110,15:29:33,0.2,600,573800
20240110,15:29:39,0.25,250,573800
20240110,15:29:57,0.25,5900,573800
20240111,09:15:00,0.25,1,468400
20240111,09:15:00,0.25,750,468400
20240111,09:15:02,0.2,100,468400
20240111,09:15:03,0.2,850,468400
20240111,09:15:05,0.25,200,468400
20240111,09:15:06,0.25,50,468400
20240111,09:15:08,0.25,500,468400
20240111,09:15:13,0.25,1800,468400
20240111,09:15:32,0.2,100,468400
20240111,09:15:38,0.25,1800,468400
20240111,09:15:40,0.25,1600,468400
20240111,09:15:48,0.2,100,468400
20240111,09:15:51,0.2,150,468400
20240111,09:16:00,0.25,1800,468400
