date,time,tick_price,volume,open_interest
20240222,09:42:45,35.35,250,250
20240222,09:48:55,31.3,50,250
20240222,09:50:03,31.3,500,250
20240222,09:50:24,32.85,500,250
20240222,09:50:55,32.7,900,250
20240222,09:52:30,33.0,150,1650
20240222,10:03:45,41.1,50,1650
20240222,10:04:49,43.2,50,1650
20240222,10:06:40,45.0,50,1650
20240222,10:20:25,45.0,50,1750
20240222,10:21:06,44.55,250,1750
20240222,10:21:48,44.65,200,1750
20240222,10:24:01,47.75,50,2200
20240222,10:32:29,47.75,100,2150
20240222,10:34:13,45.7,50,2250
20240222,10:36:37,44.0,50,2250
20240222,10:41:28,43.1,900,2300
20240222,10:45:57,42.05,50,3200
20240222,10:55:03,43.1,100,3250
20240222,10:57:11,47.0,50,3350
20240222,10:57:21,47.95,50,3350
20240222,11:10:30,47.95,350,3300
20240222,11:11:40,42.55,50,3300
20240222,11:19:14,44.85,100,3300
20240222,11:25:03,44.35,50,3300
20240222,11:26:01,43.85,50,3350
20240222,11:37:27,43.0,50,3400
20240222,11:43:29,38.7,1850,3450
20240222,11:43:38,39.1,2100,3450
20240222,11:43:47,39.0,600,3450
20240222,11:44:48,39.45,200,3450
20240222,11:47:04,38.65,50,8100
20240222,11:49:18,40.3,100,8100
20240222,11:50:02,39.7,250,8250
20240222,11:51:30,41.05,350,8250
20240222,11:52:29,40.45,750,8250
20240222,11:53:06,40.0,750,8250
20240222,11:59:33,37.6,50,9650
20240222,12:01:28,37.8,50,9700
20240222,12:03:16,36.1,100,9700
20240222,12:03:44,35.8,100,9700
20240222,12:24:43,37.95,50,9850
20240222,12:39:28,36.0,50,9900
20240222,12:42:17,36.25,50,9900
20240222,13:18:21,35.7,50,9950
20240222,13:28:52,34.75,200,10000
20240222,13:29:42,35.25,100,10000
20240222,13:31:14,34.55,100,10000
20240222,13:31:28,34.7,200,10000
20240222,13:31:57,35.0,100,10300
20240222,13:34:02,34.35,300,10300
20240222,13:34:09,34.4,400,10300
20240222,13:34:42,34.45,100,11000
20240222,13:35:03,34.25,300,11000
20240222,13:35:10,34.25,100,11000
20240222,13:35:18,34.35,100,11000
20240222,13:35:25,34.15,50,11000
20240222,13:35:53,34.25,50,11000
20240222,13:37:13,31.8,100,11000
20240222,13:38:05,31.45,150,11650
20240222,13:39:13,31.45,100,11650
20240222,13:40:02,30.6,300,11650
20240222,13:40:54,30.55,300,11900
20240222,13:42:18,28.4,750,11900
20240222,13:50:01,26.8,100,12950
20240222,13:57:15,26.4,200,12850
20240222,14:03:14,22.65,350,12850
20240222,14:05:05,22.65,50,13200
20240222,14:06:10,23.8,350,13200
20240222,14:07:59,25.3,750,13250
20240222,14:11:49,25.35,250,12700
20240222,14:12:11,25.45,1900,12700
20240222,14:13:03,25.75,250,12700
20240222,14:13:10,25.55,7600,12700
20240222,14:13:17,25.6,200,12700
20240222,14:13:40,25.9,9200,12700
20240222,14:13:47,25.9,200,12700
20240222,14:14:41,26.3,2600,12550
20240222,14:14:55,26.4,3600,12550
20240222,14:15:03,26.4,300,12550
20240222,14:16:34,26.0,350,12550
20240222,14:16:42,25.95,1200,12550
20240222,14:17:18,26.0,50,17650
20240222,14:17:26,25.8,750,17650
20240222,14:19:08,26.55,400,17650
20240222,14:19:56,27.7,1350,18100
20240222,14:20:12,27.4,150,18100
20240222,14:20:27,27.35,50,18100
20240222,14:21:43,27.75,350,18100
20240222,14:22:22,27.45,50,18100
20240222,14:24:09,27.4,50,19000
20240222,14:25:09,26.8,100,19000
20240222,14:25:55,26.05,200,19050
20240222,14:30:37,25.45,50,18850
20240222,14:30:44,25.35,50,18850
20240222,14:31:36,26.0,900,18850
20240222,14:31:51,26.1,200,18750
20240222,14:32:20,26.0,50,18750
20240222,14:32:27,26.3,300,18750
20240222,14:32:58,26.15,200,18750
20240222,14:33:50,25.85,150,18750
20240222,14:33:57,25.9,300,18750
20240222,14:34:27,25.65,100,18750
20240222,14:34:40,25.4,600,18750
20240222,14:34:55,25.3,50,18400
20240222,14:37:39,25.1,50,18400
20240222,14:37:47,24.8,200,18400
20240222,14:38:11,24.5,350,18400
20240222,14:39:13,23.8,50,18400
20240222,14:39:21,23.55,300,18400
20240222,14:39:53,23.8,250,18400
20240222,14:40:16,24.15,200,18400
20240222,14:41:13,24.15,50,18750
20240222,14:41:21,24.0,400,18750
20240222,14:41:43,24.15,250,18750
20240222,14:41:50,24.0,300,18750
20240222,14:41:58,24.2,250,18750
20240222,14:42:42,23.85,250,18750
20240222,14:42:50,24.0,50,18750
20240222,14:42:57,24.05,50,18750
20240222,14:43:43,24.25,100,18750
20240222,14:43:50,24.25,200,19000
20240222,14:43:58,24.45,200,19000
20240222,14:44:28,24.2,200,19000
20240222,14:46:04,24.05,50,19000
20240222,14:46:11,23.95,50,19000
20240222,14:47:18,24.35,350,18950
20240222,14:48:08,23.9,250,18950
20240222,14:48:40,23.35,400,18950
20240222,14:48:59,23.2,200,18950
20240222,14:49:19,22.85,200,18950
20240222,14:49:29,22.9,50,18950
20240222,14:49:49,22.65,50,18950
20240222,14:49:58,22.55,50,19050
20240222,14:51:02,22.05,1050,19050
20240222,14:51:12,21.95,400,19050
20240222,14:51:34,21.75,200,19050
20240222,14:51:45,21.55,3400,19050
20240222,14:51:55,21.6,450,19050
20240222,14:52:06,21.4,300,19050
20240222,14:52:15,21.95,600,19050
20240222,14:52:31,22.2,150,19050
20240222,14:53:12,22.2,50,18700
20240222,14:53:20,22.25,100,18700
20240222,14:53:28,22.35,50,18700
20240222,14:53:36,22.45,100,18700
20240222,14:53:44,22.4,400,18700
20240222,14:53:52,22.5,100,18700
20240222,14:53:59,22.45,50,18700
20240222,14:54:23,23.05,150,18700
20240222,14:55:02,22.9,100,18700
20240222,14:55:25,22.85,300,18700
20240222,14:55:52,22.8,1400,18700
20240222,14:56:04,23.2,1000,19850
20240222,14:56:12,23.25,400,19850
20240222,14:56:21,23.5,50,19850
20240222,14:56:29,23.6,600,19850
20240222,14:56:38,23.55,50,19850
20240222,14:57:01,23.65,50,19850
20240222,14:57:17,23.55,250,19850
20240222,14:57:40,23.6,900,19850
20240222,14:57:48,23.9,750,19850
20240222,14:58:19,23.9,250,19850
20240222,14:59:16,23.8,50,19100
20240222,14:59:32,23.9,200,19100
20240222,14:59:59,23.55,450,19100
20240222,15:00:10,23.05,1200,19100
20240222,15:00:49,22.85,850,19100
20240222,15:00:58,22.8,150,19100
20240222,15:01:06,22.55,50,19100
20240222,15:01:15,23.0,300,19100
20240222,15:02:27,22.4,250,20450
20240222,15:02:35,22.55,200,20450
20240222,15:03:08,22.5,100,20450
20240222,15:03:16,22.45,50,20450
20240222,15:03:39,22.75,50,20450
20240222,15:03:54,22.8,50,20450
20240222,15:04:02,22.75,50,20450
20240222,15:04:18,22.65,100,20450
20240222,15:04:45,22.05,200,20450
20240222,15:04:54,21.95,50,20300
20240222,15:05:03,21.75,50,20300
20240222,15:05:13,21.85,200,20300
20240222,15:05:21,21.95,350,20300
20240222,15:05:30,22.0,100,20300
20240222,15:05:38,21.85,350,20300
20240222,15:05:46,21.95,200,20300
20240222,15:05:54,21.85,550,20300
20240222,15:06:25,21.75,150,20300
20240222,15:06:33,21.75,50,20300
20240222,15:07:21,21.65,50,20300
20240222,15:07:29,21.6,350,20300
20240222,15:07:53,21.2,350,20300
20240222,15:08:02,21.0,50,19200
20240222,15:08:10,20.95,750,19200
20240222,15:08:18,20.95,50,19200
20240222,15:08:26,21.25,50,19200
20240222,15:08:42,21.15,300,19200
20240222,15:08:57,21.0,750,19200
20240222,15:09:28,20.95,50,19200
20240222,15:09:58,20.9,350,19200
20240222,15:10:14,20.7,750,19200
20240222,15:10:36,20.65,550,19200
20240222,15:10:45,20.6,400,19200
20240222,15:11:56,19.85,300,18350
20240222,15:12:03,19.85,350,18350
20240222,15:13:18,19.5,100,18350
20240222,15:13:45,19.45,50,18350
20240222,15:14:01,19.35,300,18500
20240222,15:15:43,19.65,150,18500
20240222,15:16:00,19.55,100,18500
20240222,15:16:09,19.45,350,18500
20240222,15:17:29,19.5,200,18400
20240222,15:18:32,19.45,50,18400
20240222,15:19:11,19.45,150,18400
20240222,15:19:36,19.5,100,18400
20240222,15:19:46,19.55,100,18400
20240222,15:19:56,19.55,450,18600
20240222,15:20:06,19.55,200,18600
20240222,15:20:16,19.7,400,18600
20240222,15:20:26,19.55,150,18600
20240222,15:20:59,19.6,50,18600
20240222,15:21:08,19.55,200,18600
20240222,15:21:40,19.65,50,18600
20240222,15:21:49,20.05,550,18600
20240222,15:22:06,19.6,50,18600
20240222,15:22:59,19.8,50,18700
20240222,15:23:15,19.25,750,18700
20240222,15:24:39,19.25,50,18700
20240222,15:24:47,19.4,150,18700
20240222,15:24:54,19.35,50,18700
20240222,15:25:28,19.35,50,18700
20240222,15:25:37,19.3,50,18700
20240222,15:25:46,18.85,150,18700
20240222,15:26:28,18.85,50,18850
20240222,15:26:36,19.0,300,18850
20240222,15:27:17,19.25,300,18850
20240222,15:27:25,19.25,150,18850
20240222,15:27:50,19.35,200,18850
20240222,15:28:32,19.5,50,18850
20240222,15:28:40,19.2,100,18850
20240222,15:29:05,19.25,50,18500
20240222,15:29:31,19.0,150,18500
20240223,09:15:07,21.4,1,18500
20240223,09:15:07,20.9,150,18500
20240223,09:15:19,19.4,200,18500
20240223,09:15:22,19.6,50,18500
20240223,09:18:07,18.5,200,18600
20240223,09:18:10,18.5,400,18600
20240223,09:18:13,18.95,50,18600
20240223,09:18:19,18.95,200,18600
20240223,09:19:32,17.65,600,19200
20240223,09:19:39,17.75,700,19200
20240223,09:19:45,17.65,250,19200
20240223,09:19:57,17.7,200,19200
20240223,09:20:10,17.4,500,19200
20240223,09:21:15,17.95,50,19200
20240223,09:23:01,17.15,50,20900
20240223,09:23:31,17.15,500,20900
20240223,09:23:46,17.15,250,20900
20240223,09:23:55,17.35,150,20900
20240223,09:24:02,17.4,100,20900
20240223,09:24:09,17.5,50,20900
20240223,09:24:24,17.5,50,20900
20240223,09:24:45,17.85,250,20900
20240223,09:25:16,18.2,50,21350
20240223,09:25:27,18.25,50,21350
20240223,09:25:33,18.1,200,21350
20240223,09:25:35,18.3,50,21350
20240223,09:25:42,18.15,200,21350
20240223,09:25:55,18.25,250,21350
20240223,09:26:03,18.15,100,21350
20240223,09:26:05,18.1,50,21350
20240223,09:26:22,17.9,100,21350
20240223,09:26:32,17.85,1250,21350
20240223,09:26:40,17.8,100,21350
20240223,09:27:25,17.7,550,21350
20240223,09:27:27,17.75,50,21350
20240223,09:27:30,17.75,150,21350
20240223,09:27:32,17.85,50,21350
20240223,09:27:33,17.75,850,21350
20240223,09:27:35,17.75,350,21350
20240223,09:27:43,17.95,300,21350
20240223,09:27:47,18.0,200,21350
20240223,09:27:50,17.9,550,20750
20240223,09:27:53,17.85,300,20750
20240223,09:27:55,17.75,400,20750
20240223,09:28:05,17.95,1100,20750
20240223,09:28:12,17.85,150,20750
20240223,09:28:26,18.0,50,20750
20240223,09:28:30,17.95,50,20750
20240223,09:28:31,17.9,50,20750
20240223,09:28:43,17.85,50,20750
20240223,09:29:01,17.9,50,20750
20240223,09:29:51,17.8,250,20750
20240223,09:29:53,17.8,150,20750
20240223,09:29:55,17.8,550,20750
20240223,09:29:56,17.8,500,20750
20240223,09:29:58,17.8,200,20750
20240223,09:30:15,17.85,50,20750
20240223,09:30:20,17.9,100,20750
20240223,09:30:23,17.75,350,20750
20240223,09:30:25,17.75,250,20750
20240223,09:30:26,17.9,50,20750
20240223,09:30:45,17.65,50,20750
20240223,09:30:50,17.7,50,21000
20240223,09:30:58,17.55,4600,21000
20240223,09:31:36,17.4,50,21000
20240223,09:31:38,17.35,50,21000
20240223,09:31:39,17.5,50,21000
20240223,09:31:53,17.4,50,21000
20240223,09:31:54,17.4,100,21000
20240223,09:31:58,17.4,1050,21000
20240223,09:32:03,17.4,800,21000
20240223,09:32:04,17.45,250,21000
20240223,09:32:06,17.45,850,21000
20240223,09:32:08,17.45,50,21000
20240223,09:32:09,17.45,150,21000
20240223,09:32:11,17.45,600,21000
20240223,09:32:13,17.5,250,21000
20240223,09:32:14,17.5,100,21000
20240223,09:32:16,17.35,50,21000
20240223,09:32:18,17.4,50,21000
20240223,09:32:23,17.5,300,21000
20240223,09:32:26,17.55,450,21000
20240223,09:32:44,17.45,50,21000
20240223,09:33:18,17.85,50,21000
20240223,09:33:21,17.9,50,21000
20240223,09:33:46,17.9,50,21000
20240223,09:34:08,18.25,50,22850
20240223,09:34:29,18.25,100,22850
20240223,09:34:54,17.8,350,22850
20240223,09:34:58,17.85,50,22850
20240223,09:35:11,17.65,50,22850
20240223,09:35:14,17.6,2450,22850
20240223,09:35:16,17.65,400,22850
20240223,09:35:21,17.5,50,22850
20240223,09:36:18,17.35,50,22850
20240223,09:37:11,16.95,300,24650
20240223,09:37:21,17.1,50,24650
20240223,09:37:34,17.1,200,24650
20240223,09:37:43,17.1,250,24650
20240223,09:37:51,16.95,50,24650
20240223,09:38:48,16.6,50,24650
20240223,09:40:03,16.15,50,24450
20240223,09:40:26,16.15,50,24450
20240223,09:40:34,16.3,250,24450
20240223,09:40:45,16.6,50,24450
20240223,09:41:03,16.5,50,24450
20240223,09:41:38,16.35,50,24450
20240223,09:41:49,16.3,50,24450
20240223,09:41:52,16.3,50,24450
20240223,09:41:57,16.3,250,24450
20240223,09:42:04,16.4,200,24450
20240223,09:42:15,16.3,100,24450
20240223,09:42:28,16.45,50,24450
20240223,09:42:35,16.5,50,24450
20240223,09:42:38,16.35,50,24450
20240223,09:42:58,16.45,300,24400
20240223,09:43:14,16.6,50,24400
20240223,09:43:37,16.35,50,24400
20240223,09:44:05,16.55,100,24400
20240223,09:44:18,16.4,50,24400
20240223,09:44:51,16.55,50,24400
20240223,09:44:58,16.6,50,24400
20240223,09:45:23,16.6,400,24400
20240223,09:45:25,16.65,50,24400
20240223,09:45:28,16.55,50,24400
20240223,09:45:31,16.65,50,24400
20240223,09:45:55,16.4,50,24800
20240223,09:46:28,16.35,50,24800
20240223,09:46:43,16.5,50,24800
20240223,09:47:06,16.6,100,24800
20240223,09:47:09,16.55,150,24800
20240223,09:47:35,16.55,50,24800
20240223,09:47:48,16.6,50,24800
20240223,09:47:53,16.6,50,24800
20240223,09:47:54,16.7,50,24800
20240223,09:48:36,16.75,150,24800
20240223,09:48:38,16.8,50,24800
20240223,09:48:46,16.9,50,24800
20240223,09:48:54,16.9,50,24750
20240223,09:49:04,16.8,50,24750
20240223,09:50:20,17.25,50,24750
20240223,09:50:49,17.1,150,24750
20240223,09:51:40,16.45,50,24750
20240223,09:51:42,16.4,50,24750
20240223,09:52:12,16.8,50,24800
20240223,09:53:42,17.25,200,24800
20240223,09:53:43,17.3,50,24800
20240223,09:53:47,17.35,150,24800
20240223,09:54:02,17.6,950,24800
20240223,09:54:25,17.5,50,24800
20240223,09:54:37,17.4,50,24800
20240223,09:55:02,17.0,100,24100
20240223,09:55:45,17.25,50,24100
20240223,09:56:05,17.3,50,24100
20240223,09:58:44,17.5,50,24000
20240223,09:58:47,17.35,50,24000
20240223,09:58:57,17.4,750,24000
20240223,09:59:04,17.2,50,24000
20240223,09:59:49,16.75,100,24000
20240223,10:00:02,16.65,50,24000
20240223,10:00:29,16.75,50,24000
20240223,10:00:30,16.85,100,24000
20240223,10:00:34,16.6,50,24000
20240223,10:01:00,16.55,50,24150
20240223,10:01:30,16.7,1200,24150
20240223,10:01:44,16.8,100,24150
20240223,10:02:00,17.05,50,24150
20240223,10:02:03,17.05,50,24150
20240223,10:02:12,17.05,50,24150
20240223,10:03:00,17.4,50,24150
20240223,10:03:03,17.35,50,24150
20240223,10:03:23,17.3,50,24150
20240223,10:03:28,17.2,50,24150
20240223,10:03:42,17.1,300,24150
20240223,10:03:43,17.05,200,24150
20240223,10:04:00,17.25,50,25200
20240223,10:04:27,17.05,100,25200
20240223,10:04:45,16.95,50,25200
20240223,10:05:05,16.9,50,25200
20240223,10:06:00,16.85,100,25200
20240223,10:06:12,16.85,50,25200
20240223,10:07:08,16.6,50,25250
20240223,10:07:10,16.55,50,25250
20240223,10:09:06,16.5,50,25250
20240223,10:09:33,16.35,50,25250
20240223,10:09:40,16.4,50,25250
20240223,10:09:53,16.45,50,25250
20240223,10:10:01,16.5,50,25300
20240223,10:10:50,16.55,50,25300
20240223,10:11:03,16.6,50,25300
20240223,10:11:31,16.55,50,25300
20240223,10:11:50,16.5,50,25300
20240223,10:12:00,16.5,50,25300
20240223,10:12:10,16.7,50,25300
20240223,10:12:25,16.7,50,25300
20240223,10:13:07,16.6,50,25400
20240223,10:13:31,16.35,50,25400
20240223,10:13:51,16.35,50,25400
20240223,10:14:16,16.4,50,25400
20240223,10:14:23,16.35,50,25400
20240223,10:14:28,16.45,50,25400
20240223,10:15:08,16.15,100,25400
20240223,10:15:10,16.3,50,25400
20240223,10:15:25,16.0,50,25400
20240223,10:16:58,16.0,50,25300
20240223,10:18:36,15.55,50,25300
20240223,10:18:41,15.5,200,25300
20240223,10:18:43,15.5,50,25300
20240223,10:18:45,15.5,1050,25300
20240223,10:18:48,15.55,150,25300
20240223,10:18:51,15.65,2950,25300
20240223,10:18:53,15.7,1850,25300
20240223,10:18:55,15.65,1700,25300
20240223,10:18:56,15.6,150,20800
20240223,10:19:00,15.65,650,20800
20240223,10:19:01,15.7,1200,20800
20240223,10:19:03,15.7,200,20800
20240223,10:19:05,15.65,350,20800
20240223,10:19:06,15.6,100,20800
20240223,10:19:13,15.65,200,20800
20240223,10:19:15,15.65,50,20800
20240223,10:19:16,15.65,300,20800
20240223,10:19:18,15.65,250,20800
20240223,10:19:22,15.7,300,20800
20240223,10:19:28,15.65,300,20800
20240223,10:19:31,15.65,50,20800
20240223,10:19:46,15.65,250,20800
20240223,10:19:58,15.6,50,20800
20240223,10:20:05,15.5,200,20800
20240223,10:20:23,15.5,50,20800
20240223,10:20:33,15.65,250,20800
20240223,10:20:34,15.6,50,20800
20240223,10:20:58,15.7,250,20800
20240223,10:21:11,15.8,250,20800
20240223,10:21:16,15.9,200,20800
20240223,10:21:18,15.85,50,20800
20240223,10:21:34,16.05,700,20800
20240223,10:21:38,16.1,50,20800
20240223,10:21:39,16.15,250,20800
20240223,10:21:44,16.05,250,20800
20240223,10:21:51,16.05,1800,20800
20240223,10:21:53,16.15,1550,20800
20240223,10:21:54,16.25,100,20800
20240223,10:21:58,16.2,300,16750
20240223,10:22:01,16.25,150,16750
20240223,10:22:06,16.15,50,16750
20240223,10:22:24,16.2,50,16750
20240223,10:22:27,16.15,500,16750
20240223,10:22:36,16.15,450,16750
20240223,10:22:46,16.1,100,16750
20240223,10:22:47,16.1,100,16750
20240223,10:22:54,16.1,50,16750
20240223,10:22:56,16.1,150,16750
20240223,10:23:12,16.4,500,16750
20240223,10:23:36,16.45,100,16750
20240223,10:23:37,16.45,50,16750
20240223,10:24:06,16.95,50,16750
20240223,10:24:11,17.05,750,16750
20240223,10:24:41,17.4,50,16750
20240223,10:24:42,17.4,50,16750
20240223,10:25:02,17.5,50,16750
20240223,10:25:04,17.5,150,16050
20240223,10:25:16,17.4,50,16050
20240223,10:25:39,17.55,50,16050
20240223,10:25:41,17.65,50,16050
20240223,10:25:46,17.75,50,16050
20240223,10:25:47,17.7,250,16050
20240223,10:25:51,17.75,150,16050
20240223,10:26:01,17.6,50,16050
20240223,10:26:09,17.75,50,16050
20240223,10:26:21,17.85,300,16050
20240223,10:26:23,17.75,100,16050
20240223,10:26:24,17.8,100,16050
20240223,10:26:29,17.75,150,16050
20240223,10:26:32,17.8,50,16050
20240223,10:26:34,17.8,100,16050
20240223,10:26:39,17.65,50,16050
20240223,10:26:47,17.7,50,16050
20240223,10:27:01,18.15,150,16050
20240223,10:27:02,18.1,100,16050
20240223,10:27:09,18.2,250,16050
20240223,10:27:11,18.4,150,16050
20240223,10:27:12,18.1,200,16050
20240223,10:27:17,18.0,50,16050
20240223,10:27:26,18.2,50,16050
20240223,10:27:29,18.2,150,16050
20240223,10:28:11,17.8,50,16500
20240223,10:28:26,17.75,100,16500
20240223,10:28:27,17.8,150,16500
20240223,10:28:32,17.8,50,16500
20240223,10:28:34,17.9,250,16500
20240223,10:28:44,18.2,150,16500
20240223,10:29:07,17.85,300,16500
20240223,10:29:21,18.2,50,16500
20240223,10:29:24,18.35,100,16500
20240223,10:29:59,18.0,50,16500
20240223,10:30:06,18.15,50,16500
20240223,10:30:32,18.3,50,16500
20240223,10:31:02,18.05,50,16950
20240223,10:31:39,18.85,50,16950
20240223,10:31:42,18.8,500,16950
20240223,10:32:01,18.95,50,16950
20240223,10:32:06,19.3,350,16950
20240223,10:32:26,19.3,50,16950
20240223,10:32:29,19.35,50,16950
20240223,10:32:31,19.3,50,16950
20240223,10:32:47,18.85,50,16950
20240223,10:32:57,19.1,100,16950
20240223,10:32:59,19.1,50,16950
20240223,10:33:00,19.1,50,16950
20240223,10:33:05,19.3,50,16950
20240223,10:33:09,19.35,50,16950
20240223,10:33:35,19.1,150,16950
20240223,10:33:43,19.0,50,16950
20240223,10:34:05,18.9,100,17100
20240223,10:34:28,18.95,100,17100
20240223,10:34:55,18.45,100,17100
20240223,10:35:03,18.3,350,17100
20240223,10:35:33,17.95,50,17100
20240223,10:35:38,17.95,50,17100
20240223,10:35:41,17.95,100,17100
20240223,10:35:55,18.05,50,17100
20240223,10:36:00,18.05,300,17100
20240223,10:36:03,18.2,100,17100
20240223,10:36:21,18.55,250,17100
20240223,10:37:03,19.35,100,17100
20240223,10:37:05,19.2,150,16300
20240223,10:37:32,19.4,200,16300
20240223,10:37:47,19.1,50,16300
20240223,10:37:52,19.05,100,16300
20240223,10:37:55,19.0,50,16300
20240223,10:38:13,19.15,50,16300
20240223,10:38:26,19.05,50,16300
20240223,10:38:30,19.1,50,16300
20240223,10:38:46,18.8,50,16300
20240223,10:39:00,19.15,50,16300
20240223,10:39:32,19.4,100,16300
20240223,10:39:57,19.15,100,16300
20240223,10:40:02,19.15,50,16200
20240223,10:40:03,19.15,50,16200
20240223,10:40:08,19.0,50,16200
20240223,10:40:15,19.05,50,16200
20240223,10:40:50,19.25,50,16200
20240223,10:41:20,18.75,50,16200
20240223,10:41:43,18.35,100,16200
20240223,10:41:46,18.15,50,16200
20240223,10:42:09,18.05,100,16200
20240223,10:42:23,17.55,50,16200
20240223,10:42:43,17.3,50,16200
20240223,10:42:55,16.95,300,16200
20240223,10:42:56,17.0,50,16200
20240223,10:43:03,17.15,150,15750
20240223,10:43:13,17.3,350,15750
20240223,10:43:43,17.2,50,15750
20240223,10:44:41,17.35,50,15750
20240223,10:44:43,17.35,50,15750
20240223,10:45:35,17.35,100,15750
20240223,10:46:12,17.6,150,16100
20240223,10:46:36,17.8,50,16100
20240223,10:47:11,17.75,150,16100
20240223,10:47:39,17.8,50,16100
20240223,10:47:41,17.75,50,16100
20240223,10:48:02,17.8,50,16100
20240223,10:48:21,17.6,100,16100
20240223,10:49:44,17.5,50,16050
20240223,10:49:51,17.65,100,16050
20240223,10:50:14,17.4,200,16050
20240223,10:50:31,17.45,50,16050
20240223,10:50:51,17.65,50,16050
20240223,10:50:52,17.7,50,16050
20240223,10:51:32,17.45,50,16050
20240223,10:51:36,17.45,50,16050
20240223,10:51:51,17.45,100,16050
20240223,10:53:20,17.8,150,16250
20240223,10:53:50,17.8,50,16250
20240223,10:53:52,17.65,50,16250
20240223,10:54:39,17.3,100,16250
20240223,10:54:57,17.05,50,16250
20240223,10:55:04,16.85,50,16250
20240223,10:55:44,17.0,100,16250
20240223,10:57:50,17.35,50,16250
20240223,10:58:29,17.55,50,16350
20240223,10:58:57,17.45,50,16350
20240223,11:00:24,17.45,250,16350
20240223,11:00:42,17.4,150,16350
20240223,11:01:09,17.05,50,16550
20240223,11:01:15,17.0,50,16550
20240223,11:04:09,15.6,2800,16600
20240223,11:04:16,15.55,100,16600
20240223,11:04:27,15.55,50,16600
20240223,11:04:34,15.4,50,16600
20240223,11:04:42,15.35,100,16600
20240223,11:04:52,15.3,50,16600
20240223,11:05:05,15.2,50,16600
20240223,11:05:12,15.2,50,16600
20240223,11:05:15,15.2,100,16600
20240223,11:05:17,15.25,50,16600
20240223,11:05:30,15.2,100,16600
20240223,11:06:44,14.85,50,16600
20240223,11:06:45,14.85,800,16600
20240223,11:06:59,15.0,50,16600
20240223,11:07:00,15.0,50,16600
20240223,11:07:02,15.0,50,16600
20240223,11:07:10,15.1,50,17100
20240223,11:07:27,15.2,50,17100
20240223,11:07:38,15.3,400,17100
20240223,11:07:47,15.25,100,17100
20240223,11:08:55,15.55,50,17100
20240223,11:08:57,15.55,50,17100
20240223,11:09:15,15.65,50,17100
20240223,11:09:23,15.65,50,17100
20240223,11:09:38,15.8,50,17100
20240223,11:09:41,15.9,50,17100
20240223,11:09:49,15.85,50,17100
20240223,11:09:54,15.85,50,17100
20240223,11:10:01,15.85,50,17100
20240223,11:10:21,15.65,50,16950
20240223,11:12:46,16.2,250,16950
20240223,11:13:14,16.05,150,16700
20240223,11:14:02,16.35,50,16700
20240223,11:14:39,16.75,50,16700
20240223,11:15:01,16.75,50,16700
20240223,11:15:16,16.8,50,16700
20240223,11:15:19,16.75,300,16700
20240223,11:15:24,16.7,50,16700
20240223,11:15:32,16.65,50,16700
20240223,11:15:54,16.7,50,16700
20240223,11:16:02,16.7,100,16700
20240223,11:16:12,16.9,50,16700
20240223,11:17:47,16.95,100,16800
20240223,11:17:51,16.95,50,16800
20240223,11:17:52,16.95,100,16800
20240223,11:17:54,16.95,50,16800
20240223,11:18:09,16.8,50,16800
20240223,11:18:44,17.05,50,16800
20240223,11:19:03,17.1,50,16800
20240223,11:19:05,17.1,200,16800
20240223,11:19:10,17.1,50,16750
20240223,11:21:44,16.7,50,16750
20240223,11:22:39,16.6,150,16800
20240223,11:22:42,16.6,50,16800
20240223,11:22:50,16.5,50,16800
20240223,11:23:16,16.15,50,16800
20240223,11:23:43,15.95,50,16800
20240223,11:24:01,15.75,50,16800
20240223,11:24:30,15.7,50,16800
20240223,11:25:16,15.5,50,16850
20240223,11:25:33,15.65,50,16850
20240223,11:25:38,15.75,50,16850
20240223,11:25:58,15.7,50,16850
20240223,11:26:03,15.8,50,16850
20240223,11:26:08,15.85,50,16850
20240223,11:34:19,16.55,50,16850
20240223,11:35:01,16.0,150,16850
20240223,11:35:14,16.2,200,16850
20240223,11:35:18,16.05,100,16850
20240223,11:42:22,15.95,50,16750
20240223,11:50:48,16.0,100,16750
20240223,11:51:08,16.3,50,16750
20240223,11:51:24,16.35,50,16750
20240223,11:51:30,16.35,50,16750
20240223,11:51:40,16.25,50,16750
20240223,11:53:11,16.95,100,16700
20240223,11:54:02,16.85,50,16700
20240223,11:54:09,16.8,50,16700
20240223,11:54:50,17.0,50,16700
20240223,11:55:01,17.05,50,16700
20240223,11:55:12,17.0,150,16750
20240223,11:55:26,17.25,100,16750
20240223,11:55:30,17.35,100,16750
20240223,11:55:57,17.0,50,16750
20240223,11:56:18,16.9,50,16750
20240223,11:56:27,16.8,50,16750
20240223,11:56:32,16.8,50,16750
20240223,11:56:41,16.75,50,16750
20240223,11:57:10,16.9,50,16750
20240223,11:59:38,17.0,50,17000
20240223,12:01:07,17.2,50,17000
20240223,12:07:41,16.55,50,16750
20240223,12:08:40,16.6,50,16750
20240223,12:09:33,16.3,50,16750
20240223,12:13:06,16.6,50,16750
20240223,12:14:05,16.8,50,16750
20240223,12:14:07,16.8,50,16750
20240223,12:14:20,16.9,50,16750
20240223,12:17:12,17.05,50,16750
20240223,12:17:41,17.05,50,16750
20240223,12:17:55,17.05,100,16750
20240223,12:18:06,17.05,100,16750
20240223,12:18:36,17.0,50,16750
20240223,12:18:40,16.85,50,16750
20240223,12:19:10,16.7,1800,16750
20240223,12:19:17,16.8,1550,18800
20240223,12:19:19,16.7,200,18800
20240223,12:19:44,17.0,50,18800
20240223,12:20:06,17.0,50,18800
20240223,12:20:36,16.75,1000,18800
20240223,12:20:45,16.9,50,18800
20240223,12:20:51,16.95,50,18800
20240223,12:21:03,16.95,50,18800
20240223,12:24:17,15.95,50,18800
20240223,12:25:42,15.25,50,20400
20240223,12:26:06,15.35,50,20400
20240223,12:26:45,15.0,50,20400
20240223,12:27:36,15.25,50,20400
20240223,12:28:58,15.4,50,20400
20240223,12:31:02,15.55,50,20400
20240223,12:31:09,15.6,50,20400
20240223,12:32:04,15.85,50,20400
20240223,12:32:14,15.8,50,20400
20240223,12:38:45,15.6,50,20400
20240223,12:38:56,15.6,50,20400
20240223,12:40:37,15.9,50,20450
20240223,12:41:00,15.75,50,20450
20240223,12:42:11,15.85,50,20450
20240223,12:43:48,15.7,50,20550
20240223,12:44:08,15.6,150,20550
20240223,12:45:33,15.4,50,20550
20240223,12:45:50,15.5,100,20550
20240223,12:46:07,15.5,50,20550
20240223,12:46:56,15.55,50,20550
20240223,12:46:58,15.55,50,20550
20240223,12:47:08,15.65,50,20550
20240223,12:49:13,15.85,50,20550
20240223,12:52:30,15.4,50,20550
20240223,12:53:31,15.5,50,20550
20240223,12:58:03,15.4,500,20550
20240223,12:58:10,15.45,50,20550
20240223,12:59:05,15.45,500,20750
20240223,12:59:31,15.45,500,20750
20240223,13:04:58,15.6,50,20750
20240223,13:05:20,15.6,100,20750
20240223,13:06:11,15.95,1000,20750
20240223,13:06:30,16.0,500,20750
20240223,13:06:47,16.0,50,20750
20240223,13:07:20,15.95,50,20750
20240223,13:07:29,16.0,50,20850
20240223,13:08:01,16.15,100,20850
20240223,13:08:08,16.1,50,20850
20240223,13:10:49,15.95,50,20900
20240223,13:10:58,16.0,50,20900
20240223,13:11:06,16.05,50,20900
20240223,13:12:15,16.3,50,20900
20240223,13:12:22,16.35,50,20900
20240223,13:16:09,15.95,50,21050
20240223,13:17:12,16.05,50,21100
20240223,13:18:38,16.4,100,21100
20240223,13:18:48,16.45,100,21100
20240223,13:19:49,16.2,100,21250
20240223,13:19:56,16.05,50,21250
20240223,13:20:23,15.95,100,21250
20240223,13:20:49,16.1,500,21250
20240223,13:21:05,16.3,50,21250
20240223,13:21:10,16.1,500,21250
20240223,13:21:11,16.2,50,21250
20240223,13:21:15,16.2,50,21250
20240223,13:22:06,16.2,50,21250
20240223,13:22:27,16.35,150,21900
20240223,13:22:52,16.3,50,21900
20240223,13:22:55,16.3,50,21900
20240223,13:23:35,16.45,100,21900
20240223,13:23:54,16.45,50,21900
20240223,13:24:17,16.45,250,21900
20240223,13:24:31,16.5,500,21900
20240223,13:24:41,16.55,50,21900
20240223,13:24:42,16.55,100,21900
20240223,13:24:44,16.55,350,21900
20240223,13:24:54,16.95,750,21900
20240223,13:25:04,16.85,50,21900
20240223,13:25:21,17.45,50,21900
20240223,13:25:27,17.8,150,22850
20240223,13:25:29,17.85,750,22850
20240223,13:25:34,17.9,50,22850
20240223,13:25:42,18.05,150,22850
20240223,13:25:44,18.15,550,22850
20240223,13:25:46,18.2,300,22850
20240223,13:25:47,18.2,50,22850
20240223,13:25:52,18.3,200,22850
20240223,13:25:57,18.3,1000,22850
20240223,13:25:59,18.35,50,22850
20240223,13:26:24,18.5,50,22850
20240223,13:26:27,18.45,50,22850
20240223,13:26:29,18.4,50,22850
20240223,13:26:32,18.6,50,22850
20240223,13:26:37,18.3,50,22850
20240223,13:26:51,18.0,50,22850
20240223,13:29:09,18.3,100,22150
20240223,13:29:56,17.05,150,22150
20240223,13:30:11,17.1,50,22150
20240223,13:30:22,17.35,50,22150
20240223,13:30:24,17.4,50,22150
20240223,13:31:09,17.2,50,22150
20240223,13:31:54,15.9,50,22100
20240223,13:32:40,15.2,100,22100
20240223,13:33:09,15.35,50,22100
20240223,13:35:00,15.9,100,22150
20240223,13:35:10,16.05,50,22150
20240223,13:35:34,16.05,100,22150
20240223,13:35:58,16.2,50,22150
20240223,13:37:32,16.7,1150,22550
20240223,13:37:57,16.5,50,22550
20240223,13:38:02,16.7,50,22550
20240223,13:38:15,16.4,50,22550
20240223,13:40:16,16.6,50,22550
20240223,13:42:45,16.95,1000,22450
20240223,13:42:56,17.0,50,22450
20240223,13:43:01,17.0,450,22450
20240223,13:45:08,16.9,50,22950
20240223,13:45:37,16.7,50,22950
20240223,13:46:38,16.6,50,22950
20240223,13:48:42,16.65,50,22950
20240223,13:50:20,17.05,100,22950
20240223,13:51:01,17.15,50,22950
20240223,13:51:32,16.95,600,22950
20240223,13:51:40,16.75,100,22950
20240223,13:51:45,16.8,50,22950
20240223,13:52:57,16.75,50,22950
20240223,13:53:28,16.8,50,22950
20240223,13:53:39,16.75,50,22950
20240223,13:54:12,16.95,100,22950
20240223,13:57:17,17.0,50,23000
20240223,14:00:04,17.1,50,23100
20240223,14:01:06,17.05,50,23100
20240223,14:01:11,16.95,100,23100
20240223,14:01:16,16.9,50,23100
20240223,14:01:24,16.9,50,23100
20240223,14:02:38,16.5,50,23000
20240223,14:05:47,16.05,50,23000
20240223,14:07:42,16.8,550,23050
20240223,14:07:53,16.8,450,23050
20240223,14:07:58,16.85,100,23050
20240223,14:08:22,16.7,50,23050
20240223,14:09:01,16.75,50,23050
20240223,14:09:16,17.0,50,23050
20240223,14:09:33,17.0,50,23050
20240223,14:09:41,17.0,400,23050
20240223,14:09:54,17.1,400,23050
20240223,14:10:45,17.45,50,23050
20240223,14:11:18,17.4,400,23800
20240223,14:12:33,17.5,50,23800
20240223,14:12:48,17.2,300,23800
20240223,14:14:44,18.1,50,23800
20240223,14:15:51,18.15,100,23800
20240223,14:15:54,18.3,50,23800
20240223,14:16:06,17.95,100,23800
20240223,14:19:27,16.75,200,23800
20240223,14:19:32,16.8,250,23800
20240223,14:19:57,16.5,50,23800
20240223,14:21:09,17.0,250,23800
20240223,14:21:13,17.0,200,23800
20240223,14:21:17,17.0,50,23800
20240223,14:22:06,16.9,50,23800
20240223,14:22:30,16.9,50,23800
20240223,14:23:04,16.65,50,24300
20240223,14:23:28,16.45,50,24300
20240223,14:23:59,16.2,50,24300
20240223,14:24:49,16.5,150,24300
20240223,14:25:24,17.1,500,24300
20240223,14:26:03,17.05,50,24850
20240223,14:26:10,17.0,50,24850
20240223,14:26:27,17.15,200,24850
20240223,14:28:51,17.25,50,24850
20240223,14:29:44,16.75,50,24850
20240223,14:30:18,17.0,50,24850
20240223,14:31:11,17.05,50,24850
20240223,14:31:32,17.25,50,24850
20240223,14:32:13,17.0,500,25000
20240223,14:32:53,17.25,50,25000
20240223,14:33:05,17.25,50,25000
20240223,14:33:23,17.25,50,25000
20240223,14:33:27,17.25,350,25000
20240223,14:34:09,17.0,50,25000
20240223,14:34:23,17.2,650,25000
20240223,14:34:33,17.2,50,25000
20240223,14:35:25,17.35,300,25850
20240223,14:35:30,17.3,50,25850
20240223,14:35:53,17.2,50,25850
20240223,14:35:55,17.1,50,25850
20240223,14:36:34,17.15,50,25850
20240223,14:38:52,16.3,50,25900
20240223,14:41:10,15.65,50,25850
20240223,14:41:20,15.65,50,25850
20240223,14:42:11,16.05,200,25850
20240223,14:42:15,16.05,50,25850
20240223,14:46:08,16.05,50,25850
20240223,14:46:41,16.25,550,25850
20240223,14:47:30,16.15,50,25850
20240223,14:48:05,16.35,500,25850
20240223,14:48:07,16.4,50,25850
20240223,14:49:16,16.5,50,25850
20240223,14:49:29,16.3,50,25850
20240223,14:50:15,16.7,50,25850
20240223,14:52:13,16.8,50,25850
20240223,14:53:10,16.7,50,25850
20240223,14:53:20,16.8,50,25850
20240223,14:53:26,16.8,200,25850
20240223,14:53:31,16.8,250,25850
20240223,14:53:37,17.0,100,25850
20240223,14:53:46,16.8,100,25850
20240223,14:54:08,16.85,50,25850
20240223,14:54:38,16.55,450,25850
20240223,14:55:00,16.9,100,25850
20240223,14:56:04,17.0,700,26250
20240223,14:57:12,16.7,100,26250
20240223,14:58:19,16.5,50,26250
20240223,14:58:21,16.55,150,26250
20240223,15:00:06,16.65,100,26250
20240223,15:00:10,16.65,100,26250
20240223,15:00:14,16.8,50,26250
20240223,15:00:19,16.75,50,26250
20240223,15:00:24,16.45,50,26250
20240223,15:00:37,16.35,100,26250
20240223,15:00:52,16.8,50,26250
20240223,15:01:12,17.05,50,26250
20240223,15:01:20,16.95,50,26250
20240223,15:02:07,16.85,50,26250
20240223,15:02:15,16.85,50,26250
20240223,15:02:41,17.1,50,26250
20240223,15:02:56,17.1,50,26250
20240223,15:03:21,17.05,100,26250
20240223,15:03:52,16.85,50,26250
20240223,15:03:55,16.85,100,26250
20240223,15:04:07,16.9,200,26250
20240223,15:04:25,17.05,750,26250
20240223,15:04:32,17.2,650,26250
20240223,15:04:39,17.2,50,26250
20240223,15:04:50,17.4,50,26250
20240223,15:05:06,17.15,50,26250
20240223,15:05:16,17.05,100,26250
20240223,15:05:26,16.75,50,26250
20240223,15:05:31,16.5,150,26250
20240223,15:05:50,16.85,150,26250
20240223,15:06:15,16.6,50,26250
20240223,15:06:26,16.45,50,26250
20240223,15:07:10,16.75,50,26250
20240223,15:07:23,17.0,50,26250
20240223,15:07:46,16.55,50,26350
20240223,15:08:06,16.75,50,26350
20240223,15:08:31,16.9,50,26350
20240223,15:09:02,16.75,50,26350
20240223,15:09:06,16.65,50,26350
20240223,15:09:23,16.7,50,26350
20240223,15:09:27,16.75,50,26350
20240223,15:09:56,16.55,50,26350
20240223,15:10:26,16.95,50,26350
20240223,15:10:31,16.9,150,26350
20240223,15:10:41,16.95,100,26350
20240223,15:10:56,16.9,150,26450
20240223,15:11:05,16.65,50,26450
20240223,15:12:03,16.55,50,26450
20240223,15:12:39,16.65,50,26450
20240223,15:12:50,16.65,50,26450
20240223,15:14:06,16.6,50,26250
20240223,15:14:15,16.6,50,26250
20240223,15:15:18,16.7,50,26250
20240223,15:16:42,17.2,50,26250
20240223,15:16:51,17.65,100,26300
20240223,15:17:00,17.6,200,26300
20240223,15:17:07,17.4,50,26300
20240223,15:17:14,17.25,150,26300
20240223,15:17:20,17.35,50,26300
20240223,15:17:27,17.4,50,26300
20240223,15:17:45,17.4,50,26300
20240223,15:18:02,17.3,50,26300
20240223,15:18:14,17.2,50,26300
20240223,15:18:27,17.15,50,26300
20240223,15:18:39,17.05,100,26300
20240223,15:19:44,16.4,100,26300
20240223,15:20:26,16.1,50,26550
20240223,15:20:38,16.2,50,26550
20240223,15:20:52,16.35,50,26550
20240223,15:22:18,15.55,50,26550
20240223,15:22:26,15.45,50,26550
20240223,15:23:37,15.35,50,26400
20240223,15:23:56,15.45,50,26400
20240223,15:23:59,15.5,50,26400
20240223,15:24:26,15.8,50,26400
20240223,15:24:38,15.95,50,26400
20240223,15:24:43,15.85,50,26400
20240223,15:25:20,16.25,1000,26400
20240223,15:25:41,15.75,450,26400
20240223,15:25:48,15.8,350,25350
20240223,15:26:34,16.15,1900,25350
20240223,15:27:05,16.2,500,25350
20240223,15:27:07,15.95,50,25350
20240223,15:27:17,16.0,50,25350
20240223,15:27:19,16.1,50,25350
20240223,15:27:22,16.05,250,25350
20240223,15:27:24,16.05,350,25350
20240223,15:28:36,16.0,100,25350
20240223,15:28:43,16.1,3800,27650
20240223,15:29:23,15.8,50,27650
20240226,09:15:10,16.8,1,26950
20240226,09:15:10,16.8,350,26950
20240226,09:15:48,18.1,50,26950
20240226,09:15:56,18.1,50,26950
20240226,09:16:13,18.1,50,26950
20240226,09:16:21,16.7,150,26950
20240226,09:16:28,17.45,100,26950
20240226,09:16:50,16.75,150,26950
20240226,09:17:04,16.65,50,26950
20240226,09:17:34,16.65,350,26950
20240226,09:17:41,16.95,100,26950
20240226,09:17:48,16.85,650,26950
20240226,09:17:54,16.9,150,26950
20240226,09:17:57,16.6,150,26950
20240226,09:18:24,16.6,50,26950
20240226,09:18:29,16.65,50,26950
20240226,09:18:30,16.65,100,26950
20240226,09:18:34,16.7,100,26950
20240226,09:18:45,16.35,100,27850
20240226,09:19:00,16.35,50,27850
20240226,09:19:06,16.6,50,27850
20240226,09:20:34,16.6,50,27850
20240226,09:21:09,16.1,50,27850
20240226,09:21:22,15.85,50,27850
20240226,09:21:55,15.85,100,27950
20240226,09:21:57,16.15,50,27950
20240226,09:22:38,16.1,50,27950
20240226,09:23:06,16.2,50,27950
20240226,09:23:08,16.2,200,27950
20240226,09:23:10,16.15,100,27950
20240226,09:23:18,16.15,50,27950
20240226,09:25:06,16.05,50,28000
20240226,09:25:46,16.0,50,28000
20240226,09:25:47,16.0,50,28000
20240226,09:26:45,16.05,50,28000
20240226,09:26:51,15.95,50,28000
20240226,09:27:33,16.2,100,28000
20240226,09:27:59,16.25,800,27850
20240226,09:28:07,16.3,50,27850
20240226,09:29:04,15.75,50,27850
20240226,09:29:35,15.75,100,27850
20240226,09:29:37,15.75,150,27850
20240226,09:29:50,15.75,100,27850
20240226,09:30:18,15.6,50,27850
20240226,09:30:26,15.6,550,27850
20240226,09:31:04,15.6,800,28000
20240226,09:31:16,15.95,50,28000
20240226,09:31:19,16.0,50,28000
20240226,09:31:21,16.0,300,28000
20240226,09:32:17,15.75,50,28000
20240226,09:32:49,15.8,50,28000
20240226,09:35:55,15.65,50,27850
20240226,09:36:00,15.6,50,27850
20240226,09:36:30,15.7,50,27850
20240226,09:36:32,15.85,100,27850
20240226,09:36:37,15.85,50,27850
20240226,09:36:43,15.85,50,27850
20240226,09:37:26,16.0,50,27850
20240226,09:38:25,16.2,50,27850
20240226,09:39:58,15.75,100,27850
20240226,09:40:06,15.55,50,27850
20240226,09:41:00,15.45,50,27850
20240226,09:41:01,15.45,150,27850
20240226,09:41:08,15.45,50,27850
20240226,09:43:04,15.7,50,28050
20240226,09:43:10,15.6,50,28050
20240226,09:43:38,15.6,500,28050
20240226,09:44:10,15.0,150,28050
20240226,09:44:24,14.9,50,28050
20240226,09:44:33,14.75,50,28050
20240226,09:44:49,14.6,100,28050
20240226,09:44:57,14.6,50,28050
20240226,09:45:04,14.15,400,28050
20240226,09:45:13,14.15,50,28050
20240226,09:46:04,14.55,450,28050
20240226,09:46:47,15.1,200,28050
20240226,09:47:42,15.45,100,28050
20240226,09:49:20,15.6,50,28250
20240226,09:49:37,15.65,100,28250
20240226,09:50:11,16.05,50,28250
20240226,09:50:13,16.05,150,28250
20240226,09:50:43,16.35,50,28250
20240226,09:50:56,16.7,50,28250
20240226,09:51:11,16.9,150,28250
20240226,09:52:37,17.75,150,28350
20240226,09:53:35,17.35,750,28350
20240226,09:53:49,17.5,150,28350
20240226,09:54:10,17.5,50,28350
20240226,09:55:29,17.75,50,28350
20240226,09:55:42,17.8,50,28150
20240226,09:56:05,17.7,50,28150
20240226,09:56:09,17.45,200,28150
20240226,09:56:27,18.0,100,28150
20240226,09:56:44,18.25,50,28150
20240226,09:57:11,18.5,50,28150
20240226,09:57:15,18.5,50,28150
20240226,09:58:52,18.95,50,28350
20240226,09:59:07,19.5,750,28350
20240226,09:59:08,19.5,100,28350
20240226,09:59:33,19.0,100,28350
20240226,10:00:00,19.65,100,28350
20240226,10:00:03,19.65,100,28350
20240226,10:00:06,19.95,1900,28350
20240226,10:00:10,19.45,100,28350
20240226,10:00:23,19.6,250,28350
20240226,10:00:26,19.65,50,28350
20240226,10:00:32,19.3,150,28350
20240226,10:00:38,19.0,50,28350
20240226,10:01:00,19.0,100,27250
20240226,10:01:27,19.1,50,27250
20240226,10:02:18,19.15,100,27250
20240226,10:02:23,19.25,50,27250
20240226,10:02:32,19.05,100,27250
20240226,10:02:50,19.0,100,27250
20240226,10:02:52,19.2,50,27250
20240226,10:02:54,19.0,400,27250
20240226,10:02:56,19.1,50,27250
20240226,10:04:10,18.7,250,27000
20240226,10:05:15,19.15,150,27000
20240226,10:06:36,18.65,100,27000
20240226,10:07:02,18.55,50,26850
20240226,10:07:17,18.1,100,26850
20240226,10:09:37,18.1,50,26850
20240226,10:13:40,18.3,50,26800
20240226,10:13:45,18.5,50,26800
20240226,10:14:44,17.95,50,26800
20240226,10:15:14,17.8,1200,26800
20240226,10:15:20,17.95,150,26800
20240226,10:15:25,18.2,300,26800
20240226,10:15:55,18.2,650,28300
20240226,10:16:02,18.3,50,28300
20240226,10:17:01,17.8,50,28300
20240226,10:17:18,18.15,50,28300
20240226,10:18:23,18.45,200,28300
20240226,10:18:24,18.25,50,28300
20240226,10:18:29,18.2,50,28300
20240226,10:18:38,18.4,50,28300
20240226,10:19:59,18.6,50,29050
20240226,10:21:56,18.25,50,29000
20240226,10:22:52,18.4,100,29000
20240226,10:23:08,18.3,50,29000
20240226,10:25:42,18.15,100,29150
20240226,10:25:44,18.35,100,29150
20240226,10:29:47,19.1,100,29150
20240226,10:30:01,19.1,250,29250
20240226,10:30:05,19.0,100,29250
20240226,10:30:06,18.95,50,29250
20240226,10:30:41,19.25,50,29250
20240226,10:31:01,19.15,50,29150
20240226,10:32:04,18.5,50,29150
20240226,10:32:08,18.8,50,29150
20240226,10:32:41,18.3,100,29150
20240226,10:33:00,18.25,50,29150
20240226,10:33:01,18.35,50,29150
20240226,10:33:35,18.35,50,29150
20240226,10:35:03,18.0,50,29300
20240226,10:36:42,18.45,100,29300
20240226,10:36:46,18.3,50,29300
20240226,10:41:28,18.35,50,29150
20240226,10:41:57,18.65,50,29150
20240226,10:42:05,18.65,100,29150
20240226,10:42:55,19.0,50,29150
20240226,10:43:03,19.0,300,29000
20240226,10:45:10,19.35,100,29000
20240226,10:45:31,19.25,100,29000
20240226,10:46:53,19.0,50,28800
20240226,10:50:36,18.7,50,28900
20240226,10:51:33,18.8,200,28900
20240226,10:53:47,19.1,50,28800
20240226,10:53:55,19.15,50,28800
20240226,10:54:02,19.2,50,28800
20240226,10:54:12,19.2,50,28800
20240226,10:55:38,19.5,1200,28950
20240226,10:55:49,19.3,50,28950
20240226,10:56:06,19.4,50,28950
20240226,10:56:09,19.4,50,28950
20240226,10:56:14,19.5,50,28950
20240226,10:56:45,19.4,50,28950
20240226,10:57:22,19.45,100,28950
20240226,10:57:32,19.45,50,28950
20240226,10:57:35,19.3,50,28950
20240226,10:58:39,19.4,50,28900
20240226,10:59:51,19.95,50,28900
20240226,11:00:03,20.6,350,28900
20240226,11:00:13,20.7,50,28900
20240226,11:00:53,20.7,100,28900
20240226,11:01:04,19.95,50,29300
20240226,11:01:36,19.85,350,29300
20240226,11:01:41,19.8,50,29300
20240226,11:01:59,19.8,50,29300
20240226,11:03:43,19.05,150,29300
20240226,11:04:42,19.35,50,29350
20240226,11:05:42,18.95,50,29350
20240226,11:06:05,19.05,100,29350
20240226,11:06:56,19.0,50,29350
20240226,11:08:50,18.45,100,29450
20240226,11:08:55,18.65,50,29450
20240226,11:09:04,18.65,50,29450
20240226,11:09:35,18.65,50,29450
20240226,11:10:05,18.7,50,29300
20240226,11:10:13,18.8,50,29300
20240226,11:10:22,18.9,50,29300
20240226,11:10:37,18.95,100,29300
20240226,11:11:53,19.2,350,29300
20240226,11:12:22,19.3,50,29300
20240226,11:13:55,19.2,50,29200
20240226,11:14:40,19.25,100,29200
20240226,11:16:22,19.15,50,29250
20240226,11:17:22,19.25,50,29250
20240226,11:21:19,19.75,100,29300
20240226,11:21:21,19.65,50,29300
20240226,11:21:32,19.7,50,29300
20240226,11:23:27,19.05,150,29400
20240226,11:25:17,18.9,500,29250
20240226,11:25:34,19.05,250,29250
20240226,11:26:17,18.9,50,29250
20240226,11:27:05,19.05,50,29250
20240226,11:28:10,18.95,50,29900
20240226,11:28:51,18.9,100,29900
20240226,11:29:05,18.9,50,29900
20240226,11:29:07,18.9,50,29900
20240226,11:29:26,18.9,50,29900
20240226,11:29:29,19.05,50,29900
20240226,11:29:40,19.05,50,29900
20240226,11:29:44,19.05,100,29900
20240226,11:32:53,19.45,50,29950
20240226,11:32:55,19.5,50,29950
20240226,11:32:58,19.5,50,29950
20240226,11:33:38,19.45,50,29950
20240226,11:34:16,19.55,50,29650
20240226,11:34:19,19.55,50,29650
20240226,11:35:01,19.7,50,29650
20240226,11:35:16,19.6,50,29650
20240226,11:36:34,20.0,50,29650
20240226,11:37:37,19.8,100,29650
20240226,11:37:42,19.55,50,29650
20240226,11:38:29,19.6,50,29650
20240226,11:38:32,19.55,50,29650
20240226,11:38:34,19.55,50,29650
20240226,11:39:03,19.7,250,29650
20240226,11:41:10,20.0,100,29700
20240226,11:41:11,20.05,100,29700
20240226,11:41:38,20.35,100,29700
20240226,11:42:18,20.25,50,29700
20240226,11:42:28,20.4,50,29700
20240226,11:42:36,20.55,100,29700
20240226,11:42:46,20.65,50,29700
20240226,11:42:53,20.75,50,29700
20240226,11:43:06,20.75,50,29700
20240226,11:43:07,20.7,50,29700
20240226,11:43:15,20.7,50,29550
20240226,11:43:25,20.35,50,29550
20240226,11:43:33,20.25,50,29550
20240226,11:43:38,20.4,50,29550
20240226,11:44:57,19.9,50,29550
20240226,11:45:07,19.8,50,29550
20240226,11:45:11,19.75,50,29550
20240226,11:45:26,19.65,50,29550
20240226,11:47:37,19.45,50,29300
20240226,11:47:57,19.5,50,29300
20240226,11:48:23,19.6,100,29300
20240226,11:49:31,19.95,100,29400
20240226,11:53:15,20.05,50,29300
20240226,11:54:57,21.3,50,29300
20240226,11:55:07,21.8,150,29300
20240226,11:55:51,21.8,50,29500
20240226,11:56:42,21.25,50,29500
20240226,11:57:52,20.95,50,29500
20240226,12:00:00,20.55,150,29550
20240226,12:00:14,20.3,2500,29550
20240226,12:00:31,20.35,100,29550
20240226,12:00:38,20.55,300,29550
20240226,12:00:41,20.6,500,29550
20240226,12:00:45,20.4,150,29550
20240226,12:00:51,20.55,50,29550
20240226,12:01:01,20.6,50,29550
20240226,12:01:08,20.6,50,29550
20240226,12:01:16,20.4,650,31950
20240226,12:01:35,20.35,50,31950
20240226,12:01:36,20.3,50,31950
20240226,12:03:28,20.3,50,31950
20240226,12:03:46,20.25,50,31950
20240226,12:03:56,20.35,50,31950
20240226,12:04:03,20.55,100,31950
20240226,12:04:11,20.45,50,32000
20240226,12:04:18,20.35,50,32000
20240226,12:05:27,20.9,350,32000
20240226,12:07:45,20.85,50,32000
20240226,12:07:48,20.9,50,32000
20240226,12:07:50,20.9,100,32000
20240226,12:07:53,20.9,50,32000
20240226,12:09:47,20.9,100,32000
20240226,12:10:54,21.1,50,32300
20240226,12:11:05,21.2,100,32300
20240226,12:11:25,21.45,50,32300
20240226,12:11:52,21.05,50,32300
20240226,12:16:54,21.45,50,32300
20240226,12:16:55,21.45,50,32250
20240226,12:17:26,21.75,300,32250
20240226,12:19:00,22.95,50,32250
20240226,12:19:09,23.1,50,32250
20240226,12:19:17,23.1,50,32350
20240226,12:19:55,22.65,100,32350
20240226,12:20:00,22.8,50,32350
20240226,12:20:16,22.4,50,32350
20240226,12:21:15,22.35,100,32350
20240226,12:21:20,22.35,350,32350
20240226,12:21:22,22.4,50,32350
20240226,12:22:09,22.3,50,32350
20240226,12:22:45,22.0,50,32350
20240226,12:22:59,21.95,50,32350
20240226,12:23:04,22.0,250,32350
20240226,12:25:56,21.65,50,32300
20240226,12:26:55,20.8,100,32300
20240226,12:27:18,20.45,50,32300
20240226,12:27:40,19.45,150,32300
20240226,12:32:17,20.45,50,32350
20240226,12:32:27,20.5,50,32350
20240226,12:33:02,20.65,150,32350
20240226,12:33:05,20.65,50,32350
20240226,12:33:19,20.6,250,32350
20240226,12:33:26,20.6,750,32350
20240226,12:34:59,20.2,50,32300
20240226,12:35:28,20.55,100,32300
20240226,12:35:34,20.55,100,32300
20240226,12:36:47,20.7,100,32300
20240226,12:37:02,20.85,200,32300
20240226,12:37:39,21.05,150,32600
20240226,12:37:46,20.85,200,32600
20240226,12:38:17,20.85,50,32600
20240226,12:40:40,20.45,50,32700
20240226,12:41:25,20.65,50,32700
20240226,12:41:39,20.6,200,32700
20240226,12:42:01,20.35,50,32700
20240226,12:43:37,20.35,50,32950
20240226,12:43:40,20.35,150,32950
20240226,12:43:43,20.25,50,32950
20240226,12:43:56,20.25,100,32950
20240226,12:44:14,20.35,50,32950
20240226,12:44:47,20.75,50,32950
20240226,12:45:40,20.8,50,32950
20240226,12:46:28,20.85,50,33050
20240226,12:47:03,20.55,50,33050
20240226,12:55:03,20.2,100,33000
20240226,12:55:47,19.9,100,32950
20240226,12:56:31,19.8,650,32950
20240226,12:56:34,20.0,100,32950
20240226,12:57:18,20.0,250,32950
20240226,12:57:25,19.95,50,32950
20240226,12:57:46,19.45,50,32950
20240226,12:57:48,19.25,50,32950
20240226,12:57:54,19.35,50,32950
20240226,12:58:07,19.0,50,32950
20240226,12:58:25,18.35,50,32950
20240226,12:58:30,18.0,250,32950
20240226,12:58:55,18.05,150,32950
20240226,13:01:54,18.2,50,32950
20240226,13:02:01,18.05,50,32950
20240226,13:02:29,18.3,50,32950
20240226,13:08:15,17.35,200,32950
20240226,13:09:06,17.0,550,32950
20240226,13:09:22,16.85,50,32950
20240226,13:11:20,15.9,50,32300
20240226,13:11:39,15.7,50,32300
20240226,13:11:48,15.55,50,32300
20240226,13:12:16,15.65,50,32300
20240226,13:12:36,15.5,50,32300
20240226,13:13:35,15.8,50,32300
20240226,13:13:56,15.9,50,32300
20240226,13:14:22,15.95,50,32300
20240226,13:14:45,15.85,50,32300
20240226,13:15:18,15.85,50,32300
20240226,13:15:32,15.65,50,32300
20240226,13:15:43,15.8,500,32300
20240226,13:15:48,15.75,100,32300
20240226,13:15:50,15.8,50,32300
20240226,13:16:22,15.55,50,32400
20240226,13:16:44,15.2,50,32400
20240226,13:16:46,15.1,50,32400
20240226,13:16:54,14.9,150,32400
20240226,13:17:02,14.8,150,32400
20240226,13:22:59,15.85,100,32750
20240226,13:23:36,15.9,100,32750
20240226,13:23:48,15.85,250,32750
20240226,13:24:04,15.85,50,32750
20240226,13:24:11,15.9,50,32750
20240226,13:24:32,15.85,50,32750
20240226,13:24:50,15.95,250,32750
20240226,13:25:29,15.9,150,32450
20240226,13:25:43,15.75,50,32450
20240226,13:27:16,15.2,50,32450
20240226,13:27:23,15.25,50,32450
20240226,13:30:04,15.45,2000,32500
20240226,13:30:47,15.7,50,32500
20240226,13:30:59,15.75,100,32500
20240226,13:31:27,15.95,50,34500
20240226,13:31:35,15.85,500,34500
20240226,13:31:36,16.0,1000,34500
20240226,13:31:45,16.1,50,34500
20240226,13:31:54,16.35,50,34500
20240226,13:32:03,16.7,100,34500
20240226,13:32:34,16.75,100,34500
20240226,13:33:17,16.7,50,34500
20240226,13:33:55,16.4,100,34500
20240226,13:34:33,16.35,250,36000
20240226,13:35:57,16.05,50,36000
20240226,13:36:01,16.05,100,36000
20240226,13:36:47,16.1,50,36000
20240226,13:37:15,16.1,150,36000
20240226,13:38:08,16.1,50,36200
20240226,13:38:34,15.9,50,36200
20240226,13:39:09,16.3,50,36200
20240226,13:39:37,16.75,50,36200
20240226,13:40:07,16.5,50,36200
20240226,13:40:23,16.3,50,36200
20240226,13:41:12,16.3,50,36200
20240226,13:41:14,16.2,50,36200
20240226,13:41:21,16.35,350,36200
20240226,13:41:57,16.05,50,36200
20240226,13:42:07,16.2,100,36200
20240226,13:43:15,16.6,50,36200
20240226,13:43:28,16.7,100,36300
20240226,13:43:39,16.45,50,36300
20240226,13:44:53,16.75,50,36300
20240226,13:46:02,16.7,50,36300
20240226,13:47:11,15.95,50,36250
20240226,13:47:29,15.7,100,36250
20240226,13:47:46,15.3,100,36250
20240226,13:48:02,15.15,50,36250
20240226,13:48:04,15.3,50,36250
20240226,13:49:00,15.15,50,36250
20240226,13:49:12,15.3,50,36250
20240226,13:49:33,15.0,300,36250
20240226,13:49:35,14.9,150,36350
20240226,13:49:50,15.0,50,36350
20240226,13:50:01,15.0,50,36350
20240226,13:50:09,14.85,300,36350
20240226,13:50:11,15.0,50,36350
20240226,13:51:01,15.25,50,36350
20240226,13:53:02,15.4,50,36350
20240226,13:53:03,15.2,150,36350
20240226,13:53:18,15.2,200,36350
20240226,13:55:10,14.75,50,36350
20240226,13:55:47,15.05,50,36500
20240226,13:56:20,15.2,50,36500
20240226,13:57:22,15.5,150,36500
20240226,13:57:32,15.5,50,36500
20240226,13:58:09,15.4,50,36500
20240226,13:59:01,15.45,50,36650
20240226,13:59:03,15.4,50,36650
20240226,13:59:12,15.4,50,36650
20240226,14:00:08,15.0,50,36650
20240226,14:01:01,15.0,150,36650
20240226,14:01:45,15.05,50,36700
20240226,14:02:23,15.25,50,36700
20240226,14:02:51,15.4,50,36700
20240226,14:03:40,15.1,50,36700
20240226,14:04:59,15.25,50,36650
20240226,14:05:22,15.25,50,36650
20240226,14:07:09,14.6,150,36650
20240226,14:07:13,14.6,50,36650
20240226,14:08:03,14.35,50,36650
20240226,14:08:06,14.35,50,36650
20240226,14:08:16,14.2,100,36650
20240226,14:11:21,14.65,50,36900
20240226,14:11:47,14.8,50,36900
20240226,14:13:41,14.95,50,37000
20240226,14:14:00,14.95,50,37000
20240226,14:14:16,15.05,50,37000
20240226,14:14:55,15.0,100,37000
20240226,14:15:13,15.25,150,37000
20240226,14:15:19,15.2,50,37000
20240226,14:15:37,15.3,50,37000
20240226,14:16:02,15.5,50,37000
20240226,14:16:20,15.45,500,37000
20240226,14:16:59,15.4,50,36800
20240226,14:19:06,15.05,50,36800
20240226,14:21:11,14.7,50,36850
20240226,14:22:14,14.35,50,36850
20240226,14:22:52,14.2,50,36850
20240226,14:22:56,14.2,50,36850
20240226,14:23:00,14.2,50,36850
20240226,14:23:24,13.95,200,36850
20240226,14:23:38,13.9,100,36850
20240226,14:24:02,13.75,1000,36850
20240226,14:24:09,13.7,100,36850
20240226,14:24:16,13.75,200,36850
20240226,14:24:22,13.75,150,36850
20240226,14:24:27,13.75,200,36850
20240226,14:24:39,13.95,350,36850
20240226,14:25:04,14.1,50,36850
20240226,14:25:14,14.1,50,36850
20240226,14:25:17,14.15,50,36850
20240226,14:25:20,14.25,50,36850
20240226,14:25:25,14.25,950,36850
20240226,14:25:32,14.3,50,35750
20240226,14:26:20,14.65,50,35750
20240226,14:26:23,14.7,50,35750
20240226,14:26:46,14.8,50,35750
20240226,14:30:02,14.6,50,35850
20240226,14:30:36,14.5,50,35850
20240226,14:30:54,14.55,50,35850
20240226,14:31:50,14.45,50,35750
20240226,14:31:55,14.5,50,35750
20240226,14:32:28,14.75,1000,35750
20240226,14:32:47,14.85,50,35750
20240226,14:33:14,14.7,50,35750
20240226,14:34:06,14.55,50,35750
20240226,14:34:38,15.0,400,34850
20240226,14:34:39,14.95,50,34850
20240226,14:34:46,15.05,150,34850
20240226,14:34:48,15.2,50,34850
20240226,14:34:53,15.1,100,34850
20240226,14:35:14,15.05,50,34850
20240226,14:35:22,15.2,50,34850
20240226,14:35:44,15.4,150,34850
20240226,14:35:45,15.3,50,34850
20240226,14:35:53,15.25,50,34850
20240226,14:35:55,15.15,50,34850
20240226,14:36:02,15.25,100,34850
20240226,14:36:21,14.95,50,34850
20240226,14:36:47,14.9,50,34850
20240226,14:38:25,15.05,100,35300
20240226,14:38:30,15.1,350,35300
20240226,14:38:32,15.1,1050,35300
20240226,14:38:37,15.15,100,35300
20240226,14:38:40,15.1,1250,35300
20240226,14:38:41,15.2,250,35300
20240226,14:38:43,15.15,150,35300
20240226,14:38:48,15.1,150,35300
20240226,14:38:49,15.15,450,35300
20240226,14:38:51,15.15,350,35300
20240226,14:38:53,15.15,450,35300
20240226,14:38:56,15.35,100,35300
20240226,14:38:57,15.55,250,35300
20240226,14:38:59,15.45,450,35300
20240226,14:39:01,15.45,150,35300
20240226,14:39:02,15.4,900,35300
20240226,14:39:04,15.45,100,35300
20240226,14:39:06,15.5,150,35300
20240226,14:39:07,15.4,800,35300
20240226,14:39:09,15.45,350,35300
20240226,14:39:11,15.35,250,35300
20240226,14:39:12,15.35,300,35300
20240226,14:39:14,15.4,50,35300
20240226,14:39:16,15.45,300,35300
20240226,14:39:17,15.5,100,35300
20240226,14:39:19,15.5,150,35300
20240226,14:39:21,15.55,200,35300
20240226,14:39:22,15.5,350,35300
20240226,14:39:25,15.4,350,35300
20240226,14:39:27,15.45,100,35300
20240226,14:39:29,15.5,50,35300
20240226,14:39:31,15.6,100,35300
20240226,14:39:32,15.7,100,35300
20240226,14:39:34,15.6,100,35300
20240226,14:39:36,15.6,150,35300
20240226,14:39:37,15.6,50,35300
20240226,14:39:44,15.8,250,35300
20240226,14:39:45,15.75,350,35300
20240226,14:39:47,15.75,150,35300
20240226,14:39:49,15.7,50,35300
20240226,14:39:50,15.85,100,35300
20240226,14:39:53,15.75,50,35300
20240226,14:39:55,15.75,100,35300
20240226,14:39:56,15.75,100,35300
20240226,14:39:58,15.65,150,35300
20240226,14:40:04,15.6,100,35300
20240226,14:40:06,15.65,50,35300
20240226,14:40:07,15.65,100,35300
20240226,14:40:09,15.65,250,35300
20240226,14:40:11,15.6,100,35300
20240226,14:40:15,15.55,50,35300
20240226,14:40:17,15.55,50,35300
20240226,14:40:19,15.6,300,35300
20240226,14:40:20,15.5,100,35300
20240226,14:40:22,15.5,50,35300
20240226,14:40:25,15.65,250,35300
20240226,14:40:27,15.8,150,35300
20240226,14:40:28,15.8,50,35300
20240226,14:40:33,15.65,50,38100
20240226,14:40:44,15.55,50,38100
20240226,14:40:49,15.7,50,38100
20240226,14:40:56,15.65,50,38100
20240226,14:41:05,15.65,50,38100
20240226,14:41:07,15.6,50,38100
20240226,14:41:25,15.45,50,38100
20240226,14:41:35,15.45,50,38100
20240226,14:41:36,15.5,50,38100
20240226,14:41:38,15.5,300,38100
20240226,14:41:41,15.65,100,38100
20240226,14:41:51,15.75,250,38100
20240226,14:42:03,15.7,100,38100
20240226,14:42:06,15.7,50,38100
20240226,14:42:09,15.65,50,38100
20240226,14:42:14,15.6,50,38100
20240226,14:42:16,15.5,200,38100
20240226,14:42:19,15.55,50,38100
20240226,14:42:21,15.55,50,38100
20240226,14:42:24,15.55,100,38100
20240226,14:42:26,15.5,100,38100
20240226,14:42:34,15.7,100,38100
20240226,14:42:41,15.55,50,38100
20240226,14:42:49,15.65,50,38100
20240226,14:42:54,15.55,50,38100
20240226,14:43:03,15.8,100,38100
20240226,14:43:08,15.8,50,38100
20240226,14:43:21,15.75,100,38100
20240226,14:43:23,15.75,200,38100
20240226,14:43:24,15.75,50,38100
20240226,14:43:29,15.8,50,38100
20240226,14:43:34,15.7,150,39900
20240226,14:43:36,15.75,50,39900
20240226,14:43:37,15.8,100,39900
20240226,14:43:39,15.7,50,39900
20240226,14:43:41,15.7,50,39900
20240226,14:43:45,15.85,50,39900
20240226,14:43:50,15.65,250,39900
20240226,14:43:52,15.7,50,39900
20240226,14:44:02,15.65,50,39900
20240226,14:44:04,15.7,150,39900
20240226,14:44:09,15.85,100,39900
20240226,14:44:20,15.75,50,39900
20240226,14:44:25,15.75,50,39900
20240226,14:44:27,15.75,50,39900
20240226,14:44:35,15.95,100,39900
20240226,14:44:46,15.85,50,39900
20240226,14:44:54,15.85,100,39900
20240226,14:44:56,15.8,100,39900
20240226,14:45:01,15.85,50,39900
20240226,14:45:02,15.85,50,39900
20240226,14:45:07,15.9,150,39900
20240226,14:45:10,16.0,50,39900
20240226,14:45:14,16.0,150,39900
20240226,14:45:15,16.0,300,39900
20240226,14:45:20,15.95,50,39900
20240226,14:45:22,16.0,50,39900
20240226,14:45:23,16.1,100,39900
20240226,14:45:30,16.0,50,39900
20240226,14:45:31,16.0,150,39900
20240226,14:45:35,15.95,150,39900
20240226,14:45:38,15.8,50,39900
20240226,14:45:41,15.9,50,39900
20240226,14:45:43,15.9,50,39900
20240226,14:46:03,15.9,100,39900
20240226,14:46:16,15.8,350,39900
20240226,14:46:17,15.9,150,39900
20240226,14:46:32,15.85,50,39900
20240226,14:46:35,15.85,150,40700
20240226,14:46:37,15.85,100,40700
20240226,14:46:40,15.85,100,40700
20240226,14:46:42,15.95,150,40700
20240226,14:46:43,15.9,200,40700
20240226,14:46:52,15.85,50,40700
20240226,14:47:30,15.5,50,40700
20240226,14:47:41,15.5,100,40700
20240226,14:48:11,15.6,100,40700
20240226,14:48:23,15.7,100,40700
20240226,14:48:26,15.8,150,40700
20240226,14:48:31,15.75,150,40700
20240226,14:48:34,15.9,100,40700
20240226,14:48:38,15.8,400,40700
20240226,14:48:43,15.9,100,40700
20240226,14:48:44,15.9,50,40700
20240226,14:48:46,15.95,150,40700
20240226,14:48:47,16.15,850,40700
20240226,14:48:49,16.25,50,40700
20240226,14:48:54,16.35,200,40700
20240226,14:48:56,16.4,100,40700
20240226,14:48:57,16.45,100,40700
20240226,14:48:59,16.2,250,40700
20240226,14:49:01,16.35,250,40700
20240226,14:49:02,16.45,100,40700
20240226,14:49:04,16.4,200,40700
20240226,14:49:06,16.35,50,40700
20240226,14:49:07,16.4,50,40700
20240226,14:49:09,16.25,100,40700
20240226,14:49:10,16.3,150,40700
20240226,14:49:12,16.25,150,40700
20240226,14:49:14,16.25,400,40700
20240226,14:49:17,16.3,100,40700
20240226,14:49:19,16.25,100,40700
20240226,14:49:22,16.45,300,40700
20240226,14:49:23,16.55,100,40700
20240226,14:49:25,16.55,50,40700
20240226,14:49:27,16.55,300,40700
20240226,14:49:28,16.8,250,40700
20240226,14:49:30,16.75,200,40700
20240226,14:49:32,16.8,300,40700
20240226,14:49:33,16.7,250,45100
20240226,14:49:35,16.65,300,45100
20240226,14:49:37,16.8,100,45100
20240226,14:49:38,16.7,100,45100
20240226,14:49:40,16.7,150,45100
20240226,14:49:42,16.65,200,45100
20240226,14:49:43,16.65,100,45100
20240226,14:49:45,16.6,200,45100
20240226,14:49:47,16.6,100,45100
20240226,14:49:50,16.65,300,45100
20240226,14:49:52,16.55,200,45100
20240226,14:49:53,16.55,50,45100
20240226,14:49:55,16.55,250,45100
20240226,14:49:56,16.65,150,45100
20240226,14:49:58,16.65,200,45100
20240226,14:50:00,16.7,600,45100
20240226,14:50:01,16.8,250,45100
20240226,14:50:03,16.85,100,45100
20240226,14:50:04,16.9,50,45100
20240226,14:50:06,16.7,500,45100
20240226,14:50:08,16.8,100,45100
20240226,14:50:13,16.7,50,45100
20240226,14:50:15,16.7,100,45100
20240226,14:50:23,16.7,300,45100
20240226,14:50:24,16.55,150,45100
20240226,14:50:28,16.55,50,45100
20240226,14:50:29,16.6,100,45100
20240226,14:50:33,16.75,50,45100
20240226,14:50:42,16.75,300,45100
20240226,14:50:47,16.9,50,45100
20240226,14:50:49,16.85,50,45100
20240226,14:50:57,16.95,150,45100
20240226,14:50:59,16.9,100,45100
20240226,14:51:00,16.95,50,45100
20240226,14:51:02,17.15,100,45100
20240226,14:51:05,16.95,150,45100
20240226,14:51:12,17.05,50,45100
20240226,14:51:14,17.1,100,45100
20240226,14:51:28,16.6,150,45100
20240226,14:51:43,16.75,150,45100
20240226,14:51:46,16.95,50,45100
20240226,14:52:28,16.95,50,45100
20240226,14:53:55,16.65,250,47800
20240226,14:53:57,16.75,650,47800
20240226,14:54:14,17.1,50,47800
20240226,14:54:35,17.3,250,47800
20240226,14:54:38,17.1,300,47800
20240226,14:54:45,17.15,150,47800
20240226,14:55:14,17.4,50,47800
20240226,14:55:19,17.35,100,47800
20240226,14:55:22,17.3,400,47800
20240226,14:56:03,17.25,150,47550
20240226,14:56:23,17.4,50,47550
20240226,14:57:07,17.05,150,47550
20240226,14:57:27,17.05,400,47550
20240226,14:57:28,16.9,350,47550
20240226,14:58:01,16.9,100,47550
20240226,14:59:26,16.8,150,46650
20240226,14:59:27,17.1,100,46650
20240226,14:59:34,17.2,50,46650
20240226,14:59:53,17.55,150,46650
20240226,15:00:01,17.15,150,46650
20240226,15:00:05,17.15,50,46650
20240226,15:00:10,17.15,50,46650
20240226,15:00:13,17.3,50,46650
20240226,15:00:28,17.55,100,46650
20240226,15:00:33,17.65,250,46650
20240226,15:00:46,17.3,50,46650
20240226,15:00:49,17.2,50,46650
20240226,15:00:53,17.3,100,46650
20240226,15:00:54,17.2,50,46650
20240226,15:01:13,17.6,250,46650
20240226,15:01:18,17.6,50,46650
20240226,15:01:26,17.4,50,46650
20240226,15:01:28,17.35,100,46650
20240226,15:01:33,17.25,100,46650
20240226,15:01:48,16.75,350,47100
20240226,15:01:49,16.55,50,47100
20240226,15:01:53,16.5,100,47100
20240226,15:01:56,16.15,100,47100
20240226,15:02:02,15.8,100,47100
20240226,15:02:04,15.8,150,47100
20240226,15:02:06,15.8,100,47100
20240226,15:02:11,15.85,150,47100
20240226,15:02:29,15.55,50,47100
20240226,15:02:57,15.25,1000,47100
20240226,15:03:02,15.05,550,47100
20240226,15:03:07,14.95,50,47100
20240226,15:03:14,15.55,100,47100
20240226,15:03:15,15.45,50,47100
20240226,15:03:30,15.7,50,47100
20240226,15:03:38,15.85,150,47100
20240226,15:03:42,15.85,50,47100
20240226,15:03:54,15.95,550,47100
20240226,15:03:55,15.95,50,47100
20240226,15:04:13,16.15,50,47100
20240226,15:04:20,16.0,50,47100
20240226,15:04:43,15.7,350,47450
20240226,15:04:45,15.8,50,47450
20240226,15:04:47,16.0,500,47450
20240226,15:05:03,16.0,50,47450
20240226,15:05:29,16.15,50,47450
20240226,15:05:41,16.05,100,47450
20240226,15:05:44,16.25,50,47450
20240226,15:05:46,16.3,100,47450
20240226,15:05:47,16.25,50,47450
20240226,15:05:51,16.25,50,47450
20240226,15:06:11,16.15,50,47450
20240226,15:06:12,16.2,100,47450
20240226,15:06:16,16.15,50,47450
20240226,15:06:17,16.15,150,47450
20240226,15:06:19,16.15,50,47450
20240226,15:06:31,15.9,50,47450
20240226,15:06:44,16.0,50,47450
20240226,15:06:55,15.8,50,47450
20240226,15:07:21,16.05,50,47450
20240226,15:07:27,16.05,50,47450
20240226,15:07:48,16.25,50,48050
20240226,15:08:10,16.3,150,48050
20240226,15:08:20,16.25,50,48050
20240226,15:08:31,16.3,100,48050
20240226,15:08:46,16.15,150,48050
20240226,15:08:54,16.2,100,48050
20240226,15:09:06,16.1,50,48050
20240226,15:09:22,16.15,150,48050
20240226,15:09:36,16.1,350,48050
20240226,15:09:37,16.1,50,48050
20240226,15:10:00,16.1,150,48050
20240226,15:10:03,16.15,50,48050
20240226,15:10:07,16.1,200,48050
20240226,15:10:12,16.15,50,48050
20240226,15:10:35,16.25,50,48050
20240226,15:10:48,16.3,50,47750
20240226,15:11:18,16.25,50,47750
20240226,15:11:20,16.25,50,47750
20240226,15:11:25,16.25,100,47750
20240226,15:11:30,16.25,50,47750
20240226,15:11:36,16.25,50,47750
20240226,15:11:45,15.95,50,47750
20240226,15:12:01,16.0,200,47750
20240226,15:12:03,15.95,250,47750
20240226,15:12:21,15.95,50,47750
20240226,15:12:24,16.05,100,47750
20240226,15:12:31,16.0,50,47750
20240226,15:12:51,15.95,50,47750
20240226,15:13:22,15.95,50,47750
20240226,15:13:29,15.95,50,47750
20240226,15:14:10,16.1,50,47700
20240226,15:14:11,16.0,300,47700
20240226,15:14:15,15.95,400,47700
20240226,15:14:16,16.05,50,47700
20240226,15:14:33,15.8,50,47700
20240226,15:14:36,15.85,50,47700
20240226,15:14:39,15.85,50,47700
20240226,15:14:49,15.9,50,47700
20240226,15:15:02,15.9,50,47700
20240226,15:15:32,16.1,50,47700
20240226,15:15:49,16.1,50,47700
20240226,15:15:50,16.1,100,47700
20240226,15:15:52,16.1,50,47700
20240226,15:16:13,16.2,50,47700
20240226,15:16:43,16.4,100,47000
20240226,15:16:44,16.35,50,47000
20240226,15:16:56,16.35,50,47000
20240226,15:17:27,16.5,50,47000
20240226,15:18:08,16.5,150,47000
20240226,15:18:41,16.85,50,47000
20240226,15:18:49,16.9,150,47000
20240226,15:18:54,16.8,50,47000
20240226,15:19:12,16.6,150,47000
20240226,15:19:34,16.5,50,47000
20240226,15:19:37,16.5,50,47000
20240226,15:20:09,16.2,250,46000
20240226,15:20:17,16.5,150,46000
20240226,15:20:51,16.7,100,46000
20240226,15:20:52,16.8,300,46000
20240226,15:21:45,16.75,200,46000
20240226,15:22:05,16.75,50,46000
20240226,15:22:33,16.75,50,46000
20240226,15:23:12,16.55,300,46650
20240226,15:24:05,16.6,100,46650
20240226,15:24:17,16.6,200,46650
20240226,15:24:56,16.4,100,46650
20240226,15:25:30,16.5,300,46650
20240226,15:25:34,16.35,450,46650
20240226,15:25:43,16.1,1700,46700
20240226,15:25:48,16.0,50,46700
20240226,15:26:37,15.9,50,46700
20240226,15:27:02,15.95,50,46700
20240226,15:27:16,16.0,250,46700
20240226,15:27:23,16.0,50,46700
20240226,15:27:33,16.05,50,46700
20240226,15:27:38,16.05,50,46700
20240226,15:27:46,16.05,50,46700
20240226,15:27:49,16.05,250,46700
20240226,15:27:51,16.05,150,46700
20240226,15:27:58,16.05,50,46700
20240226,15:28:05,15.9,50,46700
20240226,15:28:06,15.9,50,46700
20240226,15:28:09,15.9,100,46700
20240226,15:28:28,16.0,50,46700
20240226,15:28:46,15.9,50,44950
20240226,15:29:02,15.9,50,44950
20240227,09:16:33,16.05,1,44900
20240227,09:16:33,16.0,200,44900
20240227,09:17:02,17.9,1800,44900
20240227,09:17:20,17.5,100,44900
20240227,09:17:29,17.75,150,44900
20240227,09:17:38,17.8,300,44900
20240227,09:17:58,17.7,150,44900
20240227,09:18:07,17.45,50,44900
20240227,09:18:18,17.5,50,44900
20240227,09:18:27,17.4,50,44900
20240227,09:18:35,17.3,1100,44900
20240227,09:19:01,17.45,50,45550
20240227,09:19:21,17.95,50,45550
20240227,09:19:39,17.95,50,45550
20240227,09:19:56,18.15,100,45550
20240227,09:20:04,18.15,150,45550
20240227,09:20:39,17.55,500,45550
20240227,09:21:05,17.85,150,45550
20240227,09:22:11,17.2,100,45650
20240227,09:23:26,16.65,100,45650
20240227,09:23:44,16.9,100,45650
20240227,09:23:53,16.9,400,45650
20240227,09:24:45,16.85,150,45650
20240227,09:24:54,16.8,300,45700
20240227,09:25:10,16.75,50,45700
20240227,09:26:32,16.7,200,45700
20240227,09:26:41,16.4,250,45700
20240227,09:26:59,16.05,100,45700
20240227,09:27:09,16.0,550,45700
20240227,09:29:53,16.7,50,46100
20240227,09:30:10,16.75,300,46100
20240227,09:30:30,17.05,200,46100
20240227,09:30:40,17.0,200,46100
20240227,09:31:34,17.2,1000,45850
20240227,09:31:43,17.1,50,45850
20240227,09:31:51,17.1,150,45850
20240227,09:32:36,16.7,100,45850
20240227,09:32:53,16.4,50,45850
20240227,09:33:02,16.3,50,45850
20240227,09:33:10,16.3,150,45850
20240227,09:33:45,16.65,50,45850
20240227,09:34:28,16.2,100,46750
20240227,09:34:48,16.45,450,46750
20240227,09:35:58,16.55,150,46750
20240227,09:36:16,16.55,250,46750
20240227,09:36:33,16.65,100,46750
20240227,09:36:59,16.8,250,46250
20240227,09:37:26,16.8,50,46250
20240227,09:37:34,16.8,50,46250
20240227,09:37:51,16.65,200,46250
20240227,09:37:58,16.6,600,46250
20240227,09:38:47,16.6,300,46250
20240227,09:38:56,16.5,50,46250
20240227,09:39:04,16.3,50,46250
20240227,09:39:30,16.1,1050,46250
20240227,09:39:40,15.9,150,46250
20240227,09:39:49,15.9,100,46250
20240227,09:39:56,16.05,50,46600
20240227,09:40:03,15.85,50,46600
20240227,09:40:11,15.75,50,46600
20240227,09:40:28,15.7,150,46600
20240227,09:40:35,15.7,100,46600
20240227,09:40:36,15.65,100,46600
20240227,09:41:05,15.65,50,46600
20240227,09:41:32,15.9,50,46600
20240227,09:42:04,16.25,100,46600
20240227,09:42:14,16.3,50,46600
20240227,09:42:57,16.4,100,46550
20240227,09:43:14,16.45,50,46550
20240227,09:44:41,16.6,100,46550
20240227,09:45:38,16.25,50,46550
20240227,09:46:11,16.45,550,46500
20240227,09:46:20,16.35,50,46500
20240227,09:47:16,16.4,50,46500
20240227,09:47:31,16.45,50,46500
20240227,09:48:19,16.15,50,46500
20240227,09:48:35,16.3,50,46500
20240227,09:50:03,15.9,50,46200
20240227,09:50:11,15.75,350,46200
20240227,09:50:51,15.85,50,46200
20240227,09:51:06,15.95,150,46200
20240227,09:51:47,16.15,100,46200
20240227,09:52:35,16.2,50,45650
20240227,09:53:35,16.5,200,45650
20240227,09:54:26,16.25,50,45650
20240227,09:54:34,16.25,50,45650
20240227,09:55:28,16.85,350,45700
20240227,09:55:54,16.8,300,45700
20240227,09:56:19,16.6,50,45700
20240227,09:56:50,16.85,50,45700
20240227,09:57:40,16.5,150,45700
20240227,09:58:16,16.3,50,45550
20240227,10:00:22,16.05,50,45550
20240227,10:01:45,15.4,50,45550
20240227,10:01:53,15.25,100,45550
20240227,10:02:39,15.25,50,45550
20240227,10:02:47,15.5,50,45550
20240227,10:03:52,15.8,250,45550
20240227,10:03:59,15.8,100,45550
20240227,10:04:13,15.8,100,45550
20240227,10:04:19,15.8,250,45550
20240227,10:05:39,15.75,50,45550
20240227,10:05:58,15.9,100,45550
20240227,10:06:17,16.25,100,45550
20240227,10:07:40,16.6,50,45150
20240227,10:07:55,16.7,50,45150
20240227,10:08:02,16.65,100,45150
20240227,10:08:11,16.75,50,45150
20240227,10:09:01,16.5,100,45150
20240227,10:09:15,16.85,400,45150
20240227,10:09:54,16.75,50,45150
20240227,10:11:12,16.1,100,45550
20240227,10:11:27,16.35,50,45550
20240227,10:12:24,16.3,50,45550
20240227,10:13:19,16.75,50,45550
20240227,10:13:29,16.85,600,45550
20240227,10:13:38,16.9,400,45550
20240227,10:13:47,16.9,50,45550
20240227,10:14:29,16.9,50,45550
20240227,10:14:37,16.9,200,45550
20240227,10:15:11,17.1,50,45550
20240227,10:15:27,16.7,50,45550
20240227,10:15:35,16.65,50,45550
20240227,10:15:52,16.3,50,45550
20240227,10:16:09,16.45,50,45400
20240227,10:16:48,16.2,50,45400
20240227,10:18:16,16.2,50,45400
20240227,10:18:44,16.15,50,45400
20240227,10:18:51,16.15,50,45400
20240227,10:18:58,16.2,50,45400
20240227,10:19:23,16.45,50,45450
20240227,10:19:36,16.45,50,45450
20240227,10:19:59,16.4,50,45450
20240227,10:21:27,17.05,50,45450
20240227,10:21:35,17.0,50,45450
20240227,10:21:53,17.15,50,45450
20240227,10:24:10,17.5,50,45550
20240227,10:24:19,17.35,50,45550
20240227,10:24:34,17.45,50,45550
20240227,10:24:41,17.35,50,45550
20240227,10:24:49,17.3,100,45550
20240227,10:25:11,17.1,50,45400
20240227,10:26:24,16.65,100,45400
20240227,10:28:43,16.8,50,45500
20240227,10:28:50,16.8,50,45500
20240227,10:30:44,17.25,100,45500
20240227,10:31:19,17.25,50,45350
20240227,10:31:33,17.2,50,45350
20240227,10:33:42,16.9,100,45350
20240227,10:34:07,17.05,100,45200
20240227,10:35:50,16.25,100,45200
20240227,10:36:42,16.25,50,45200
20240227,10:38:48,16.5,50,45300
20240227,10:39:31,16.2,50,45300
20240227,10:39:49,16.25,50,45300
20240227,10:40:12,16.35,50,45250
20240227,10:40:46,16.45,50,45250
20240227,10:41:11,16.55,50,45250
20240227,10:41:52,16.6,50,45250
20240227,10:44:14,16.1,50,45150
20240227,10:44:28,16.15,600,45150
20240227,10:45:11,15.6,50,45150
20240227,10:45:49,15.5,100,45150
20240227,10:48:32,15.4,50,45950
20240227,10:48:45,15.5,50,45950
20240227,10:48:58,15.5,50,45950
20240227,10:49:04,15.55,50,45950
20240227,10:49:37,15.65,50,46050
20240227,10:50:09,15.55,200,46050
20240227,10:51:03,15.45,100,46050
20240227,10:52:23,15.3,50,46250
20240227,10:56:38,15.3,50,46150
20240227,10:59:21,15.3,50,46200
20240227,11:00:06,15.0,50,46200
20240227,11:00:16,14.85,350,46200
20240227,11:01:08,14.85,50,46200
20240227,11:01:25,14.7,50,46350
20240227,11:01:32,14.7,50,46350
20240227,11:01:48,15.1,50,46350
20240227,11:02:38,14.95,50,46350
20240227,11:04:48,15.15,100,46250
20240227,11:04:55,15.2,100,46250
20240227,11:05:01,15.2,1950,46250
20240227,11:05:07,15.25,300,46250
20240227,11:05:14,15.2,1750,46250
20240227,11:05:21,15.2,1700,46250
20240227,11:05:29,15.25,500,46250
20240227,11:05:37,15.25,850,46250
20240227,11:05:44,15.4,1100,46250
20240227,11:05:51,15.45,300,46250
20240227,11:05:59,15.4,200,46250
20240227,11:06:14,15.3,150,46250
20240227,11:07:08,15.4,50,46250
20240227,11:07:22,15.35,50,53100
20240227,11:07:43,15.1,50,53100
20240227,11:08:44,15.35,50,53100
20240227,11:09:48,15.5,100,53100
20240227,11:10:09,15.35,50,53150
20240227,11:10:22,15.35,50,53150
20240227,11:10:34,15.55,150,53150
20240227,11:10:48,15.45,50,53150
20240227,11:10:55,15.5,50,53150
20240227,11:11:01,15.65,100,53150
20240227,11:11:08,15.35,100,53150
20240227,11:11:15,15.4,50,53150
20240227,11:11:34,15.45,100,53150
20240227,11:11:41,15.4,50,53150
20240227,11:11:54,15.45,200,53150
20240227,11:12:00,15.4,50,53150
20240227,11:12:07,15.3,150,53150
20240227,11:12:14,15.2,100,53150
20240227,11:12:21,15.25,50,53150
20240227,11:15:07,15.25,50,54300
20240227,11:15:18,15.2,200,54300
20240227,11:15:29,15.25,50,54300
20240227,11:15:40,15.35,50,54300
20240227,11:15:46,15.35,50,54300
20240227,11:17:03,15.55,100,53950
20240227,11:17:10,15.5,50,53950
20240227,11:17:18,15.55,200,53950
20240227,11:17:34,15.55,50,53950
20240227,11:17:54,15.55,100,53950
20240227,11:18:00,15.55,50,53950
20240227,11:18:06,15.55,50,53950
20240227,11:18:32,15.65,100,53950
20240227,11:20:40,15.65,50,53450
20240227,11:21:14,15.2,150,53450
20240227,11:21:36,15.2,100,53450
20240227,11:23:05,14.85,1500,53450
20240227,11:23:27,14.85,1500,53450
20240227,11:23:47,14.45,1050,53450
20240227,11:23:57,14.65,50,53450
20240227,11:24:07,14.75,100,53450
20240227,11:24:15,14.6,1000,53450
20240227,11:24:39,14.7,500,53450
20240227,11:24:47,14.6,100,53450
20240227,11:24:55,14.35,3100,53450
20240227,11:25:13,14.2,150,55050
20240227,11:25:31,14.15,50,55050
20240227,11:26:03,13.8,50,55050
20240227,11:27:20,13.8,50,55050
20240227,11:28:02,14.35,50,55050
20240227,11:28:08,14.45,150,55050
20240227,11:28:22,14.5,50,55100
20240227,11:28:37,14.5,950,55100
20240227,11:28:43,14.5,350,55100
20240227,11:28:49,14.5,250,55100
20240227,11:29:01,14.5,50,55100
20240227,11:29:08,14.35,650,55100
20240227,11:29:16,14.35,100,55100
20240227,11:29:23,14.4,50,55100
20240227,11:29:36,14.6,2400,55100
20240227,11:29:50,14.55,50,55100
20240227,11:30:04,14.55,50,55100
20240227,11:30:19,14.45,50,55100
20240227,11:30:52,14.35,50,55100
20240227,11:30:58,14.35,100,55100
20240227,11:31:24,14.65,2000,57100
20240227,11:32:32,14.35,50,57100
20240227,11:32:46,14.35,50,57100
20240227,11:33:35,14.5,50,57100
20240227,11:33:51,14.55,50,57100
20240227,11:34:07,14.25,100,57100
20240227,11:34:14,14.35,150,58650
20240227,11:35:04,14.3,50,58650
20240227,11:36:30,14.55,50,58650
20240227,11:36:36,14.55,50,58650
20240227,11:36:48,14.4,1500,58650
20240227,11:37:11,14.4,300,58650
20240227,11:37:23,14.35,50,59650
20240227,11:37:40,14.45,50,59650
20240227,11:38:54,14.35,200,59650
20240227,11:39:16,14.35,1300,59650
20240227,11:41:10,14.65,50,60400
20240227,11:41:18,14.6,50,60400
20240227,11:41:25,14.4,100,60400
20240227,11:41:47,14.3,50,60400
20240227,11:41:59,14.4,50,60400
20240227,11:42:06,14.4,50,60400
20240227,11:42:19,14.5,100,60400
20240227,11:42:31,14.4,50,60400
20240227,11:42:49,14.4,300,60400
20240227,11:44:26,14.3,50,60350
20240227,11:44:32,14.3,500,60350
20240227,11:47:08,14.45,50,60350
20240227,11:49:08,14.35,100,60350
20240227,11:51:05,13.95,1500,60350
20240227,11:51:10,14.0,1050,60350
20240227,11:51:22,14.25,50,60350
20240227,11:53:32,14.55,100,61850
20240227,11:54:22,14.5,100,61850
20240227,11:55:05,14.45,50,61850
20240227,11:55:41,14.75,100,61850
20240227,11:55:56,14.6,50,61850
20240227,11:56:02,14.65,250,61850
20240227,11:56:09,14.75,100,61850
20240227,11:56:23,14.7,50,61850
20240227,11:56:30,14.7,50,61850
20240227,11:56:37,14.85,50,61850
20240227,11:58:53,14.6,50,62050
20240227,11:59:26,14.5,300,62050
20240227,12:01:41,14.4,250,62300
20240227,12:01:54,14.4,50,62300
20240227,12:02:19,14.5,50,62300
20240227,12:02:31,14.35,2000,62300
20240227,12:02:44,14.6,100,62300
20240227,12:03:09,14.65,100,62300
20240227,12:03:52,14.7,1000,62300
20240227,12:04:26,15.0,50,59350
20240227,12:04:42,15.25,50,59350
20240227,12:04:51,15.15,50,59350
20240227,12:04:58,15.15,50,59350
20240227,12:05:06,15.15,50,59350
20240227,12:05:21,15.2,250,59350
20240227,12:05:36,15.0,1250,59350
20240227,12:05:45,15.35,50,59350
20240227,12:06:02,15.2,50,59350
20240227,12:06:16,15.0,200,59350
20240227,12:07:29,15.0,50,60200
20240227,12:07:48,14.8,50,60200
20240227,12:08:54,15.0,550,60200
20240227,12:09:00,14.95,250,60200
20240227,12:09:19,15.2,50,60200
20240227,12:09:27,15.2,50,60200
20240227,12:10:00,15.25,100,60200
20240227,12:10:08,15.2,50,60200
20240227,12:11:04,15.45,50,60400
20240227,12:11:24,15.35,50,60400
20240227,12:12:02,15.4,150,60400
20240227,12:12:16,15.45,100,60400
20240227,12:12:45,15.45,150,60400
20240227,12:13:06,15.4,500,60400
20240227,12:13:20,15.2,50,60700
20240227,12:13:27,15.1,100,60700
20240227,12:13:47,14.95,1050,60700
20240227,12:13:52,15.05,50,60700
20240227,12:14:38,14.8,50,60700
20240227,12:15:36,14.45,50,60700
20240227,12:16:56,14.75,50,59750
20240227,12:17:03,14.95,100,59750
20240227,12:17:44,15.4,150,59750
20240227,12:18:05,15.2,50,59750
20240227,12:18:24,15.45,100,59750
20240227,12:19:08,15.3,100,59750
20240227,12:19:45,15.25,100,59800
20240227,12:20:02,15.25,50,59800
20240227,12:20:08,15.25,50,59800
20240227,12:20:32,15.2,100,59800
20240227,12:21:18,15.0,50,59800
20240227,12:21:55,15.0,350,59800
20240227,12:22:21,14.95,50,59700
20240227,12:23:37,15.05,150,59700
20240227,12:23:56,15.0,50,59700
20240227,12:24:02,14.95,150,59700
20240227,12:24:08,14.95,150,59700
20240227,12:24:14,14.9,100,59700
20240227,12:25:22,14.85,100,60050
20240227,12:27:40,14.4,50,60050
20240227,12:27:46,14.4,250,60050
20240227,12:28:03,14.6,100,60050
20240227,12:28:20,14.55,50,60050
20240227,12:28:25,14.55,50,60550
20240227,12:28:31,14.65,100,60550
20240227,12:30:16,14.4,50,60550
20240227,12:31:09,14.45,50,60550
20240227,12:32:40,14.2,50,60700
20240227,12:33:20,14.2,600,60700
20240227,12:33:44,14.05,1150,60700
20240227,12:34:02,14.3,100,60700
20240227,12:34:28,14.4,50,60750
20240227,12:34:35,14.4,50,60750
20240227,12:34:47,14.6,50,60750
20240227,12:35:55,14.4,50,60750
20240227,12:36:07,14.5,750,60750
20240227,12:36:12,14.4,50,60750
20240227,12:36:17,14.25,1800,60750
20240227,12:36:21,14.35,50,60750
20240227,12:36:26,14.3,700,60750
20240227,12:36:31,14.25,50,60750
20240227,12:36:36,14.05,600,60750
20240227,12:36:41,14.2,100,60750
20240227,12:37:00,14.0,50,60750
20240227,12:37:06,14.0,150,60750
20240227,12:40:04,13.65,50,63200
20240227,12:40:11,13.6,50,63200
20240227,12:40:22,13.6,50,63200
20240227,12:40:50,13.55,100,63150
20240227,12:41:31,13.55,150,63150
20240227,12:41:38,13.55,100,63150
20240227,12:41:45,13.6,50,63150
20240227,12:42:25,13.65,250,63150
20240227,12:42:51,13.55,50,63150
20240227,12:43:05,13.65,50,63150
20240227,12:44:18,13.5,50,63150
20240227,12:44:26,13.5,950,63150
20240227,12:45:49,13.5,100,63150
20240227,12:46:03,13.6,100,63150
20240227,12:46:52,13.6,300,64250
20240227,12:47:51,13.5,50,64250
20240227,12:49:12,13.0,550,64250
20240227,12:49:54,13.05,50,64050
20240227,12:50:05,12.95,5100,64050
20240227,12:52:20,12.5,100,64050
20240227,12:52:38,12.5,50,63100
20240227,12:53:06,13.05,50,63100
20240227,12:53:15,13.05,50,63100
20240227,12:55:08,12.85,100,63100
20240227,12:55:30,12.85,50,62800
20240227,12:56:20,12.95,550,62800
20240227,12:58:08,12.85,50,62800
20240227,12:59:03,12.8,50,62750
20240227,12:59:42,12.75,50,62750
20240227,12:59:51,12.8,200,62750
20240227,13:01:26,13.0,150,62550
20240227,13:01:34,12.95,250,62550
20240227,13:01:51,13.0,2850,62550
20240227,13:02:14,12.95,1450,62550
20240227,13:03:05,13.15,50,62550
20240227,13:03:13,13.05,50,62550
20240227,13:03:21,13.2,50,62550
20240227,13:03:31,13.25,150,62550
20240227,13:03:46,13.25,50,62550
20240227,13:03:53,13.25,50,62550
20240227,13:05:42,13.15,50,65250
20240227,13:06:28,13.25,50,65250
20240227,13:06:48,13.15,50,65250
20240227,13:07:09,13.15,50,65250
20240227,13:09:52,13.5,50,65250
20240227,13:10:06,13.45,50,65250
20240227,13:10:15,13.45,50,65250
20240227,13:10:36,13.4,50,65200
20240227,13:11:28,13.1,50,65200
20240227,13:11:42,13.05,50,65200
20240227,13:14:57,12.85,200,65250
20240227,13:16:59,12.95,1000,65300
20240227,13:17:07,13.0,100,65300
20240227,13:17:54,13.1,250,65300
20240227,13:18:41,12.95,100,65300
20240227,13:18:56,13.1,100,65300
20240227,13:19:40,12.95,50,66250
20240227,13:19:48,12.95,100,66250
20240227,13:19:59,12.95,100,66250
20240227,13:22:27,12.95,500,66250
20240227,13:23:12,13.0,100,66250
20240227,13:23:53,12.95,50,66250
20240227,13:24:39,12.9,400,66250
20240227,13:25:07,12.65,250,66250
20240227,13:25:12,12.6,50,66250
20240227,13:25:17,12.6,500,66250
20240227,13:25:23,12.6,200,66250
20240227,13:31:46,12.8,50,66300
20240227,13:33:48,13.1,350,66300
20240227,13:34:00,12.95,100,66300
20240227,13:34:45,12.95,50,66200
20240227,13:37:17,13.2,50,66200
20240227,13:38:48,13.1,50,66200
20240227,13:40:21,13.25,100,66200
20240227,13:40:29,13.2,100,66200
20240227,13:40:41,13.0,750,66100
20240227,13:41:27,13.0,100,66100
20240227,13:43:07,13.15,250,66100
20240227,13:44:25,13.4,700,65600
20240227,13:44:41,13.5,150,65600
20240227,13:44:49,13.4,100,65600
20240227,13:45:03,13.45,50,65600
20240227,13:45:24,13.5,50,65600
20240227,13:45:47,13.35,100,65600
20240227,13:47:52,13.1,200,66050
20240227,13:50:45,13.6,50,66050
20240227,13:53:30,13.05,150,66050
20240227,13:54:40,13.3,100,66050
20240227,13:55:52,14.15,50,66000
20240227,13:56:09,14.05,100,66000
20240227,13:57:33,14.3,50,66000
20240227,14:02:36,14.1,3050,66000
20240227,14:02:42,14.0,50,66000
20240227,14:02:52,14.0,50,66000
20240227,14:02:58,14.0,50,66000
20240227,14:03:09,14.0,50,66000
20240227,14:04:13,13.85,50,66000
20240227,14:04:22,13.75,50,66000
20240227,14:05:34,13.75,50,68800
20240227,14:06:21,13.15,100,68800
20240227,14:08:43,13.05,50,68800
20240227,14:12:25,13.0,50,68750
20240227,14:13:35,12.9,100,68750
20240227,14:15:21,12.45,700,68750
20240227,14:20:51,12.45,50,68900
20240227,14:21:26,12.45,50,68900
20240227,14:21:31,12.45,50,68900
20240227,14:24:00,12.4,100,68950
20240227,14:24:13,12.4,1700,68950
20240227,14:25:22,12.4,50,68950
20240227,14:27:42,12.85,200,70600
20240227,14:28:06,12.75,50,70600
20240227,14:29:19,13.0,50,70500
20240227,14:29:53,12.95,50,70500
20240227,14:34:35,12.4,500,70500
20240227,14:35:33,11.85,1300,70000
20240227,14:35:46,11.85,500,70000
20240227,14:35:59,11.85,500,70000
20240227,14:36:04,11.8,500,70000
20240227,14:36:09,11.7,600,70000
20240227,14:37:04,11.7,100,70000
20240227,14:37:31,12.0,50,70000
20240227,14:37:48,12.1,300,68900
20240227,14:37:55,12.1,400,68900
20240227,14:38:00,12.1,100,68900
20240227,14:39:52,12.45,1500,68900
20240227,14:45:02,11.95,200,68150
20240227,14:45:07,12.0,50,68150
20240227,14:45:37,12.0,50,68150
20240227,14:46:32,11.9,50,68150
20240227,14:47:52,11.7,1000,68100
20240227,14:48:14,11.8,50,68100
20240227,14:48:54,11.9,150,68100
20240227,14:49:50,12.0,900,67950
20240227,14:49:55,12.0,850,67950
20240227,14:50:19,12.2,100,67950
20240227,14:50:49,12.4,50,67950
20240227,14:52:45,11.75,50,67950
20240227,14:54:08,11.9,600,69700
20240227,14:54:17,11.9,1300,69700
20240227,14:54:22,11.95,150,69700
20240227,14:55:10,12.0,100,69700
20240227,14:55:51,11.9,500,71050
20240227,14:56:03,11.8,100,71050
20240227,14:56:21,11.9,150,71050
20240227,14:56:27,11.75,350,71050
20240227,14:57:08,12.05,50,71050
20240227,14:58:47,11.95,50,71600
20240227,14:59:24,12.05,50,71600
20240227,15:00:40,12.05,50,71600
20240227,15:01:28,11.35,150,71600
20240227,15:02:26,11.25,100,71650
20240227,15:02:38,11.25,50,71650
20240227,15:02:43,11.25,200,71650
20240227,15:03:37,11.15,50,71650
20240227,15:04:20,10.9,300,71650
20240227,15:04:53,10.9,50,71950
20240227,15:05:06,10.9,1500,71950
20240227,15:05:13,11.05,1000,71950
20240227,15:06:05,10.85,50,71950
20240227,15:06:42,10.85,200,71950
20240227,15:06:47,11.0,200,71950
20240227,15:07:09,11.0,50,71950
20240227,15:07:21,11.25,50,71950
20240227,15:07:28,11.25,100,71950
20240227,15:08:46,11.1,150,69950
20240227,15:09:23,11.2,1000,69950
20240227,15:09:28,11.1,950,69950
20240227,15:09:34,11.05,50,69950
20240227,15:09:55,11.2,600,69950
20240227,15:10:01,11.2,200,69950
20240227,15:10:40,11.1,50,69950
20240227,15:11:02,11.05,550,70000
20240227,15:11:12,11.15,50,70000
20240227,15:11:22,11.1,300,70000
20240227,15:11:55,10.95,50,70000
20240227,15:12:06,11.1,100,70000
20240227,15:12:29,11.2,200,70000
20240227,15:13:36,11.15,50,70000
20240227,15:13:52,11.15,150,70750
20240227,15:14:41,11.3,50,70750
20240227,15:15:25,11.3,50,70750
20240227,15:15:55,11.4,50,70750
20240227,15:16:20,11.45,50,70750
20240227,15:16:27,11.5,150,70750
20240227,15:16:39,11.5,50,70750
20240227,15:17:43,11.6,50,70900
20240227,15:18:17,11.8,600,70900
20240227,15:19:50,11.65,50,70900
20240227,15:20:02,11.7,50,70400
20240227,15:20:19,11.85,1850,70400
20240227,15:21:54,12.05,50,70400
20240227,15:22:06,12.1,50,70400
20240227,15:22:20,12.0,50,70400
20240227,15:22:27,12.05,550,70400
20240227,15:22:34,11.7,50,70400
20240227,15:24:11,11.55,150,71400
20240227,15:24:35,11.65,250,71400
20240227,15:24:54,11.65,50,71400
20240227,15:25:35,11.7,850,71400
20240227,15:25:41,11.65,600,71400
20240227,15:27:13,11.6,150,71400
20240227,15:27:46,11.7,650,71400
20240227,15:28:15,11.7,300,71400
20240227,15:29:32,11.65,50,72300
20240228,09:16:42,10.95,1,72300
20240228,09:16:42,10.95,100,72300
20240228,09:16:58,10.85,500,72300
20240228,09:17:06,10.85,500,72300
20240228,09:17:09,11.0,550,72300
20240228,09:17:12,11.05,200,72300
20240228,09:17:37,11.2,200,72300
20240228,09:17:46,11.35,50,72300
20240228,09:17:47,11.35,500,72300
20240228,09:18:03,11.35,50,72300
20240228,09:18:09,11.25,50,72300
20240228,09:18:42,11.25,200,72300
20240228,09:18:48,11.3,50,72300
20240228,09:18:53,11.15,200,72300
20240228,09:19:11,11.15,600,74600
20240228,09:19:17,11.15,1650,74600
20240228,09:19:28,11.1,350,74600
20240228,09:19:33,11.15,300,74600
20240228,09:19:45,11.2,1800,74600
20240228,09:19:51,11.05,1000,74600
20240228,09:19:56,11.15,150,74600
20240228,09:20:03,11.0,5300,74600
20240228,09:20:04,11.15,700,74600
20240228,09:20:08,11.15,3800,74600
20240228,09:20:09,11.15,1650,74600
20240228,09:20:14,10.8,5000,74600
20240228,09:20:16,10.8,200,74600
20240228,09:20:19,10.8,100,74600
20240228,09:20:32,10.6,1800,74600
20240228,09:20:34,10.55,3200,74600
20240228,09:20:39,10.55,250,74600
20240228,09:20:42,10.55,1800,74600
20240228,09:20:46,10.35,1400,74600
20240228,09:20:51,10.3,1950,74600
20240228,09:21:09,10.45,500,74600
20240228,09:21:22,10.5,50,74600
20240228,09:21:40,10.7,1650,74600
20240228,09:22:00,10.7,350,96450
20240228,09:22:05,10.7,150,96450
20240228,09:22:09,10.8,1000,96450
20240228,09:22:15,10.75,50,96450
20240228,09:22:17,10.8,1500,96450
20240228,09:22:27,10.65,1000,96450
20240228,09:22:42,10.65,50,96450
20240228,09:23:14,10.5,550,96450
20240228,09:23:22,10.5,500,96450
20240228,09:23:37,10.6,1700,96450
20240228,09:23:38,10.65,50,96450
20240228,09:23:42,10.65,50,96450
20240228,09:23:45,10.65,150,96450
20240228,09:23:52,10.6,200,96450
20240228,09:24:02,10.55,50,96450
20240228,09:24:19,10.5,1000,96450
20240228,09:24:25,10.6,1000,96450
20240228,09:24:30,10.6,800,96450
20240228,09:24:45,10.55,550,96450
20240228,09:24:55,10.55,500,99850
20240228,09:25:02,10.6,50,99850
20240228,09:25:05,10.7,50,99850
20240228,09:25:10,10.7,1250,99850
20240228,09:25:12,10.65,500,99850
20240228,09:25:19,10.6,500,99850
20240228,09:25:42,10.65,50,99850
20240228,09:25:43,10.7,300,99850
20240228,09:25:45,10.6,300,99850
20240228,09:25:50,10.6,300,99850
20240228,09:25:52,10.7,250,99850
20240228,09:25:53,10.7,250,99850
20240228,09:25:55,10.7,250,99850
20240228,09:26:15,10.75,250,99850
20240228,09:26:27,10.8,500,99850
20240228,09:26:47,10.65,200,99850
20240228,09:27:05,10.75,1500,99850
20240228,09:27:17,10.75,100,99850
20240228,09:27:47,10.7,100,99850
20240228,09:27:59,10.7,100,99850
20240228,09:28:21,10.85,400,102850
20240228,09:28:27,10.75,100,102850
20240228,09:28:50,10.7,50,102850
20240228,09:29:02,10.85,250,102850
20240228,09:29:07,10.85,50,102850
20240228,09:30:32,11.1,750,102850
20240228,09:30:37,11.0,1000,102850
20240228,09:30:42,11.0,250,102850
20240228,09:30:47,11.0,250,102850
20240228,09:30:56,10.85,100,104350
20240228,09:31:11,10.8,100,104350
20240228,09:31:26,10.75,100,104350
20240228,09:31:36,10.85,100,104350
20240228,09:31:38,10.85,250,104350
20240228,09:32:27,10.95,250,104350
20240228,09:32:39,10.8,100,104350
20240228,09:32:49,10.7,50,104350
20240228,09:32:54,10.7,2300,104350
20240228,09:33:05,10.6,200,104350
20240228,09:33:06,10.65,250,104350
20240228,09:33:08,10.65,1150,104350
20240228,09:33:09,10.65,750,104350
20240228,09:33:11,10.6,350,104350
20240228,09:34:15,10.7,100,104350
20240228,09:34:18,10.8,100,104650
20240228,09:34:48,10.7,50,104650
20240228,09:35:12,10.8,250,104650
20240228,09:35:27,10.75,100,104650
20240228,09:35:41,10.8,50,104650
20240228,09:35:48,10.85,100,104650
20240228,09:35:56,10.85,50,104650
20240228,09:36:03,10.9,50,104650
20240228,09:36:11,11.0,1550,104650
20240228,09:36:14,10.85,50,104650
20240228,09:36:35,10.95,150,104650
20240228,09:36:59,10.9,500,104600
20240228,09:37:23,10.8,250,104600
20240228,09:37:25,10.8,200,104600
20240228,09:37:35,10.85,350,104600
20240228,09:37:40,10.85,350,104600
20240228,09:38:10,10.8,50,104600
20240228,09:38:28,10.85,150,104600
20240228,09:38:45,10.75,50,104600
20240228,09:38:58,10.8,150,104600
20240228,09:39:00,10.8,100,104600
20240228,09:41:23,10.8,500,104450
20240228,09:41:33,10.8,250,104450
20240228,09:41:45,11.0,50,104450
20240228,09:41:50,10.8,50,104450
20240228,09:42:01,10.7,250,104450
20240228,09:42:05,10.75,400,104450
20240228,09:42:44,10.7,700,104450
20240228,09:43:02,10.55,50,103750
20240228,09:43:17,10.55,50,103750
20240228,09:43:20,10.6,250,103750
20240228,09:43:22,10.65,300,103750
20240228,09:43:30,10.85,250,103750
20240228,09:44:02,10.85,250,103750
20240228,09:44:04,10.75,250,103750
20240228,09:44:17,10.75,250,103750
20240228,09:45:27,10.7,250,103750
20240228,09:45:46,10.7,250,103750
20240228,09:47:14,10.55,100,103750
20240228,09:48:01,10.8,50,103750
20240228,09:48:12,10.75,50,103750
20240228,09:49:10,10.75,100,103700
20240228,09:50:27,10.6,750,103700
20240228,09:50:33,10.6,750,103700
20240228,09:50:38,10.6,400,103700
20240228,09:50:44,10.55,200,103700
20240228,09:50:49,10.55,500,103700
20240228,09:50:55,10.6,800,103700
20240228,09:51:00,10.65,550,103700
20240228,09:51:06,10.65,600,103700
20240228,09:51:11,10.65,1050,103700
20240228,09:51:17,10.6,500,103700
20240228,09:51:23,10.65,450,103700
20240228,09:51:28,10.65,300,103700
20240228,09:51:33,10.65,350,103700
20240228,09:51:38,10.65,50,103700
20240228,09:51:44,10.7,50,103700
20240228,09:51:49,10.65,250,103700
20240228,09:51:56,10.6,600,103700
20240228,09:51:57,10.5,650,103700
20240228,09:52:02,10.45,50,103700
20240228,09:52:05,10.5,50,106600
20240228,09:52:07,10.55,100,106600
20240228,09:52:12,10.5,50,106600
20240228,09:52:14,10.55,300,106600
20240228,09:52:18,10.5,250,106600
20240228,09:52:23,10.55,100,106600
20240228,09:52:28,10.55,150,106600
20240228,09:52:30,10.55,250,106600
20240228,09:52:31,10.55,100,106600
20240228,09:52:33,10.5,100,106600
20240228,09:52:34,10.45,1150,106600
20240228,09:52:36,10.55,50,106600
20240228,09:52:39,10.55,50,106600
20240228,09:52:44,10.55,100,106600
20240228,09:52:53,10.55,50,106600
20240228,09:52:56,10.55,50,106600
20240228,09:52:57,10.55,400,106600
20240228,09:52:59,10.5,200,106600
20240228,09:53:04,10.6,50,106600
20240228,09:53:26,10.65,100,106600
20240228,09:53:29,10.65,150,106600
20240228,09:53:31,10.7,50,106600
20240228,09:53:32,10.75,50,106600
20240228,09:53:37,10.7,50,106600
20240228,09:53:41,10.75,50,106600
20240228,09:53:42,10.75,800,106600
20240228,09:53:46,10.9,50,106600
20240228,09:53:47,10.85,50,106600
20240228,09:53:51,10.75,100,106600
20240228,09:53:52,10.75,50,106600
20240228,09:53:56,10.75,100,106600
20240228,09:53:59,10.75,50,106600
20240228,09:54:01,10.75,50,106600
20240228,09:54:02,10.85,150,106600
20240228,09:54:04,10.85,100,106600
20240228,09:54:06,10.85,550,106600
20240228,09:54:07,10.85,250,106600
20240228,09:54:09,10.9,1250,106600
20240228,09:54:11,10.9,100,106600
20240228,09:54:12,10.85,150,106600
20240228,09:54:14,10.8,300,106600
20240228,09:54:17,10.8,450,106600
20240228,09:54:21,10.95,650,106600
20240228,09:54:24,10.85,200,106600
20240228,09:54:26,10.8,850,106600
20240228,09:54:27,10.85,400,106600
20240228,09:54:29,10.85,250,106600
20240228,09:54:31,10.9,500,106600
20240228,09:54:32,10.95,450,106600
20240228,09:54:34,10.95,250,106600
20240228,09:54:36,10.95,500,106600
20240228,09:54:37,11.0,450,106600
20240228,09:54:39,11.0,50,106600
20240228,09:54:40,11.05,950,106600
20240228,09:54:42,11.1,600,106600
20240228,09:54:44,11.05,200,106600
20240228,09:54:45,11.05,100,106600
20240228,09:54:47,11.1,200,106600
20240228,09:54:49,11.05,250,106600
20240228,09:54:50,11.0,300,106600
20240228,09:54:52,11.0,100,106600
20240228,09:54:54,11.0,150,106600
20240228,09:54:57,10.95,100,106600
20240228,09:54:59,10.95,150,106600
20240228,09:55:00,10.95,150,106600
20240228,09:55:02,10.95,50,108550
20240228,09:55:05,11.05,400,108550
20240228,09:55:07,11.05,50,108550
20240228,09:55:08,11.05,50,108550
20240228,09:55:10,11.15,100,108550
20240228,09:55:17,11.0,100,108550
20240228,09:55:20,11.05,250,108550
20240228,09:55:22,11.0,850,108550
20240228,09:55:23,11.0,150,108550
20240228,09:55:33,11.05,50,108550
20240228,09:55:35,11.1,200,108550
20240228,09:55:38,11.1,400,108550
20240228,09:55:40,11.1,50,108550
20240228,09:55:41,11.1,300,108550
20240228,09:55:45,11.1,50,108550
20240228,09:55:46,11.2,50,108550
20240228,09:55:48,11.15,50,108550
20240228,09:55:50,11.1,300,108550
20240228,09:55:53,11.1,50,108550
20240228,09:55:55,11.1,250,108550
20240228,09:55:56,11.15,200,108550
20240228,09:55:58,11.1,150,108550
20240228,09:56:00,11.15,50,108550
20240228,09:56:01,11.1,50,108550
20240228,09:56:03,11.2,300,108550
20240228,09:56:05,11.15,200,108550
20240228,09:56:10,11.15,50,108550
20240228,09:56:15,11.15,50,108550
20240228,09:56:16,11.15,50,108550
20240228,09:56:35,11.1,100,108550
20240228,09:57:03,11.2,150,108550
20240228,09:57:14,11.2,100,108550
20240228,09:57:16,11.15,50,108550
20240228,09:57:18,11.15,500,108550
20240228,09:57:23,11.2,2050,108550
20240228,09:57:28,11.15,150,108550
20240228,09:57:29,11.15,100,108550
20240228,09:57:31,11.25,300,108550
20240228,09:57:33,11.25,100,108550
20240228,09:57:34,11.25,100,108550
20240228,09:57:36,11.25,50,108550
20240228,09:57:38,11.3,1900,108550
20240228,09:57:39,11.35,350,108550
20240228,09:57:41,11.3,500,108550
20240228,09:57:43,11.3,600,108550
20240228,09:57:44,11.35,450,108550
20240228,09:57:46,11.3,400,108550
20240228,09:57:48,11.35,300,108550
20240228,09:57:49,11.4,900,108550
20240228,09:57:51,11.35,350,108550
20240228,09:57:53,11.45,400,108550
20240228,09:57:54,11.45,800,108550
20240228,09:57:56,11.3,100,108550
20240228,09:57:58,11.25,50,108550
20240228,09:57:59,11.3,200,108550
20240228,09:58:03,11.35,50,110800
20240228,09:58:04,11.4,200,110800
20240228,09:58:06,11.4,1450,110800
20240228,09:58:08,11.4,200,110800
20240228,09:58:13,11.4,100,110800
20240228,09:58:14,11.4,150,110800
20240228,09:58:16,11.4,100,110800
20240228,09:58:18,11.45,450,110800
20240228,09:58:19,11.45,50,110800
20240228,09:58:21,11.4,300,110800
20240228,09:58:22,11.4,350,110800
20240228,09:58:24,11.35,150,110800
20240228,09:58:31,11.25,50,110800
20240228,09:59:03,11.05,250,110800
20240228,09:59:12,11.25,100,110800
20240228,09:59:38,11.25,400,110800
20240228,09:59:41,11.25,750,110800
20240228,09:59:53,11.45,250,110800
20240228,09:59:55,11.4,200,110800
20240228,09:59:58,11.45,50,110800
20240228,10:00:03,11.55,100,110800
20240228,10:00:08,11.55,150,110800
20240228,10:00:10,11.3,400,110800
20240228,10:00:11,11.4,350,110800
20240228,10:00:25,11.35,100,110800
20240228,10:00:26,11.3,150,110800
20240228,10:00:30,11.25,100,110800
20240228,10:00:31,11.25,200,110800
20240228,10:00:35,11.3,50,110800
20240228,10:00:36,11.25,550,110800
20240228,10:00:41,11.3,50,110800
20240228,10:01:04,11.2,100,111350
20240228,10:01:20,11.15,400,111350
20240228,10:01:30,11.15,200,111350
20240228,10:01:51,11.1,200,111350
20240228,10:01:56,11.05,2150,111350
20240228,10:02:02,11.1,50,111350
20240228,10:02:04,11.1,50,111350
20240228,10:02:06,11.1,300,111350
20240228,10:02:07,11.1,200,111350
20240228,10:02:19,11.0,150,111350
20240228,10:02:33,11.1,100,111350
20240228,10:03:02,11.05,500,111350
20240228,10:04:16,10.95,750,109200
20240228,10:05:13,10.7,200,109200
20240228,10:05:19,10.75,550,109200
20240228,10:05:28,10.8,800,109200
20240228,10:07:04,10.35,50,109200
20240228,10:07:17,10.05,100,109000
20240228,10:07:26,10.05,50,109000
