date,time,tick_price,volume,open_interest
20240201,12:16:08,31.3,50,50
20240201,12:43:18,18.0,50,50
20240201,12:51:36,18.0,250,50
20240201,13:05:58,22.25,50,250
20240201,13:49:59,15.5,750,300
20240201,14:05:39,15.5,50,1050
20240201,14:15:19,16.4,50,1100
20240201,14:41:19,15.5,100,1150
20240201,14:42:30,15.5,50,1250
20240201,14:43:30,15.0,500,1250
20240201,14:43:39,15.0,1050,1250
20240201,14:43:47,15.0,400,1250
20240201,14:44:44,15.0,1000,1250
20240201,14:44:52,15.0,500,1250
20240201,14:48:59,15.4,50,4500
20240201,14:49:07,14.5,50,4500
20240201,14:50:02,14.5,400,4500
20240201,14:54:45,14.95,50,4600
20240201,14:55:51,14.95,300,4600
20240201,15:03:08,14.15,50,4900
20240201,15:25:14,12.65,100,4950
20240201,15:25:29,12.65,100,4950
20240202,09:22:30,23.05,1,4950
20240202,09:22:30,23.05,100,4950
20240202,09:22:40,23.1,100,4950
20240202,09:22:50,23.1,100,4950
20240202,09:23:01,27.4,50,4950
20240202,09:23:43,27.4,50,5050
20240202,09:24:05,24.25,50,5050
20240202,09:24:15,24.45,600,5050
20240202,09:24:26,24.35,300,5050
20240202,09:24:46,24.9,300,5050
20240202,09:26:03,25.25,100,5050
20240202,09:26:13,25.05,50,5050
20240202,09:26:24,24.9,150,5000
20240202,09:26:46,23.7,50,5000
20240202,09:26:57,23.6,300,5000
20240202,09:27:08,23.5,50,5000
20240202,09:28:00,23.75,50,5000
20240202,09:29:53,24.1,200,5450
20240202,09:30:03,23.75,50,5450
20240202,09:30:46,23.35,50,5450
20240202,09:32:59,24.0,3000,5750
20240202,09:33:20,24.5,250,5750
20240202,09:34:45,25.4,50,5750
20240202,09:34:55,25.2,50,5750
20240202,09:35:46,25.15,50,5000
20240202,09:35:56,25.1,1000,5000
20240202,09:36:06,24.65,50,5000
20240202,09:36:27,24.5,250,5000
20240202,09:36:58,23.7,50,5000
20240202,09:37:02,23.5,250,5000
20240202,09:37:30,23.5,1000,5000
20240202,09:37:43,23.55,50,5000
20240202,09:38:08,23.75,100,5000
20240202,09:38:22,23.75,100,5150
20240202,09:38:41,23.5,100,5150
20240202,09:39:45,23.3,500,5150
20240202,09:42:21,23.1,50,5350
20240202,09:43:34,23.45,550,5350
20240202,09:45:01,22.75,650,5450
20240202,09:49:17,21.8,1800,5300
20240202,09:49:57,21.8,700,5300
20240202,09:50:58,22.65,50,6600
20240202,09:51:46,22.8,750,6600
20240202,09:52:43,23.35,50,6600
20240202,09:52:52,23.4,50,6600
20240202,09:53:22,23.4,50,6600
20240202,09:53:33,23.45,100,7300
20240202,09:53:43,23.55,50,7300
20240202,09:54:02,23.65,50,7300
20240202,09:55:01,23.55,50,7300
20240202,09:57:34,22.7,450,7100
20240202,09:58:41,23.0,100,7100
20240202,09:59:01,23.2,5700,7100
20240202,09:59:02,23.3,150,7100
20240202,09:59:14,23.15,50,7100
20240202,09:59:15,23.25,150,7100
20240202,09:59:59,23.6,1000,7950
20240202,10:01:08,23.95,50,7950
20240202,10:01:49,24.1,100,7950
20240202,10:02:18,24.35,50,9000
20240202,10:02:22,23.6,300,9000
20240202,10:02:40,24.15,500,9000
20240202,10:03:17,23.8,100,9000
20240202,10:05:22,23.85,50,9000
20240202,10:05:42,24.15,50,9450
20240202,10:06:25,23.95,50,9450
20240202,10:06:35,23.8,50,9450
20240202,10:07:06,23.4,50,9450
20240202,10:07:16,23.4,50,9450
20240202,10:08:59,23.9,50,9450
20240202,10:09:01,24.0,50,9450
20240202,10:09:12,24.0,50,9450
20240202,10:13:03,24.45,50,9600
20240202,10:13:50,24.15,50,9600
20240202,10:13:55,24.2,50,9600
20240202,10:16:01,23.75,650,9650
20240202,10:16:29,23.65,400,9650
20240202,10:16:38,23.85,500,9650
20240202,10:17:03,23.65,50,9650
20240202,10:17:57,23.55,50,11250
20240202,10:21:48,22.65,200,11300
20240202,10:22:49,22.1,50,11300
20240202,10:24:39,22.75,100,11500
20240202,10:25:15,22.45,50,11500
20240202,10:26:57,22.95,50,11600
20240202,10:29:08,23.0,3250,11600
20240202,10:29:47,23.0,50,11600
20240202,10:30:13,23.1,550,11600
20240202,10:30:16,23.1,2650,11600
20240202,10:32:23,22.5,1600,13300
20240202,10:33:03,22.55,100,13300
20240202,10:33:09,22.6,50,13300
20240202,10:34:18,22.4,50,13300
20240202,10:34:28,22.5,100,13300
20240202,10:34:58,21.95,200,13300
20240202,10:35:04,22.0,50,13300
20240202,10:35:27,21.9,50,13350
20240202,10:36:23,21.75,50,13350
20240202,10:37:05,21.65,50,13350
20240202,10:37:10,21.65,100,13350
20240202,10:37:11,21.8,1150,13350
20240202,10:37:13,21.85,150,13350
20240202,10:37:26,21.95,50,13350
20240202,10:37:48,22.0,250,13350
20240202,10:37:53,22.0,800,13350
20240202,10:38:48,21.6,50,14550
20240202,10:39:16,21.6,50,14550
20240202,10:39:23,21.55,50,14550
20240202,10:41:44,21.3,300,14600
20240202,10:41:51,21.0,100,14600
20240202,10:42:03,21.0,100,14600
20240202,10:42:37,20.55,50,14600
20240202,10:42:43,20.45,50,14600
20240202,10:43:15,20.45,100,14600
20240202,10:43:22,21.1,50,14600
20240202,10:44:19,21.05,50,14600
20240202,10:45:51,20.9,50,14550
20240202,10:46:26,21.05,100,14550
20240202,10:47:22,20.9,50,14550
20240202,10:52:57,20.75,100,14400
20240202,10:53:45,20.85,200,14500
20240202,10:55:50,21.3,100,14500
20240202,10:56:02,21.5,100,14500
20240202,10:56:17,21.6,50,14500
20240202,10:57:07,21.45,100,14450
20240202,10:57:13,21.65,50,14450
20240202,10:58:01,22.0,100,14450
20240202,10:58:37,22.45,50,14450
20240202,10:59:46,22.55,50,14350
20240202,10:59:50,22.45,100,14350
20240202,11:02:01,22.25,100,14350
20240202,11:03:52,23.0,50,14400
20240202,11:06:55,22.6,150,14350
20240202,11:11:51,23.2,50,14350
20240202,11:11:56,23.15,50,14350
20240202,11:13:16,23.3,100,14350
20240202,11:13:51,24.55,100,14350
20240202,11:14:42,26.35,100,14350
20240202,11:14:53,26.25,900,14350
20240202,11:15:03,26.1,1150,14350
20240202,11:15:14,26.2,300,14350
20240202,11:15:56,27.4,50,14350
20240202,11:16:03,28.25,350,14350
20240202,11:16:20,29.75,50,14350
20240202,11:16:21,30.0,50,14350
20240202,11:16:23,30.0,400,14350
20240202,11:16:25,30.35,150,14350
20240202,11:16:28,30.55,500,14350
20240202,11:16:33,30.0,1050,14350
20240202,11:16:41,30.2,50,14350
20240202,11:17:08,30.55,50,14350
20240202,11:17:10,30.4,50,14350
20240202,11:17:13,30.4,50,14350
20240202,11:17:35,30.9,150,11600
20240202,11:18:00,31.05,1050,11600
20240202,11:18:17,32.15,150,11600
20240202,11:19:18,32.15,200,11600
20240202,11:20:02,31.15,150,11600
20240202,11:20:04,30.55,100,11600
20240202,11:20:38,31.2,300,11550
20240202,11:21:01,31.25,50,11550
20240202,11:21:08,30.95,150,11550
20240202,11:21:29,31.15,250,11550
20240202,11:22:11,31.5,1200,11550
20240202,11:22:22,32.0,950,11550
20240202,11:22:44,32.95,1700,11550
20240202,11:23:04,33.25,100,11550
20240202,11:23:19,32.95,400,11550
20240202,11:23:27,33.25,1200,11550
20240202,11:23:34,33.25,50,12500
20240202,11:24:10,32.9,600,12500
20240202,11:24:13,32.75,100,12500
20240202,11:24:24,32.7,350,12500
20240202,11:24:26,32.45,200,12500
20240202,11:24:47,33.2,1000,12500
20240202,11:25:11,33.55,50,12500
20240202,11:25:19,33.8,50,12500
20240202,11:25:23,34.15,300,12500
20240202,11:25:26,34.25,200,12500
20240202,11:25:49,34.25,100,12500
20240202,11:25:57,33.9,50,12500
20240202,11:26:08,33.9,1100,12500
20240202,11:26:13,33.65,800,12500
20240202,11:26:20,33.7,50,12500
20240202,11:26:23,33.4,100,12500
20240202,11:26:25,33.25,150,12500
20240202,11:26:28,33.4,100,12500
20240202,11:26:30,33.1,150,11950
20240202,11:26:31,33.15,100,11950
20240202,11:26:40,33.7,100,11950
20240202,11:26:41,33.5,100,11950
20240202,11:26:46,33.6,150,11950
20240202,11:27:41,32.9,50,11950
20240202,11:29:11,33.95,250,11950
20240202,11:29:16,34.2,200,11950
20240202,11:29:18,34.2,250,11950
20240202,11:29:21,34.3,250,11950
20240202,11:29:23,34.3,200,11950
20240202,11:29:37,34.3,400,12750
20240202,11:30:45,35.0,150,12750
20240202,11:30:53,35.45,550,12750
20240202,11:31:02,37.0,8000,12750
20240202,11:31:05,37.0,400,12750
20240202,11:31:08,36.55,350,12750
20240202,11:31:15,36.5,200,12750
20240202,11:31:33,36.85,200,12750
20240202,11:31:44,37.35,200,12750
20240202,11:32:02,38.5,500,12750
20240202,11:32:04,38.5,750,12750
20240202,11:32:05,38.05,50,12750
20240202,11:32:07,38.35,400,12750
20240202,11:32:17,38.45,200,12750
20240202,11:32:28,37.85,200,12750
20240202,11:33:01,38.2,50,8300
20240202,11:33:08,38.25,50,8300
20240202,11:33:29,38.1,50,8300
20240202,11:33:55,37.95,900,8300
20240202,11:33:57,37.95,250,8300
20240202,11:33:59,38.05,250,8300
20240202,11:34:04,38.15,500,8300
20240202,11:34:06,38.0,50,8300
20240202,11:34:17,38.8,50,8300
20240202,11:34:42,39.0,50,8300
20240202,11:35:14,39.05,100,8300
20240202,11:35:41,39.5,950,8100
20240202,11:35:49,39.5,300,8100
20240202,11:36:04,39.25,200,8100
20240202,11:36:09,39.45,550,8100
20240202,11:36:15,39.6,150,8100
20240202,11:36:25,39.5,200,8100
20240202,11:36:30,39.4,50,8100
20240202,11:36:33,39.3,400,8100
20240202,11:37:08,40.0,50,8100
20240202,11:38:04,42.0,550,8100
20240202,11:38:07,42.0,50,8100
20240202,11:38:17,43.15,50,8100
20240202,11:38:25,43.5,150,8100
20240202,11:38:42,43.5,50,9150
20240202,11:38:47,42.9,350,9150
20240202,11:38:55,42.85,50,9150
20240202,11:39:19,45.0,50,9150
20240202,11:39:20,45.0,200,9150
20240202,11:39:22,44.3,100,9150
20240202,11:39:24,44.25,100,9150
20240202,11:39:33,44.85,50,9150
20240202,11:39:38,45.35,50,9150
20240202,11:39:47,45.35,100,9150
20240202,11:39:52,45.7,50,9150
20240202,11:39:57,45.7,400,9150
20240202,11:40:02,45.85,50,9150
20240202,11:40:10,46.15,200,9150
20240202,11:40:11,46.3,50,9150
20240202,11:40:15,46.8,350,9150
20240202,11:40:16,47.4,1650,9150
20240202,11:40:19,47.8,50,9150
20240202,11:40:21,48.0,250,9150
20240202,11:40:24,49.2,50,9150
20240202,11:40:29,49.2,50,9150
20240202,11:40:31,47.9,350,9150
20240202,11:40:32,48.05,200,9150
20240202,11:40:36,48.5,50,9150
20240202,11:40:39,47.95,300,9150
20240202,11:40:41,47.75,50,9150
20240202,11:40:44,47.85,250,9150
20240202,11:40:57,48.2,100,9150
20240202,11:41:03,49.0,350,9150
20240202,11:41:12,47.8,150,9150
20240202,11:41:13,48.1,100,9150
20240202,11:41:28,48.5,200,9150
20240202,11:41:29,48.35,100,9150
20240202,11:41:38,48.65,50,9600
20240202,11:41:41,48.55,400,9600
20240202,11:41:44,49.0,150,9600
20240202,11:41:46,49.55,50,9600
20240202,11:42:01,49.55,50,9600
20240202,11:42:06,49.5,50,9600
20240202,11:42:07,49.5,850,9600
20240202,11:42:16,50.25,350,9600
20240202,11:42:24,50.95,100,9600
20240202,11:42:26,50.95,100,9600
20240202,11:42:29,50.2,100,9600
20240202,11:42:34,50.3,50,9600
20240202,11:42:35,50.2,6400,9600
20240202,11:42:37,50.5,350,9600
20240202,11:42:39,50.5,50,9600
20240202,11:42:49,49.45,300,9600
20240202,11:42:50,48.95,100,9600
20240202,11:42:55,48.3,850,9600
20240202,11:42:57,48.2,100,9600
20240202,11:43:00,48.45,300,9600
20240202,11:43:05,48.2,100,9600
20240202,11:43:10,47.45,200,9600
20240202,11:43:12,46.85,100,9600
20240202,11:43:13,46.8,200,9600
20240202,11:43:17,45.45,250,9600
20240202,11:43:18,45.0,200,9600
20240202,11:43:20,45.0,650,9600
20240202,11:43:22,44.3,150,9600
20240202,11:43:23,43.4,200,9600
20240202,11:43:27,43.15,100,9600
20240202,11:43:35,42.4,100,9600
20240202,11:43:37,42.95,100,9600
20240202,11:43:40,43.05,250,9600
20240202,11:43:45,43.2,50,9600
20240202,11:43:47,42.65,200,9600
20240202,11:43:48,42.0,400,9600
20240202,11:43:54,40.55,100,9600
20240202,11:43:55,40.65,1100,9600
20240202,11:43:59,41.1,1700,9600
20240202,11:44:00,41.05,150,9600
20240202,11:44:07,41.75,100,9600
20240202,11:44:13,41.9,100,9600
20240202,11:44:17,42.35,200,9600
20240202,11:44:18,42.65,50,9600
20240202,11:44:20,42.1,100,9600
20240202,11:44:27,41.7,700,9600
20240202,11:44:45,41.1,100,13850
20240202,11:44:53,40.9,50,13850
20240202,11:44:56,41.05,100,13850
20240202,11:45:00,41.0,50,13850
20240202,11:45:01,40.8,50,13850
20240202,11:45:03,40.2,100,13850
20240202,11:45:05,40.05,550,13850
20240202,11:45:07,40.85,350,13850
20240202,11:45:13,41.25,100,13850
20240202,11:45:17,41.1,350,13850
20240202,11:45:20,40.8,100,13850
20240202,11:45:28,41.0,300,13850
20240202,11:45:30,41.0,250,13850
20240202,11:45:37,40.8,150,13850
20240202,11:45:50,41.25,250,13850
20240202,11:45:52,40.8,200,13850
20240202,11:46:00,40.45,100,13850
20240202,11:46:07,39.9,250,13850
20240202,11:46:08,39.7,200,13850
20240202,11:46:20,39.7,50,13850
20240202,11:46:23,39.7,350,13850
20240202,11:46:30,40.1,200,13850
20240202,11:46:33,40.35,350,13850
20240202,11:46:55,41.1,100,13850
20240202,11:46:57,41.15,50,13850
20240202,11:47:10,41.75,50,13850
20240202,11:47:15,42.1,50,13850
20240202,11:47:18,41.85,250,13850
20240202,11:47:27,41.85,50,13850
20240202,11:47:33,42.15,350,13850
20240202,11:47:35,42.3,350,14150
20240202,11:48:02,43.5,1000,14150
20240202,11:48:04,43.1,150,14150
20240202,11:48:06,43.2,100,14150
20240202,11:48:11,43.2,150,14150
20240202,11:48:12,42.95,150,14150
20240202,11:48:19,42.8,150,14150
20240202,11:48:42,42.85,100,14150
20240202,11:48:54,42.3,50,14150
20240202,11:48:59,41.85,50,14150
20240202,11:49:28,40.05,50,14150
20240202,11:49:43,39.4,100,14150
20240202,11:49:53,38.85,150,14150
20240202,11:49:58,38.7,100,14150
20240202,11:50:00,38.9,50,14150
20240202,11:50:02,38.75,50,14150
20240202,11:50:05,38.2,100,14150
20240202,11:50:07,38.4,50,14150
20240202,11:50:15,38.35,1050,14150
20240202,11:50:18,38.85,100,14150
20240202,11:50:34,39.35,400,14150
20240202,11:50:35,39.2,300,13700
20240202,11:50:42,38.95,50,13700
20240202,11:50:48,39.45,250,13700
20240202,11:50:55,39.6,50,13700
20240202,11:51:00,39.6,350,13700
20240202,11:51:08,39.2,50,13700
20240202,11:51:10,38.95,50,13700
20240202,11:51:30,38.65,100,13700
20240202,11:51:33,39.25,100,13700
20240202,11:51:40,39.4,100,13700
20240202,11:51:42,39.2,100,13700
20240202,11:51:52,39.7,50,13700
20240202,11:52:00,39.4,100,13700
20240202,11:52:02,39.2,100,13700
20240202,11:52:03,39.1,50,13700
20240202,11:52:17,38.65,50,13700
20240202,11:52:19,38.7,250,13700
20240202,11:52:26,38.7,50,13700
20240202,11:53:33,38.05,50,13700
20240202,11:53:59,36.8,350,15000
20240202,11:54:01,36.7,100,15000
20240202,11:54:13,37.4,100,15000
20240202,11:54:18,38.15,50,15000
20240202,11:54:21,37.95,300,15000
20240202,11:54:29,37.85,850,15000
20240202,11:54:54,38.45,150,15000
20240202,11:55:01,38.55,550,15000
20240202,11:55:04,38.2,100,15000
20240202,11:55:06,38.45,50,15000
20240202,11:55:09,38.6,50,15000
20240202,11:55:14,38.9,50,15000
20240202,11:55:16,38.8,100,15000
20240202,11:55:26,39.0,200,15000
20240202,11:56:04,39.1,350,15000
20240202,11:56:22,39.55,100,15000
20240202,11:56:27,40.0,150,15000
20240202,11:57:07,40.75,50,14850
20240202,11:57:13,41.1,100,14850
20240202,11:57:22,41.2,50,14850
20240202,11:57:24,41.1,200,14850
20240202,11:57:49,41.9,100,14850
20240202,11:58:01,42.3,200,14850
20240202,11:58:02,41.8,200,14850
20240202,11:58:04,41.9,200,14850
20240202,11:58:44,42.45,50,14850
20240202,11:58:47,42.4,100,14850
20240202,11:58:49,42.25,200,14850
20240202,11:59:08,41.65,50,14850
20240202,11:59:33,42.9,200,14850
20240202,11:59:41,42.75,250,14850
20240202,11:59:48,42.3,200,15950
20240202,11:59:51,42.85,100,15950
20240202,12:00:01,42.9,150,15950
20240202,12:00:03,43.35,300,15950
20240202,12:00:06,43.1,400,15950
20240202,12:00:08,42.8,500,15950
20240202,12:00:10,43.05,200,15950
20240202,12:00:13,43.15,50,15950
20240202,12:00:25,43.35,350,15950
20240202,12:00:31,43.15,100,15950
20240202,12:00:33,43.3,100,15950
20240202,12:00:55,43.6,100,15950
20240202,12:01:09,43.5,650,15950
20240202,12:01:14,43.65,100,15950
20240202,12:01:16,43.9,100,15950
20240202,12:01:34,43.9,150,15950
20240202,12:01:35,43.6,150,15950
20240202,12:01:45,43.5,50,15950
20240202,12:01:52,43.7,100,15950
20240202,12:02:51,44.4,500,15950
20240202,12:02:53,44.4,400,15950
20240202,12:02:54,44.35,100,15950
20240202,12:03:19,43.55,100,15950
20240202,12:03:20,43.45,200,15950
20240202,12:04:00,43.3,200,15950
20240202,12:04:04,43.1,250,15950
20240202,12:04:39,43.45,100,15950
20240202,12:05:53,42.7,100,17100
20240202,12:06:41,40.9,50,17100
20240202,12:06:51,40.4,150,17100
20240202,12:06:53,40.6,250,17100
20240202,12:06:55,40.7,100,17100
20240202,12:07:20,39.95,50,17100
20240202,12:07:43,39.45,50,17100
20240202,12:07:46,39.55,50,17100
20240202,12:08:01,38.95,100,17100
20240202,12:08:03,38.7,500,17100
20240202,12:08:05,38.9,100,17100
20240202,12:08:06,39.05,250,17100
20240202,12:08:08,39.25,100,17100
20240202,12:08:10,39.5,1300,17100
20240202,12:08:25,39.25,50,17100
20240202,12:08:27,39.45,50,17100
20240202,12:08:30,39.55,550,17100
20240202,12:08:33,39.7,50,17100
20240202,12:08:40,39.6,400,16600
20240202,12:08:45,39.75,50,16600
20240202,12:08:56,39.95,50,16600
20240202,12:09:05,40.1,50,16600
20240202,12:09:25,39.6,250,16600
20240202,12:09:27,39.5,50,16600
20240202,12:09:30,39.55,50,16600
20240202,12:09:43,39.4,150,16600
20240202,12:09:45,39.4,100,16600
20240202,12:09:54,39.0,650,16600
20240202,12:09:59,39.25,50,16600
20240202,12:10:49,39.35,50,16600
20240202,12:11:07,39.75,50,16600
20240202,12:11:10,39.65,100,16600
20240202,12:11:23,39.8,400,16600
20240202,12:11:33,39.1,100,16600
20240202,12:11:44,38.4,850,17500
20240202,12:12:04,38.5,200,17500
20240202,12:12:22,38.6,350,17500
20240202,12:13:05,38.0,150,17500
20240202,12:13:08,37.85,250,17500
20240202,12:13:10,37.75,450,17500
20240202,12:13:31,38.15,50,17500
20240202,12:13:57,37.8,350,17500
20240202,12:14:44,37.35,150,17900
20240202,12:15:03,37.15,50,17900
20240202,12:15:34,37.15,50,17900
20240202,12:15:56,37.9,100,17900
20240202,12:16:30,38.2,300,17900
20240202,12:16:48,38.6,50,17900
20240202,12:16:51,38.6,100,17900
20240202,12:17:14,37.9,100,17900
20240202,12:17:17,37.9,150,17900
20240202,12:17:40,38.1,100,18000
20240202,12:17:46,37.9,250,18000
20240202,12:18:03,37.8,50,18000
20240202,12:18:04,37.9,50,18000
20240202,12:18:49,38.15,50,18000
20240202,12:19:01,38.7,1000,18000
20240202,12:19:19,38.4,450,18000
20240202,12:19:33,38.35,50,18000
20240202,12:20:23,38.5,300,18000
20240202,12:20:48,38.55,50,19050
20240202,12:20:52,38.6,50,19050
20240202,12:21:19,38.25,50,19050
20240202,12:21:21,38.15,400,19050
20240202,12:21:23,38.1,300,19050
20240202,12:21:26,38.05,50,19050
20240202,12:21:30,38.05,50,19050
20240202,12:22:10,38.1,100,19050
20240202,12:22:53,37.4,1600,19050
20240202,12:23:04,37.15,50,19050
20240202,12:23:11,37.3,1150,19050
20240202,12:23:54,37.05,100,19050
20240202,12:24:35,36.1,50,17750
20240202,12:24:44,35.45,50,17750
20240202,12:24:54,35.0,200,17750
20240202,12:24:55,34.95,50,17750
20240202,12:24:57,34.95,600,17750
20240202,12:25:03,34.35,50,17750
20240202,12:25:10,35.2,50,17750
20240202,12:25:17,34.75,50,17750
20240202,12:25:22,34.9,150,17750
20240202,12:25:25,34.75,300,17750
20240202,12:25:32,34.6,250,17750
20240202,12:25:37,34.55,150,17750
20240202,12:25:38,34.5,50,17750
20240202,12:25:50,34.75,50,17750
20240202,12:25:53,34.65,50,17750
20240202,12:26:08,34.6,150,17750
20240202,12:26:13,34.45,50,17750
20240202,12:26:26,34.5,250,17750
20240202,12:27:06,33.6,100,17050
20240202,12:27:09,33.5,50,17050
20240202,12:27:11,33.1,100,17050
20240202,12:27:14,33.1,100,17050
20240202,12:27:33,31.15,100,17050
20240202,12:27:34,31.5,550,17050
20240202,12:27:39,31.45,50,17050
20240202,12:27:43,31.9,50,17050
20240202,12:27:44,32.0,100,17050
20240202,12:27:49,32.6,1000,17050
20240202,12:27:56,32.85,50,17050
20240202,12:27:58,32.65,400,17050
20240202,12:28:00,32.8,50,17050
20240202,12:28:07,32.65,150,17050
20240202,12:28:12,32.4,450,17050
20240202,12:28:22,31.7,50,17050
20240202,12:28:24,31.8,100,17050
20240202,12:28:26,31.8,400,17050
20240202,12:28:32,31.65,50,17050
20240202,12:28:51,30.1,200,17050
20240202,12:28:52,29.9,50,17050
20240202,12:28:54,30.2,700,17050
20240202,12:28:57,30.0,50,17050
20240202,12:29:01,30.35,50,17050
20240202,12:29:02,30.25,800,17050
20240202,12:29:06,30.0,600,17050
20240202,12:29:09,29.7,150,17050
20240202,12:29:14,29.0,450,17050
20240202,12:29:22,28.05,150,17050
20240202,12:29:24,27.9,350,17050
20240202,12:29:29,28.3,250,17050
20240202,12:29:31,28.3,100,17050
20240202,12:29:36,28.3,200,17050
20240202,12:29:37,28.65,200,17050
20240202,12:29:42,28.4,150,17050
20240202,12:29:46,28.5,300,16550
20240202,12:29:49,29.05,200,16550
20240202,12:29:51,29.0,950,16550
20240202,12:29:54,28.6,200,16550
20240202,12:29:56,28.65,100,16550
20240202,12:30:02,27.8,100,16550
20240202,12:30:04,27.5,250,16550
20240202,12:30:11,26.65,300,16550
20240202,12:30:14,26.3,50,16550
20240202,12:30:16,26.25,100,16550
20240202,12:30:19,25.95,400,16550
20240202,12:30:21,25.9,50,16550
20240202,12:30:23,25.45,50,16550
20240202,12:30:26,24.55,350,16550
20240202,12:30:28,24.75,1000,16550
20240202,12:30:29,24.55,2350,16550
20240202,12:30:31,24.25,400,16550
20240202,12:30:33,24.05,50,16550
20240202,12:30:34,23.25,50,16550
20240202,12:30:36,23.5,400,16550
20240202,12:30:39,23.4,50,16550
20240202,12:30:41,23.45,50,16550
20240202,12:30:43,23.5,50,16550
20240202,12:30:46,23.8,250,16550
20240202,12:30:49,23.85,350,16550
20240202,12:30:51,23.85,50,16550
20240202,12:30:53,24.15,500,16550
20240202,12:30:54,24.55,100,16550
20240202,12:30:56,24.6,100,16550
20240202,12:30:59,24.75,50,16550
20240202,12:31:01,24.8,300,16550
20240202,12:31:05,24.55,300,16550
20240202,12:31:09,24.35,50,16550
20240202,12:31:10,24.25,50,16550
20240202,12:31:12,24.0,150,16550
20240202,12:31:17,23.75,50,16550
20240202,12:31:35,23.6,50,16550
20240202,12:31:37,23.1,250,16550
20240202,12:31:39,22.85,450,16550
20240202,12:31:40,22.6,850,16550
20240202,12:31:42,22.5,700,16550
20240202,12:31:44,22.35,50,16550
20240202,12:31:45,22.45,150,16550
20240202,12:31:47,22.5,300,16550
20240202,12:31:54,21.95,250,16550
20240202,12:31:57,22.15,250,16550
20240202,12:31:59,21.95,400,16550
20240202,12:32:00,21.7,400,16550
20240202,12:32:03,21.6,2350,16550
20240202,12:32:04,21.6,300,16550
20240202,12:32:08,21.85,200,16550
20240202,12:32:09,21.9,150,16550
20240202,12:32:11,22.1,1450,16550
20240202,12:32:13,21.95,50,16550
20240202,12:32:14,21.95,950,16550
20240202,12:32:16,22.35,250,16550
20240202,12:32:19,22.1,350,16550
20240202,12:32:21,22.2,350,16550
20240202,12:32:26,22.65,100,16550
20240202,12:32:27,22.65,100,16550
20240202,12:32:32,23.3,50,16550
20240202,12:32:34,23.15,800,16550
20240202,12:32:36,23.25,100,16550
20240202,12:32:37,23.05,50,16550
20240202,12:32:41,22.9,100,16750
20240202,12:32:46,23.2,300,16750
20240202,12:32:47,23.05,200,16750
20240202,12:32:49,23.1,250,16750
20240202,12:32:57,23.05,50,16750
20240202,12:33:00,23.15,150,16750
20240202,12:33:04,22.8,750,16750
20240202,12:33:05,22.8,600,16750
20240202,12:33:07,22.5,100,16750
20240202,12:33:09,22.55,100,16750
20240202,12:33:10,22.7,300,16750
20240202,12:33:12,22.7,150,16750
20240202,12:33:15,22.35,300,16750
20240202,12:33:19,22.55,50,16750
20240202,12:33:22,22.55,100,16750
20240202,12:33:24,22.85,100,16750
20240202,12:33:25,22.95,250,16750
20240202,12:33:29,23.15,300,16750
20240202,12:33:30,23.05,250,16750
20240202,12:33:32,22.85,200,16750
20240202,12:33:34,22.75,100,16750
20240202,12:33:35,22.9,950,16750
20240202,12:33:37,23.1,1000,16750
20240202,12:33:42,22.9,100,16750
20240202,12:33:50,23.95,150,16750
20240202,12:33:52,23.9,450,16750
20240202,12:33:54,23.75,50,16750
20240202,12:33:55,24.05,500,16750
20240202,12:33:57,23.85,100,16750
20240202,12:34:03,23.85,300,16750
20240202,12:34:15,25.1,100,16750
20240202,12:34:20,24.85,200,16750
20240202,12:34:24,25.1,50,16750
20240202,12:34:32,25.7,200,16750
20240202,12:34:37,25.5,150,16750
20240202,12:34:39,25.3,150,16750
20240202,12:34:40,25.4,250,16750
20240202,12:34:42,25.75,50,16750
20240202,12:34:44,25.5,300,16750
20240202,12:34:45,25.6,150,16750
20240202,12:34:59,25.0,100,16750
20240202,12:35:00,25.15,450,16750
20240202,12:35:02,25.05,50,16750
20240202,12:35:03,24.9,200,16750
20240202,12:35:07,24.55,100,16750
20240202,12:35:08,24.25,450,16750
20240202,12:35:15,24.0,200,16750
20240202,12:35:17,23.7,50,16750
20240202,12:35:20,23.45,100,16750
20240202,12:35:22,22.9,100,16750
20240202,12:35:23,22.8,50,16750
20240202,12:35:25,22.55,1050,16750
20240202,12:35:30,22.6,250,16750
20240202,12:35:32,22.7,50,16750
20240202,12:35:33,23.1,100,16750
20240202,12:35:37,23.25,300,16750
20240202,12:35:38,22.85,300,16750
20240202,12:35:40,22.6,250,15650
20240202,12:35:42,22.55,300,15650
20240202,12:35:43,22.45,550,15650
20240202,12:35:47,22.5,50,15650
20240202,12:35:48,22.5,500,15650
20240202,12:35:50,22.3,100,15650
20240202,12:35:52,22.0,100,15650
20240202,12:35:55,21.7,250,15650
20240202,12:35:56,21.25,150,15650
20240202,12:36:00,21.15,350,15650
20240202,12:36:01,21.1,50,15650
20240202,12:36:03,21.1,50,15650
20240202,12:36:05,20.65,600,15650
20240202,12:36:06,20.75,100,15650
20240202,12:36:08,20.6,500,15650
20240202,12:36:11,20.3,100,15650
20240202,12:36:13,20.15,1100,15650
20240202,12:36:15,20.3,100,15650
20240202,12:36:16,20.25,50,15650
20240202,12:36:21,19.9,250,15650
20240202,12:36:23,19.9,100,15650
20240202,12:36:26,19.7,50,15650
20240202,12:36:28,19.65,50,15650
20240202,12:36:30,19.65,50,15650
20240202,12:36:31,19.95,50,15650
20240202,12:36:33,20.0,500,15650
20240202,12:36:35,19.95,650,15650
20240202,12:36:36,19.8,150,15650
20240202,12:36:38,19.8,100,15650
20240202,12:36:41,19.9,400,15650
20240202,12:36:46,19.95,650,15650
20240202,12:36:48,20.0,650,15650
20240202,12:36:55,20.3,550,15650
20240202,12:36:56,20.25,50,15650
20240202,12:37:00,20.25,50,15650
20240202,12:37:05,20.55,150,15650
20240202,12:37:07,20.55,150,15650
20240202,12:37:08,20.55,300,15650
20240202,12:37:10,20.45,150,15650
20240202,12:37:13,20.6,50,15650
20240202,12:37:15,20.95,100,15650
20240202,12:37:20,21.15,100,15650
20240202,12:37:27,20.95,150,15650
20240202,12:37:28,21.0,50,15650
20240202,12:37:32,21.4,300,15650
20240202,12:37:33,21.25,150,15650
20240202,12:37:35,20.75,50,15650
20240202,12:37:38,20.8,150,15650
20240202,12:37:40,20.9,50,15650
20240202,12:37:42,20.95,150,15650
20240202,12:37:43,21.15,100,15650
20240202,12:37:45,21.1,150,15650
20240202,12:37:48,21.15,100,15650
20240202,12:37:50,21.15,50,15650
20240202,12:37:53,21.0,250,15650
20240202,12:37:55,20.95,200,15650
20240202,12:37:58,21.25,250,15650
20240202,12:38:02,21.3,200,15650
20240202,12:38:05,21.3,150,15650
20240202,12:38:07,21.15,100,15650
20240202,12:38:12,21.3,100,15650
20240202,12:38:13,21.35,100,15650
20240202,12:38:25,21.5,350,15650
20240202,12:38:47,21.45,50,15650
20240202,12:38:49,21.55,50,16050
20240202,12:39:02,22.05,50,16050
20240202,12:39:25,21.55,50,16050
20240202,12:39:26,21.6,150,16050
20240202,12:39:48,23.0,50,16050
20240202,12:39:50,22.95,50,16050
20240202,12:40:03,24.4,100,16050
20240202,12:40:07,24.0,1150,16050
20240202,12:40:10,24.9,400,16050
20240202,12:40:12,24.7,100,16050
20240202,12:40:15,25.0,50,16050
20240202,12:40:17,24.9,200,16050
20240202,12:40:20,25.15,100,16050
20240202,12:40:22,24.9,100,16050
20240202,12:40:23,25.15,800,16050
20240202,12:40:25,25.35,100,16050
20240202,12:40:28,25.4,100,16050
20240202,12:40:33,25.25,50,16050
20240202,12:40:35,24.95,100,16050
20240202,12:40:42,25.5,50,16050
20240202,12:40:52,25.85,50,16050
20240202,12:40:55,25.8,100,16050
20240202,12:41:00,26.0,100,16050
20240202,12:41:07,25.85,50,16050
20240202,12:41:10,25.4,150,16050
20240202,12:41:34,24.55,50,16050
20240202,12:41:45,24.75,50,16200
20240202,12:41:50,24.7,50,16200
20240202,12:42:00,24.9,50,16200
20240202,12:42:10,23.95,500,16200
20240202,12:42:20,23.15,500,16200
20240202,12:42:30,23.5,300,16200
20240202,12:42:39,24.4,800,16200
20240202,12:42:49,24.55,150,16200
20240202,12:43:08,25.2,150,16200
20240202,12:43:13,25.0,700,16200
20240202,12:43:15,24.8,100,16200
20240202,12:43:18,25.05,250,16200
20240202,12:43:22,25.25,50,16200
20240202,12:43:30,25.65,150,16200
20240202,12:44:00,25.25,500,16200
20240202,12:44:05,25.6,150,16200
20240202,12:44:15,25.7,50,16200
20240202,12:44:28,25.45,150,16200
20240202,12:45:06,26.05,300,16700
20240202,12:45:19,25.85,50,16700
20240202,12:45:34,25.95,200,16700
20240202,12:45:39,25.85,50,16700
20240202,12:45:44,25.9,100,16700
20240202,12:46:34,25.25,50,16700
20240202,12:46:44,24.5,50,16700
20240202,12:46:49,24.7,800,16700
20240202,12:47:13,24.1,500,16700
20240202,12:47:19,24.25,150,16700
20240202,12:47:24,24.55,50,16700
20240202,12:47:49,24.35,50,16800
20240202,12:48:06,24.25,50,16800
20240202,12:48:09,24.25,100,16800
20240202,12:48:13,24.2,50,16800
20240202,12:48:19,24.15,50,16800
20240202,12:48:34,23.7,450,16800
20240202,12:48:58,23.9,50,16800
20240202,12:49:01,24.1,50,16800
20240202,12:49:04,24.05,100,16800
20240202,12:49:28,23.15,150,16800
20240202,12:49:29,23.3,50,16800
20240202,12:49:33,23.4,700,16800
20240202,12:49:43,23.4,200,16800
20240202,12:49:55,23.45,50,16800
20240202,12:50:12,23.4,150,16800
20240202,12:50:38,22.55,100,16800
20240202,12:51:11,23.55,150,17700
20240202,12:51:38,23.95,100,17700
20240202,12:51:55,24.0,7950,17700
20240202,12:52:03,23.95,150,17700
20240202,12:52:05,24.0,100,17700
20240202,12:52:23,23.5,500,17700
20240202,12:53:08,23.45,100,17700
20240202,12:53:13,23.65,100,17700
20240202,12:53:33,23.8,2300,17700
20240202,12:53:46,23.3,650,14500
20240202,12:53:50,23.15,500,14500
20240202,12:54:01,23.35,100,14500
20240202,12:54:05,23.2,400,14500
20240202,12:54:08,23.25,150,14500
20240202,12:54:18,23.5,700,14500
20240202,12:54:28,23.6,50,14500
20240202,12:54:30,23.55,50,14500
20240202,12:54:31,23.5,100,14500
20240202,12:54:33,23.45,100,14500
20240202,12:55:01,23.4,250,14500
20240202,12:56:09,23.6,500,14500
20240202,12:56:29,23.75,50,14500
20240202,12:56:35,23.8,250,14500
20240202,12:56:39,23.75,50,14500
20240202,12:57:07,23.7,250,14650
20240202,12:57:12,23.75,50,14650
20240202,12:57:25,23.75,50,14650
20240202,12:59:09,22.9,50,14650
20240202,12:59:18,22.6,100,14650
20240202,12:59:23,22.55,100,14650
20240202,12:59:32,22.7,50,14650
20240202,12:59:55,22.6,450,15050
20240202,13:00:03,22.2,200,15050
20240202,13:00:05,22.25,200,15050
20240202,13:00:10,22.1,50,15050
20240202,13:00:11,22.1,50,15050
20240202,13:00:15,21.95,100,15050
20240202,13:00:39,22.5,200,15050
20240202,13:01:05,22.75,100,15050
20240202,13:01:58,23.15,50,15050
20240202,13:02:01,23.1,250,15050
20240202,13:02:10,22.95,50,15050
20240202,13:02:55,23.2,100,14550
20240202,13:03:12,23.5,50,14550
20240202,13:04:02,23.5,250,14550
20240202,13:04:05,23.55,550,14550
20240202,13:04:12,23.55,50,14550
20240202,13:04:15,23.45,50,14550
20240202,13:04:58,23.55,50,14550
20240202,13:05:35,23.15,50,14550
20240202,13:06:07,22.6,200,14350
20240202,13:06:24,22.9,50,14350
20240202,13:06:47,23.6,1000,14350
20240202,13:06:48,23.35,50,14350
20240202,13:07:11,23.3,50,14350
20240202,13:07:25,23.6,100,14350
20240202,13:07:26,23.55,50,14350
20240202,13:07:30,23.5,50,14350
20240202,13:07:40,23.5,200,14350
20240202,13:07:48,23.5,100,14350
20240202,13:08:13,23.3,50,14350
20240202,13:08:57,23.05,150,14950
20240202,13:09:04,23.0,150,14950
20240202,13:09:06,22.7,200,14950
20240202,13:09:27,22.7,300,14950
20240202,13:10:04,22.85,300,14950
20240202,13:10:05,22.9,100,14950
20240202,13:10:12,23.1,50,14950
20240202,13:10:19,23.2,350,14950
20240202,13:10:32,23.3,600,14950
20240202,13:11:04,23.1,100,14950
20240202,13:11:09,22.7,100,14950
20240202,13:11:42,22.8,200,14950
20240202,13:11:55,22.3,600,15000
20240202,13:11:57,22.55,50,15000
20240202,13:12:20,23.15,500,15000
20240202,13:12:29,23.15,100,15000
20240202,13:12:45,23.25,50,15000
20240202,13:12:57,23.2,300,15000
20240202,13:12:59,23.2,150,15000
20240202,13:13:14,22.85,50,15000
20240202,13:13:27,22.7,250,15000
20240202,13:13:57,22.0,50,15000
20240202,13:14:06,22.15,250,15000
20240202,13:14:15,21.75,600,15000
20240202,13:14:24,21.95,2750,15000
20240202,13:14:42,21.4,850,15000
20240202,13:14:52,21.1,1200,16400
20240202,13:15:01,21.55,550,16400
20240202,13:15:03,21.2,150,16400
20240202,13:15:07,20.85,100,16400
20240202,13:15:08,20.75,50,16400
20240202,13:15:13,20.5,500,16400
20240202,13:15:15,20.8,100,16400
20240202,13:15:18,20.9,200,16400
20240202,13:15:22,20.9,50,16400
20240202,13:15:23,20.8,100,16400
20240202,13:15:27,21.0,150,16400
20240202,13:15:28,20.9,50,16400
20240202,13:15:30,20.95,100,16400
20240202,13:15:33,20.85,50,16400
20240202,13:15:37,20.9,50,16400
20240202,13:15:38,20.85,50,16400
20240202,13:15:40,20.65,100,16400
20240202,13:15:41,20.7,150,16400
20240202,13:15:43,20.5,100,16400
20240202,13:15:46,20.45,50,16400
20240202,13:15:48,20.6,50,16400
20240202,13:15:53,20.65,200,16400
20240202,13:16:01,20.75,50,16400
20240202,13:16:11,21.35,150,16400
20240202,13:16:13,21.15,450,16400
20240202,13:16:16,21.1,100,16400
20240202,13:16:24,21.55,150,16400
20240202,13:16:26,21.5,100,16400
20240202,13:16:33,21.65,200,16400
20240202,13:16:39,21.7,150,16400
20240202,13:16:41,21.75,100,16400
20240202,13:16:48,21.7,100,16400
20240202,13:16:50,21.75,150,16400
20240202,13:16:51,21.75,100,16400
20240202,13:16:58,21.7,150,16400
20240202,13:17:01,21.75,100,16400
20240202,13:17:05,21.85,50,16400
20240202,13:17:06,21.8,600,16400
20240202,13:17:16,21.6,100,16400
20240202,13:17:19,21.7,950,16400
20240202,13:17:23,21.6,50,16400
20240202,13:17:26,21.8,50,16400
20240202,13:17:31,21.95,200,16400
20240202,13:17:36,21.75,200,16400
20240202,13:17:48,22.05,50,16950
20240202,13:17:54,22.05,50,16950
20240202,13:17:57,22.0,150,16950
20240202,13:18:04,22.05,200,16950
20240202,13:18:09,22.1,50,16950
20240202,13:18:34,22.3,100,16950
20240202,13:18:37,22.15,50,16950
20240202,13:18:39,22.35,50,16950
20240202,13:18:40,22.2,100,16950
20240202,13:18:44,22.35,150,16950
20240202,13:18:50,22.35,250,16950
20240202,13:18:57,22.1,100,16950
20240202,13:18:59,22.05,100,16950
20240202,13:19:05,22.3,450,16950
20240202,13:19:11,22.35,1200,16950
20240202,13:19:14,22.3,100,16950
20240202,13:19:22,22.2,50,16950
20240202,13:20:29,22.2,100,16950
20240202,13:20:31,22.3,150,16950
20240202,13:20:36,22.5,200,16950
20240202,13:20:37,22.35,100,16950
20240202,13:20:49,22.1,50,17600
20240202,13:20:52,21.95,1800,17600
20240202,13:20:57,21.8,1800,17600
20240202,13:21:04,21.85,50,17600
20240202,13:21:17,22.2,100,17600
20240202,13:21:45,21.85,50,17600
20240202,13:21:55,21.8,50,17600
20240202,13:21:59,21.75,250,17600
20240202,13:22:02,21.75,250,17600
20240202,13:22:03,21.8,50,17600
20240202,13:22:08,21.7,50,17600
20240202,13:22:28,21.55,50,17600
20240202,13:22:38,21.3,900,17600
20240202,13:22:41,21.7,100,17600
20240202,13:22:43,21.7,50,17600
20240202,13:22:46,21.6,750,17600
20240202,13:23:14,21.8,100,17600
20240202,13:23:19,21.7,100,17600
20240202,13:23:35,21.3,250,17600
20240202,13:23:39,21.45,50,17600
20240202,13:23:57,21.5,200,21800
20240202,13:24:18,21.4,200,21800
20240202,13:25:00,20.7,150,21800
20240202,13:25:52,20.5,50,21800
20240202,13:25:55,20.7,200,21800
20240202,13:25:57,20.5,50,21800
20240202,13:25:59,19.45,50,21800
20240202,13:26:00,19.35,600,21800
20240202,13:26:02,19.35,50,21800
20240202,13:26:04,19.45,100,21800
20240202,13:26:05,19.5,300,21800
20240202,13:26:09,19.5,50,21800
20240202,13:26:10,19.4,200,21800
20240202,13:26:20,19.6,50,21800
20240202,13:26:22,19.65,50,21800
20240202,13:26:27,19.55,100,21800
20240202,13:26:35,19.6,150,21800
20240202,13:26:37,19.55,100,21800
20240202,13:27:06,19.5,50,20450
20240202,13:27:22,19.45,150,20450
20240202,13:27:36,19.6,300,20450
20240202,13:27:44,19.4,100,20450
20240202,13:27:51,19.05,50,20450
20240202,13:27:58,19.05,50,20450
20240202,13:28:05,19.25,50,20450
20240202,13:28:10,19.45,100,20450
20240202,13:28:18,19.6,50,20450
20240202,13:28:30,19.6,2000,20450
20240202,13:28:33,19.45,350,20450
20240202,13:28:58,19.9,50,20450
20240202,13:29:00,19.9,50,20450
20240202,13:29:07,20.15,300,20450
20240202,13:29:13,20.4,50,20450
20240202,13:29:32,20.3,50,20450
20240202,13:30:25,20.45,50,21000
20240202,13:30:32,20.7,50,21000
20240202,13:30:34,20.8,50,21000
20240202,13:31:08,20.8,50,21000
20240202,13:31:13,20.4,50,21000
20240202,13:31:21,20.35,50,21000
20240202,13:31:31,20.55,50,21000
20240202,13:31:44,20.1,50,21000
20240202,13:31:46,20.1,300,21000
20240202,13:32:01,19.95,50,21000
20240202,13:32:02,20.15,100,21000
20240202,13:32:39,19.25,500,21000
20240202,13:32:42,19.5,350,21000
20240202,13:32:44,19.5,250,21000
20240202,13:32:51,19.45,100,21400
20240202,13:33:07,19.9,200,21400
20240202,13:33:22,20.1,100,21400
20240202,13:33:39,19.95,100,21400
20240202,13:34:03,20.1,100,21400
20240202,13:34:10,19.85,300,21400
20240202,13:34:12,20.0,100,21400
20240202,13:34:13,19.9,200,21400
20240202,13:34:15,20.05,50,21400
20240202,13:34:17,20.0,200,21400
20240202,13:34:30,19.8,100,21400
20240202,13:34:32,19.8,50,21400
20240202,13:35:10,20.05,500,21400
20240202,13:35:17,20.15,150,21400
20240202,13:35:42,20.45,50,21400
20240202,13:35:52,20.5,100,21250
20240202,13:36:03,20.45,50,21250
20240202,13:36:08,20.4,50,21250
20240202,13:36:15,20.65,100,21250
20240202,13:36:23,20.55,50,21250
20240202,13:36:33,20.45,150,21250
20240202,13:36:47,20.65,50,21250
20240202,13:36:58,20.95,50,21250
20240202,13:37:42,20.95,100,21250
20240202,13:38:05,20.95,100,21250
20240202,13:38:23,21.0,300,21250
20240202,13:38:32,21.0,200,21250
20240202,13:38:51,21.25,100,21250
20240202,13:39:03,21.1,150,21200
20240202,13:39:11,21.0,50,21200
20240202,13:39:16,21.15,100,21200
20240202,13:39:20,21.2,50,21200
20240202,13:39:23,21.3,200,21200
20240202,13:39:28,21.35,100,21200
20240202,13:39:54,21.3,100,21200
20240202,13:40:23,21.15,500,21200
20240202,13:40:50,20.5,50,21200
20240202,13:41:22,20.05,50,21200
20240202,13:41:38,19.75,150,21200
20240202,13:41:53,19.9,50,21050
20240202,13:42:50,19.75,2000,21050
20240202,13:43:05,19.95,150,21050
20240202,13:43:13,19.95,150,21050
20240202,13:43:27,20.1,50,21050
20240202,13:43:35,20.0,250,21050
20240202,13:43:42,20.0,1150,21050
20240202,13:43:50,20.1,150,21050
20240202,13:44:04,20.05,100,21050
20240202,13:44:14,19.7,50,21050
20240202,13:44:27,19.95,50,21050
20240202,13:44:30,20.0,100,21050
20240202,13:44:47,19.85,250,21050
20240202,13:44:58,19.8,50,19350
20240202,13:46:17,20.45,200,19350
20240202,13:46:19,20.4,50,19350
20240202,13:47:17,20.3,50,19350
20240202,13:47:27,20.2,50,19350
20240202,13:47:30,20.15,250,19350
20240202,13:47:37,20.05,50,19350
20240202,13:48:06,20.25,50,19050
20240202,13:49:09,20.05,50,19050
20240202,13:49:23,19.8,50,19050
20240202,13:49:46,19.65,150,19050
20240202,13:51:31,19.55,100,19050
20240202,13:53:01,19.9,50,19050
20240202,13:53:33,20.2,200,19050
20240202,13:53:36,20.1,150,19050
20240202,13:53:38,20.0,50,19050
20240202,13:54:12,20.25,50,18950
20240202,13:55:07,20.5,50,18950
20240202,13:55:37,20.3,50,18950
20240202,13:56:36,20.9,50,18950
20240202,13:57:04,20.5,300,18950
20240202,13:57:06,20.55,150,18950
20240202,13:58:28,21.1,50,18950
20240202,13:59:59,20.9,50,19100
20240202,14:01:19,20.4,50,19100
20240202,14:01:42,21.0,100,19100
20240202,14:02:59,21.1,50,19150
20240202,14:03:15,21.0,250,19150
20240202,14:04:47,21.35,50,19150
20240202,14:04:52,21.35,50,19150
20240202,14:05:07,21.2,150,19150
20240202,14:05:10,21.25,150,19150
20240202,14:05:52,22.0,50,19200
20240202,14:06:01,21.9,50,19200
20240202,14:06:10,21.8,100,19200
20240202,14:06:25,21.6,250,19200
20240202,14:09:28,23.05,50,19250
20240202,14:09:37,23.1,50,19250
20240202,14:09:57,23.25,200,19250
20240202,14:10:04,23.5,500,19250
20240202,14:10:06,23.35,50,19250
20240202,14:10:39,23.05,150,19250
20240202,14:10:41,22.9,100,19250
20240202,14:11:04,22.7,50,19250
20240202,14:11:14,22.65,50,19250
20240202,14:12:22,21.85,50,19350
20240202,14:13:30,22.1,50,19350
20240202,14:14:27,22.5,100,19350
20240202,14:16:22,22.2,150,19350
20240202,14:19:14,21.55,100,19300
20240202,14:19:29,21.85,150,19300
20240202,14:19:44,21.45,500,19300
20240202,14:19:51,21.65,100,19300
20240202,14:19:58,21.6,50,19300
20240202,14:20:11,21.7,50,19300
20240202,14:20:25,22.0,100,19300
20240202,14:21:06,21.65,100,19500
20240202,14:21:45,21.7,150,19500
20240202,14:21:58,21.65,150,19500
20240202,14:22:05,21.85,50,19500
20240202,14:22:12,21.7,50,19500
20240202,14:22:33,21.25,50,19500
20240202,14:23:22,21.1,50,19500
20240202,14:23:29,21.1,50,19500
20240202,14:23:43,20.85,50,19500
20240202,14:23:51,20.7,50,19500
20240202,14:24:20,20.55,50,19550
20240202,14:24:35,20.65,50,19550
20240202,14:24:41,20.8,50,19550
20240202,14:26:20,21.7,50,19550
20240202,14:28:12,20.8,50,19500
20240202,14:28:40,20.3,100,19500
20240202,14:29:34,19.85,50,19500
20240202,14:29:47,19.75,50,19500
20240202,14:29:59,19.75,50,19400
20240202,14:30:05,19.8,100,19400
20240202,14:30:11,19.7,50,19400
20240202,14:30:38,20.2,50,19400
20240202,14:31:48,19.85,200,19400
20240202,14:31:55,19.8,50,19400
20240202,14:32:07,19.95,50,19400
20240202,14:32:15,19.65,100,19400
20240202,14:33:20,19.5,200,19400
20240202,14:33:26,19.35,500,19400
20240202,14:34:08,19.5,100,19400
20240202,14:34:21,19.35,250,19400
20240202,14:34:40,19.65,50,19400
20240202,14:35:27,19.45,50,19400
20240202,14:36:29,20.0,100,19500
20240202,14:37:45,21.0,50,19500
20240202,14:39:19,20.95,100,19550
20240202,14:40:21,20.95,50,19550
20240202,14:40:40,20.65,200,19550
20240202,14:41:39,21.25,50,19550
20240202,14:41:52,21.4,50,19550
20240202,14:42:11,21.35,50,19450
20240202,14:42:24,21.4,50,19450
20240202,14:42:31,21.3,50,19450
20240202,14:43:21,21.6,50,19450
20240202,14:43:31,21.8,50,19450
20240202,14:43:43,22.2,50,19450
20240202,14:43:46,22.2,600,19450
20240202,14:44:01,22.35,50,19450
20240202,14:44:23,22.85,100,19450
20240202,14:44:51,22.45,100,19450
20240202,14:45:03,22.45,50,19400
20240202,14:45:15,22.45,100,19400
20240202,14:45:47,22.6,50,19400
20240202,14:46:24,22.5,50,19400
20240202,14:46:31,22.5,150,19400
20240202,14:46:38,22.5,50,19400
20240202,14:46:50,22.2,50,19400
20240202,14:48:00,22.85,50,19450
20240202,14:50:06,22.95,50,19450
20240202,14:50:16,23.15,150,19450
20240202,14:50:31,22.95,800,19450
20240202,14:50:54,22.05,250,19450
20240202,14:51:14,21.6,50,20200
20240202,14:51:15,21.9,50,20200
20240202,14:52:05,22.0,50,20200
20240202,14:53:23,20.55,50,20200
20240202,14:53:32,20.15,250,20200
20240202,14:53:33,19.85,300,20200
20240202,14:53:47,19.0,100,20200
20240202,14:54:18,19.0,50,20800
20240202,14:54:26,19.5,50,20800
20240202,14:54:28,19.5,400,20800
20240202,14:54:31,19.25,250,20800
20240202,14:54:46,19.25,50,20800
20240202,14:55:36,18.9,50,20800
20240202,14:55:38,18.9,100,20800
20240202,14:55:43,19.15,250,20800
20240202,14:55:48,19.4,100,20800
20240202,14:56:03,19.05,50,20800
20240202,14:56:11,19.15,50,20800
20240202,14:56:16,19.05,100,20800
20240202,14:56:31,18.3,750,20800
20240202,14:56:48,17.95,50,20800
20240202,14:56:50,17.9,50,20800
20240202,14:56:51,17.9,50,20800
20240202,14:57:01,17.45,50,20250
20240202,14:57:10,16.95,100,20250
20240202,14:57:21,16.95,50,20250
20240202,14:57:23,17.25,100,20250
20240202,14:57:26,17.4,550,20250
20240202,14:57:33,17.15,50,20250
20240202,14:57:50,17.05,100,20250
20240202,14:57:58,16.95,50,20250
20240202,14:58:11,17.15,150,20250
20240202,14:58:40,17.55,50,20250
20240202,14:58:58,17.4,100,20250
20240202,14:59:07,17.4,250,20250
20240202,14:59:16,17.55,50,20250
20240202,14:59:43,18.0,250,20250
20240202,14:59:51,18.0,100,20250
20240202,15:00:01,17.95,100,20250
20240202,15:00:10,18.15,150,20150
20240202,15:00:30,19.2,50,20150
20240202,15:00:40,19.65,300,20150
20240202,15:00:51,19.5,200,20150
20240202,15:01:01,19.25,100,20150
20240202,15:01:11,19.5,50,20150
20240202,15:01:13,19.6,50,20150
20240202,15:01:26,19.5,50,20150
20240202,15:01:33,19.0,100,20150
20240202,15:01:36,18.9,50,20150
20240202,15:01:41,18.95,350,20150
20240202,15:01:45,18.95,50,20150
20240202,15:01:46,19.2,100,20150
20240202,15:02:03,19.3,50,20150
20240202,15:02:08,19.15,50,20150
20240202,15:02:18,18.65,50,20150
20240202,15:02:32,18.0,50,20150
20240202,15:02:37,17.6,50,20150
20240202,15:02:50,18.25,100,20150
20240202,15:02:58,18.0,250,20150
20240202,15:03:00,18.3,50,20000
20240202,15:03:02,18.35,200,20000
20240202,15:03:20,17.85,250,20000
20240202,15:03:30,17.75,100,20000
20240202,15:03:39,17.7,150,20000
20240202,15:03:49,17.75,250,20000
20240202,15:03:57,17.8,50,20000
20240202,15:04:07,17.5,150,20000
20240202,15:04:16,17.7,500,20000
20240202,15:04:25,17.55,100,20000
20240202,15:04:42,17.6,100,20000
20240202,15:04:51,17.75,150,20000
20240202,15:04:59,17.9,50,20000
20240202,15:05:09,18.1,100,20000
20240202,15:05:18,18.2,100,20000
20240202,15:05:44,18.35,50,20000
20240202,15:06:28,18.7,50,20150
20240202,15:07:40,18.9,200,20150
20240202,15:07:56,19.45,200,20150
20240202,15:08:18,18.95,50,20150
20240202,15:08:27,18.7,50,20150
20240202,15:08:46,19.2,150,20150
20240202,15:08:55,19.1,100,20150
20240202,15:09:04,19.0,1050,20350
20240202,15:09:13,18.95,100,20350
20240202,15:09:22,19.05,50,20350
20240202,15:09:31,19.35,1100,20350
20240202,15:09:40,19.2,200,20350
20240202,15:09:49,19.25,100,20350
20240202,15:10:24,19.45,250,20350
20240202,15:10:33,19.3,300,20350
20240202,15:11:01,19.4,350,20350
20240202,15:11:09,19.35,950,20350
20240202,15:11:18,19.15,350,20350
20240202,15:11:27,19.45,150,20350
20240202,15:11:54,19.6,50,20350
20240202,15:12:11,19.6,100,19050
20240202,15:12:31,19.5,50,19050
20240202,15:13:12,18.85,50,19050
20240202,15:13:21,18.7,100,19050
20240202,15:13:33,18.8,200,19050
20240202,15:13:46,18.4,900,19050
20240202,15:13:56,18.85,150,19050
20240202,15:14:06,19.05,100,19050
20240202,15:14:09,19.0,50,19050
20240202,15:14:16,19.0,50,19050
20240202,15:14:50,18.3,200,19050
20240202,15:14:52,18.5,50,19050
20240202,15:15:02,18.55,300,20050
20240202,15:15:12,18.3,250,20050
20240202,15:15:20,18.5,50,20050
20240202,15:15:27,18.3,250,20050
20240202,15:15:32,18.3,50,20050
20240202,15:16:05,18.55,100,20050
20240202,15:16:47,18.8,50,20050
20240202,15:17:02,18.85,50,20050
20240202,15:17:07,18.65,150,20050
20240202,15:17:10,18.8,500,20050
20240202,15:17:12,18.75,1100,20050
20240202,15:17:13,18.8,200,20050
20240202,15:17:23,18.55,50,20050
20240202,15:17:27,18.6,50,20050
20240202,15:17:37,18.7,50,20050
20240202,15:17:53,18.8,50,20050
20240202,15:18:16,18.75,250,20050
20240202,15:18:23,18.45,250,20200
20240202,15:18:36,18.35,50,20200
20240202,15:18:49,18.25,1450,20200
20240202,15:19:03,18.0,100,20200
20240202,15:19:04,17.95,50,20200
20240202,15:19:34,17.85,100,20200
20240202,15:19:39,17.9,50,20200
20240202,15:19:46,17.75,50,20200
20240202,15:20:01,17.95,200,20200
20240202,15:20:09,17.95,100,20200
20240202,15:20:18,18.1,200,20200
20240202,15:20:35,18.4,50,20200
20240202,15:21:32,18.2,150,19750
20240202,15:21:52,18.0,750,19750
20240202,15:21:57,18.0,50,19750
20240202,15:21:58,17.85,100,19750
20240202,15:22:18,17.6,50,19750
20240202,15:22:35,17.6,200,19750
20240202,15:22:37,17.6,300,19750
20240202,15:23:03,17.8,50,19750
20240202,15:24:01,17.45,50,19750
20240202,15:24:02,17.6,200,19450
20240202,15:24:29,17.65,50,19450
20240202,15:24:37,17.5,100,19450
20240202,15:24:45,17.45,200,19450
20240202,15:24:53,17.6,50,19450
20240202,15:25:23,17.35,50,19450
20240202,15:25:31,17.1,100,19450
20240202,15:25:32,17.05,50,19450
20240202,15:25:34,16.85,300,19450
20240202,15:25:42,16.75,100,19450
20240202,15:25:44,16.6,50,19450
20240202,15:26:16,16.6,100,19450
20240202,15:26:24,16.55,100,19450
20240202,15:26:40,16.45,150,19450
20240202,15:27:29,16.65,500,18550
20240202,15:27:37,16.5,250,18550
20240202,15:27:45,16.55,1800,18550
20240202,15:28:07,16.9,50,18550
20240202,15:29:29,17.3,50,18550
20240202,15:29:38,17.25,100,18550
20240202,15:29:47,17.1,150,18550
20240202,15:29:57,17.0,400,18550
20240205,09:15:02,17.0,1,18800
20240205,09:15:02,17.0,50,18800
20240205,09:15:13,18.7,1700,18800
20240205,09:15:13,9.6,1700,18800
20240205,09:15:25,19.2,600,18800
20240205,09:15:45,16.25,400,18800
20240205,09:15:55,16.05,100,18800
20240205,09:16:03,15.65,1350,18800
20240205,09:16:22,16.85,300,19000
20240205,09:16:31,16.45,50,19000
20240205,09:16:39,16.0,350,19000
20240205,09:16:59,16.25,50,19000
20240205,09:17:08,16.4,50,19000
20240205,09:17:17,16.7,300,19000
20240205,09:17:25,17.2,450,19000
20240205,09:17:36,17.6,50,19000
20240205,09:17:52,17.4,350,19000
20240205,09:18:00,17.85,300,19000
20240205,09:18:02,17.6,350,19000
20240205,09:18:12,17.3,50,19000
20240205,09:18:15,17.5,50,19000
20240205,09:18:37,17.45,500,19000
20240205,09:18:42,17.55,150,19000
20240205,09:19:10,16.85,50,19000
20240205,09:19:11,16.9,50,19650
20240205,09:19:13,17.0,150,19650
20240205,09:19:48,16.9,100,19650
20240205,09:20:06,17.0,50,19650
20240205,09:20:08,16.95,50,19650
20240205,09:20:36,17.25,300,19650
20240205,09:20:38,17.25,50,19650
20240205,09:20:45,17.5,500,19650
20240205,09:20:58,17.0,750,19650
20240205,09:21:00,17.15,50,19650
20240205,09:21:01,17.1,300,19650
20240205,09:21:03,17.2,250,19650
20240205,09:21:18,17.35,100,19650
20240205,09:21:20,17.1,50,19650
20240205,09:21:28,16.9,50,19650
20240205,09:21:36,16.75,350,19650
20240205,09:21:58,16.75,250,19650
20240205,09:22:06,16.8,50,19650
20240205,09:22:13,16.65,50,19650
20240205,09:22:18,16.65,150,19650
20240205,09:22:21,16.65,350,19650
20240205,09:22:23,16.5,300,19650
20240205,09:22:33,16.5,50,19650
20240205,09:22:36,16.5,50,19650
20240205,09:22:38,16.6,50,19650
20240205,09:22:45,16.8,50,19650
20240205,09:22:51,16.65,50,19650
20240205,09:23:31,16.6,100,19650
20240205,09:23:48,17.05,200,19650
20240205,09:23:55,17.3,300,19650
20240205,09:24:11,17.1,150,19650
20240205,09:24:15,17.1,50,19650
20240205,09:24:18,17.15,150,19650
20240205,09:24:23,17.0,50,19650
20240205,09:24:25,17.0,50,19650
20240205,09:24:30,16.9,50,19650
20240205,09:24:31,16.85,50,19650
20240205,09:24:33,16.8,2650,19650
20240205,09:24:43,16.8,300,19650
20240205,09:24:46,17.05,50,19650
20240205,09:24:48,17.25,450,19650
20240205,09:24:55,17.05,50,19650
20240205,09:24:58,17.05,50,19650
20240205,09:25:03,17.15,200,19650
20240205,09:25:04,17.05,250,19650
20240205,09:25:06,17.05,50,19650
20240205,09:25:18,17.0,100,22400
20240205,09:25:19,17.0,850,22400
20240205,09:25:21,17.1,150,22400
20240205,09:25:24,17.05,50,22400
20240205,09:25:34,17.65,250,22400
20240205,09:25:38,17.65,50,22400
20240205,09:25:43,17.6,100,22400
20240205,09:25:44,17.65,50,22400
20240205,09:25:48,17.75,50,22400
20240205,09:25:51,17.9,50,22400
20240205,09:25:53,18.0,1300,22400
20240205,09:25:54,18.15,2250,22400
20240205,09:25:56,18.2,50,22400
20240205,09:25:59,18.4,100,22400
20240205,09:26:03,18.6,50,22400
20240205,09:26:05,18.5,200,22400
20240205,09:26:10,18.8,450,22400
20240205,09:26:11,19.05,400,22400
20240205,09:26:13,18.75,100,22400
20240205,09:26:15,18.9,100,22400
20240205,09:26:16,18.95,350,22400
20240205,09:26:18,19.0,250,22400
20240205,09:26:20,19.15,150,22400
20240205,09:26:23,19.3,50,22400
20240205,09:26:25,19.6,500,22400
20240205,09:26:26,19.65,100,22400
20240205,09:26:36,20.0,50,22400
20240205,09:26:38,20.0,150,22400
20240205,09:26:40,19.8,350,22400
20240205,09:26:41,19.7,250,22400
20240205,09:26:43,19.75,50,22400
20240205,09:26:45,19.8,50,22400
20240205,09:26:46,19.85,150,22400
20240205,09:26:50,20.15,50,22400
20240205,09:27:00,20.9,100,22400
20240205,09:27:02,21.05,200,22400
20240205,09:27:09,21.05,1200,22400
20240205,09:27:11,20.55,50,22400
20240205,09:27:12,20.6,400,22400
20240205,09:27:14,20.75,50,22400
20240205,09:27:16,20.6,50,22400
20240205,09:27:17,20.95,150,22400
20240205,09:27:19,20.95,50,22400
20240205,09:27:24,20.8,1000,22400
20240205,09:27:26,20.9,100,22400
20240205,09:27:38,20.85,100,22400
20240205,09:27:46,20.9,100,22400
20240205,09:27:48,21.0,50,22400
20240205,09:27:51,20.9,250,22400
20240205,09:27:58,21.0,50,22400
20240205,09:28:08,20.4,50,22400
20240205,09:28:21,19.85,50,24800
20240205,09:28:23,19.85,300,24800
20240205,09:28:31,19.45,1650,24800
20240205,09:28:43,18.8,50,24800
20240205,09:28:48,18.95,50,24800
20240205,09:28:49,18.75,150,24800
20240205,09:28:59,18.25,100,24800
20240205,09:29:14,19.05,100,24800
20240205,09:29:45,19.55,300,24800
20240205,09:29:46,19.6,50,24800
20240205,09:29:50,19.85,50,24800
20240205,09:29:51,20.05,100,24800
20240205,09:29:56,20.0,100,24800
20240205,09:30:01,20.05,200,24800
20240205,09:30:03,19.85,150,24800
20240205,09:30:06,19.3,50,24800
20240205,09:30:09,19.75,200,24800
20240205,09:30:11,19.65,50,24800
20240205,09:30:19,19.45,100,24800
20240205,09:30:21,19.3,50,24800
20240205,09:30:31,18.6,350,24800
20240205,09:30:39,18.65,350,24800
20240205,09:30:44,18.5,150,24800
20240205,09:30:46,18.2,50,24800
20240205,09:30:52,18.25,50,24800
20240205,09:30:54,18.35,50,24800
20240205,09:31:11,17.8,400,24800
20240205,09:31:32,18.15,50,25550
20240205,09:31:42,18.2,100,25550
20240205,09:31:47,18.4,50,25550
20240205,09:32:06,18.8,50,25550
20240205,09:32:17,18.3,900,25550
20240205,09:32:19,18.15,50,25550
20240205,09:32:24,18.15,150,25550
20240205,09:32:31,17.95,350,25550
20240205,09:32:36,18.05,50,25550
20240205,09:32:54,17.4,400,25550
20240205,09:32:56,17.3,100,25550
20240205,09:32:57,17.45,50,25550
20240205,09:33:04,17.05,100,25550
20240205,09:33:06,17.25,250,25550
20240205,09:33:08,17.2,50,25550
20240205,09:33:16,17.15,50,25550
20240205,09:33:21,17.05,150,25550
20240205,09:33:28,17.35,50,25550
20240205,09:33:33,17.5,50,25550
20240205,09:33:41,17.9,300,25550
20240205,09:33:46,18.1,200,25550
20240205,09:33:59,17.8,50,25550
20240205,09:34:04,17.7,50,25550
20240205,09:34:36,17.4,50,25350
20240205,09:34:41,17.35,150,25350
20240205,09:34:46,17.35,50,25350
20240205,09:34:53,17.5,50,25350
20240205,09:35:09,17.6,150,25350
20240205,09:35:26,17.45,50,25350
20240205,09:35:29,17.7,50,25350
20240205,09:35:36,17.6,50,25350
20240205,09:35:50,17.75,550,25350
20240205,09:35:55,17.95,150,25350
20240205,09:36:01,17.85,100,25350
20240205,09:36:08,17.7,50,25350
20240205,09:36:10,17.6,100,25350
20240205,09:36:16,17.55,150,25350
20240205,09:36:26,17.85,50,25350
20240205,09:36:38,17.85,50,25350
20240205,09:36:43,18.0,200,25350
20240205,09:37:01,18.5,150,25350
20240205,09:37:08,18.35,50,25350
20240205,09:37:10,18.3,400,25350
20240205,09:37:30,18.3,100,25250
20240205,09:37:55,18.75,350,25250
20240205,09:38:01,18.8,50,25250
20240205,09:38:08,18.75,50,25250
20240205,09:38:10,18.65,50,25250
20240205,09:38:18,18.85,50,25250
20240205,09:38:23,18.8,100,25250
20240205,09:38:28,18.95,150,25250
20240205,09:38:30,18.85,50,25250
20240205,09:38:45,19.1,50,25250
20240205,09:38:48,19.1,100,25250
20240205,09:38:51,19.05,50,25250
20240205,09:39:03,19.05,350,25250
20240205,09:39:11,19.15,200,25250
20240205,09:39:18,19.05,100,25250
20240205,09:39:24,19.1,50,25250
20240205,09:39:26,19.0,50,25250
20240205,09:39:39,19.6,50,25250
20240205,09:39:41,19.4,250,25250
20240205,09:39:44,19.25,50,25250
20240205,09:39:54,19.55,50,25250
20240205,09:40:06,19.85,100,25250
20240205,09:40:07,19.85,50,25250
20240205,09:40:19,20.4,150,25700
20240205,09:40:22,20.3,250,25700
20240205,09:40:28,20.25,50,25700
20240205,09:40:30,20.65,50,25700
20240205,09:40:43,20.6,50,25700
20240205,09:40:51,20.3,550,25700
20240205,09:41:05,20.5,100,25700
20240205,09:41:08,20.3,950,25700
20240205,09:41:18,19.8,200,25700
20240205,09:41:20,19.85,150,25700
20240205,09:41:25,19.75,100,25700
20240205,09:41:32,19.45,50,25700
20240205,09:41:47,18.9,50,25700
20240205,09:41:53,18.85,50,25700
20240205,09:41:57,18.7,50,25700
20240205,09:42:01,18.55,100,25700
20240205,09:42:08,18.7,50,25700
20240205,09:42:26,18.95,50,25700
20240205,09:42:31,19.05,50,25700
20240205,09:42:36,19.3,50,25700
20240205,09:42:40,19.4,50,25700
20240205,09:43:20,20.4,50,25700
20240205,09:43:23,20.2,150,25700
20240205,09:44:05,19.6,50,25700
20240205,09:45:03,19.25,500,25700
20240205,09:45:13,19.15,200,25700
20240205,09:45:25,19.15,50,25700
20240205,09:45:26,19.35,100,25700
20240205,09:45:33,19.65,800,25700
20240205,09:45:35,19.7,150,25700
20240205,09:46:03,19.75,150,25700
20240205,09:46:36,19.85,50,25950
20240205,09:46:49,19.8,100,25950
20240205,09:47:06,20.3,300,25950
20240205,09:47:28,20.4,500,25950
20240205,09:47:42,20.3,50,25950
20240205,09:48:17,21.2,100,25950
20240205,09:48:19,21.35,50,25950
20240205,09:48:27,21.35,350,25950
20240205,09:48:32,21.5,50,25950
20240205,09:48:37,21.95,50,25950
20240205,09:48:42,21.95,50,25950
20240205,09:48:49,21.7,750,25950
20240205,09:48:57,21.8,50,25950
20240205,09:48:59,21.75,200,25950
20240205,09:49:20,21.3,100,26250
20240205,09:49:32,21.7,50,26250
20240205,09:50:02,22.6,100,26250
20240205,09:50:04,22.85,2000,26250
20240205,09:50:06,22.75,50,26250
20240205,09:50:09,22.75,50,26250
20240205,09:50:12,22.65,50,26250
20240205,09:50:21,23.0,50,26250
20240205,09:50:22,23.1,50,26250
20240205,09:50:24,23.4,150,26250
20240205,09:50:26,23.65,50,26250
20240205,09:50:27,23.65,50,26250
20240205,09:50:29,23.8,50,26250
20240205,09:50:31,24.1,950,26250
20240205,09:50:32,24.25,200,26250
20240205,09:50:34,24.25,50,26250
20240205,09:50:36,24.15,50,26250
20240205,09:50:41,23.55,150,26250
20240205,09:50:47,23.5,50,26250
20240205,09:50:52,23.9,150,26250
20240205,09:50:57,24.15,50,26250
20240205,09:50:59,24.2,100,26250
20240205,09:51:00,24.3,100,26250
20240205,09:51:02,24.35,150,26250
20240205,09:51:04,24.35,250,26250
20240205,09:51:05,24.2,100,26250
20240205,09:51:07,23.8,50,26250
20240205,09:51:15,24.1,50,26250
20240205,09:51:17,24.3,150,26250
20240205,09:51:24,24.3,50,26250
20240205,09:51:30,24.3,100,26250
20240205,09:51:47,23.9,50,26250
20240205,09:51:49,23.8,350,26250
20240205,09:52:04,23.95,50,26250
20240205,09:52:12,23.7,50,26250
20240205,09:52:25,24.15,150,27900
20240205,09:52:32,24.65,50,27900
20240205,09:52:37,24.65,100,27900
20240205,09:52:54,25.0,100,27900
20240205,09:52:55,25.0,1700,27900
20240205,09:53:02,25.4,50,27900
20240205,09:53:04,25.55,350,27900
20240205,09:53:05,25.55,100,27900
20240205,09:53:10,25.35,350,27900
20240205,09:53:12,25.8,550,27900
20240205,09:53:20,25.8,150,27900
20240205,09:53:22,25.6,100,27900
20240205,09:53:24,25.25,100,27900
20240205,09:53:30,25.4,50,27900
20240205,09:53:32,25.45,50,27900
20240205,09:53:34,25.3,250,27900
20240205,09:53:35,25.2,50,27900
20240205,09:53:42,24.55,50,27900
20240205,09:53:44,24.5,50,27900
20240205,09:53:45,24.2,50,27900
20240205,09:53:47,24.15,50,27900
20240205,09:53:54,24.5,50,27900
20240205,09:54:00,24.4,50,27900
20240205,09:54:02,24.45,50,27900
20240205,09:54:04,24.6,50,27900
20240205,09:54:05,24.7,50,27900
20240205,09:54:09,25.0,100,27900
20240205,09:54:12,24.85,50,27900
20240205,09:54:17,24.25,200,27900
20240205,09:54:32,24.4,150,27900
20240205,09:54:38,24.75,50,27900
20240205,09:54:40,24.75,1200,27900
20240205,09:55:00,24.2,50,27900
20240205,09:55:01,24.4,200,27900
20240205,09:55:03,24.35,250,27900
20240205,09:55:08,24.0,150,27900
20240205,09:55:10,24.0,350,27900
20240205,09:55:16,23.8,50,30100
20240205,09:55:18,23.65,50,30100
20240205,09:55:35,23.05,100,30100
20240205,09:55:53,22.65,150,30100
20240205,09:55:56,22.45,50,30100
20240205,09:55:58,22.2,50,30100
20240205,09:56:01,22.25,50,30100
20240205,09:56:41,23.4,200,30100
20240205,09:56:58,23.3,300,30100
20240205,09:57:05,23.2,150,30100
20240205,09:57:23,23.25,50,30100
20240205,09:57:33,22.75,50,30100
20240205,09:57:34,22.9,250,30100
20240205,09:57:38,22.6,350,30100
20240205,09:57:43,22.55,450,30100
20240205,09:58:46,23.9,150,30150
20240205,09:58:54,24.2,50,30150
20240205,09:59:04,24.2,150,30150
20240205,09:59:13,24.2,50,30150
20240205,09:59:21,24.3,200,30150
20240205,09:59:23,24.25,50,30150
20240205,09:59:49,24.15,100,30150
20240205,09:59:57,24.2,200,30150
20240205,10:00:03,24.0,100,30150
20240205,10:00:18,24.15,50,30150
20240205,10:00:48,23.5,50,30150
20240205,10:00:51,23.85,50,30150
20240205,10:01:06,23.55,4100,30150
20240205,10:01:08,23.55,350,30150
20240205,10:01:09,23.65,1050,30150
20240205,10:01:11,23.7,600,30150
20240205,10:01:13,23.85,50,30150
20240205,10:01:14,23.8,600,30150
20240205,10:01:17,23.6,100,33350
20240205,10:01:19,23.65,150,33350
20240205,10:01:24,23.95,50,33350
20240205,10:01:25,23.95,50,33350
20240205,10:01:32,24.25,50,33350
20240205,10:01:40,24.6,400,33350
20240205,10:01:42,24.6,350,33350
20240205,10:01:47,24.8,300,33350
20240205,10:01:49,24.9,50,33350
20240205,10:01:52,25.1,50,33350
20240205,10:01:59,25.35,50,33350
20240205,10:02:00,25.4,50,33350
20240205,10:02:03,25.25,100,33350
20240205,10:02:06,25.3,100,33350
20240205,10:02:08,25.2,250,33350
20240205,10:02:13,25.15,500,33350
20240205,10:02:16,24.85,50,33350
20240205,10:02:25,24.9,50,33350
20240205,10:02:35,24.85,50,33350
20240205,10:02:56,24.1,150,33350
20240205,10:03:01,24.2,400,33350
20240205,10:03:06,24.05,600,33350
20240205,10:03:11,23.85,50,33350
20240205,10:03:13,23.65,100,33350
20240205,10:03:15,23.6,150,33350
20240205,10:03:16,23.65,150,33350
20240205,10:03:25,23.6,200,33350
20240205,10:03:28,23.3,50,33350
20240205,10:03:35,23.55,50,33350
20240205,10:03:36,23.55,100,33350
20240205,10:04:11,23.1,200,33350
20240205,10:04:12,23.0,100,33350
20240205,10:04:14,23.1,300,33350
20240205,10:04:16,22.7,50,33350
20240205,10:04:17,22.85,50,34700
20240205,10:04:19,22.75,100,34700
20240205,10:04:22,22.5,100,34700
20240205,10:04:46,22.2,1000,34700
20240205,10:04:47,22.25,50,34700
20240205,10:04:54,22.0,300,34700
20240205,10:04:59,21.7,200,34700
20240205,10:05:01,21.9,250,34700
20240205,10:05:04,22.0,700,34700
20240205,10:05:06,21.9,150,34700
20240205,10:05:09,21.6,350,34700
20240205,10:05:11,21.4,50,34700
20240205,10:05:13,21.55,250,34700
20240205,10:05:18,21.6,900,34700
20240205,10:05:28,22.5,50,34700
20240205,10:05:39,23.05,150,34700
20240205,10:05:47,23.25,150,34700
20240205,10:05:56,23.4,50,34700
20240205,10:06:01,23.3,50,34700
20240205,10:06:02,23.4,50,34700
20240205,10:06:04,23.35,150,34700
20240205,10:06:16,22.9,50,34700
20240205,10:06:19,22.55,100,34700
20240205,10:06:21,22.45,50,34700
20240205,10:06:29,22.5,100,34700
20240205,10:06:34,22.9,50,34700
20240205,10:06:37,22.65,450,34700
20240205,10:07:30,23.95,50,35650
20240205,10:07:48,24.2,50,35650
20240205,10:07:50,24.05,50,35650
20240205,10:08:00,23.6,50,35650
20240205,10:08:18,24.45,50,35650
20240205,10:08:20,24.15,500,35650
20240205,10:08:21,24.05,50,35650
20240205,10:08:31,23.85,100,35650
20240205,10:08:37,24.05,50,35650
20240205,10:09:07,24.05,50,35650
20240205,10:09:08,24.1,50,35650
20240205,10:09:12,24.2,50,35650
20240205,10:09:38,24.15,50,35650
20240205,10:09:41,24.0,50,35650
20240205,10:10:10,23.85,150,35650
20240205,10:10:15,24.25,100,35650
20240205,10:10:18,24.25,50,35150
20240205,10:10:35,24.05,150,35150
20240205,10:10:46,24.0,50,35150
20240205,10:10:53,24.15,50,35150
20240205,10:11:02,23.8,100,35150
20240205,10:11:36,23.75,50,35150
20240205,10:12:24,23.25,150,35150
20240205,10:12:32,22.9,50,35150
20240205,10:12:34,23.0,100,35150
20240205,10:12:37,23.0,50,35150
20240205,10:13:16,22.8,50,35150
20240205,10:13:32,22.8,350,34950
20240205,10:14:11,22.4,50,34950
20240205,10:14:18,22.6,50,34950
20240205,10:15:04,22.2,350,34950
20240205,10:15:33,22.7,250,34950
20240205,10:15:40,22.65,50,34950
20240205,10:15:53,22.2,50,34950
20240205,10:15:55,22.15,150,34950
20240205,10:15:56,22.05,50,34950
20240205,10:15:59,22.2,100,34950
20240205,10:16:04,22.15,50,34950
20240205,10:16:29,22.7,50,34600
20240205,10:17:19,21.45,50,34600
20240205,10:17:21,21.55,250,34600
20240205,10:17:22,21.6,50,34600
20240205,10:17:24,21.35,100,34600
20240205,10:17:26,21.15,400,34600
20240205,10:17:29,21.2,100,34600
20240205,10:17:34,20.85,50,34600
20240205,10:17:37,20.4,100,34600
20240205,10:17:47,19.9,100,34600
20240205,10:17:49,19.7,150,34600
20240205,10:17:50,19.6,50,34600
20240205,10:17:54,19.65,50,34600
20240205,10:18:00,19.35,50,34600
20240205,10:18:08,18.65,150,34600
20240205,10:18:10,18.65,200,34600
20240205,10:18:12,18.65,100,34600
20240205,10:18:15,18.7,50,34600
20240205,10:18:20,18.7,50,34600
20240205,10:18:22,18.65,100,34600
20240205,10:18:23,18.6,100,34600
20240205,10:18:25,18.4,150,34600
20240205,10:18:35,18.2,200,34600
20240205,10:18:37,18.15,50,34600
20240205,10:18:40,18.25,50,34600
20240205,10:18:58,17.9,450,34600
20240205,10:19:01,17.6,50,34600
20240205,10:19:03,17.45,350,34600
20240205,10:19:05,17.35,50,34600
20240205,10:19:06,17.0,50,34600
20240205,10:19:08,17.3,50,34600
20240205,10:19:10,17.3,350,34600
20240205,10:19:11,17.5,150,34600
20240205,10:19:15,17.55,50,34600
20240205,10:19:21,17.35,50,34600
20240205,10:19:23,17.25,50,33700
20240205,10:19:28,17.15,150,33700
20240205,10:19:33,17.15,50,33700
20240205,10:19:36,16.95,50,33700
20240205,10:19:38,17.0,50,33700
20240205,10:19:51,17.15,100,33700
20240205,10:19:53,16.9,100,33700
20240205,10:19:55,17.05,50,33700
20240205,10:19:58,16.8,100,33700
20240205,10:20:00,16.85,50,33700
20240205,10:20:01,16.6,1100,33700
20240205,10:20:03,16.8,50,33700
20240205,10:20:05,16.65,150,33700
20240205,10:20:06,16.8,150,33700
20240205,10:20:10,16.8,50,33700
20240205,10:20:11,16.85,100,33700
20240205,10:20:13,16.65,50,33700
20240205,10:20:16,16.8,50,33700
20240205,10:20:18,16.9,50,33700
20240205,10:20:23,17.2,50,33700
20240205,10:20:25,17.15,150,33700
20240205,10:20:26,17.1,50,33700
20240205,10:20:28,17.1,100,33700
20240205,10:20:30,17.25,350,33700
20240205,10:20:35,17.25,400,33700
20240205,10:20:38,17.4,50,33700
20240205,10:20:41,17.4,450,33700
20240205,10:20:48,17.6,500,33700
20240205,10:20:50,17.55,50,33700
20240205,10:20:55,17.6,50,33700
20240205,10:21:00,17.45,350,33700
20240205,10:21:03,17.35,50,33700
20240205,10:21:06,17.05,350,33700
20240205,10:21:11,17.35,250,33700
20240205,10:21:16,17.2,100,33700
20240205,10:21:25,17.3,550,33700
20240205,10:21:26,17.4,800,33700
20240205,10:21:28,17.45,300,33700
20240205,10:21:30,17.45,50,33700
20240205,10:21:33,17.4,50,33700
20240205,10:21:35,17.35,100,33700
20240205,10:21:38,17.55,100,33700
20240205,10:22:01,17.25,50,33700
20240205,10:22:05,17.3,50,33700
20240205,10:22:06,17.15,100,33700
20240205,10:22:08,17.45,100,33700
20240205,10:22:21,17.3,50,34850
20240205,10:22:26,17.4,50,34850
20240205,10:22:31,17.3,50,34850
20240205,10:22:34,17.45,50,34850
20240205,10:22:38,17.6,100,34850
20240205,10:22:39,17.45,100,34850
20240205,10:22:48,17.65,50,34850
20240205,10:22:51,17.8,50,34850
20240205,10:22:54,17.65,50,34850
20240205,10:22:58,17.6,100,34850
20240205,10:23:15,17.9,50,34850
20240205,10:23:17,17.75,100,34850
20240205,10:23:24,17.7,350,34850
20240205,10:23:50,17.5,100,34850
20240205,10:23:52,17.6,100,34850
20240205,10:24:03,17.8,50,34850
20240205,10:24:06,18.05,50,34850
20240205,10:24:08,18.0,50,34850
20240205,10:24:24,18.0,200,34850
20240205,10:24:29,18.1,100,34850
20240205,10:24:34,18.15,100,34850
20240205,10:24:39,18.35,100,34850
20240205,10:25:04,18.3,300,34850
20240205,10:25:13,18.2,50,34850
20240205,10:26:03,18.7,50,35000
20240205,10:26:14,18.6,50,35000
20240205,10:26:23,18.4,50,35000
20240205,10:26:36,18.65,50,35000
20240205,10:26:39,18.5,300,35000
20240205,10:26:43,18.5,100,35000
20240205,10:27:01,18.55,50,35000
20240205,10:27:04,18.65,100,35000
20240205,10:27:31,18.65,200,35000
20240205,10:27:44,18.4,50,35000
20240205,10:29:13,18.65,100,35300
20240205,10:29:25,18.85,1400,35300
20240205,10:29:36,18.8,300,35300
20240205,10:29:38,18.6,1000,35300
20240205,10:29:50,18.75,150,35300
20240205,10:30:00,18.9,250,35300
20240205,10:30:03,19.0,50,35300
20240205,10:30:13,18.45,50,35300
20240205,10:30:14,18.65,50,35300
20240205,10:30:16,18.75,50,35300
20240205,10:30:39,18.1,1400,35300
20240205,10:30:44,18.1,50,35300
20240205,10:30:47,18.1,200,35300
20240205,10:30:49,18.2,50,35300
20240205,10:30:52,18.2,100,35300
20240205,10:31:12,18.1,50,35300
20240205,10:31:15,18.0,500,35300
20240205,10:31:17,18.0,8300,35300
20240205,10:31:19,18.0,400,35300
20240205,10:31:20,18.0,100,35300
20240205,10:31:22,18.0,1050,40550
20240205,10:31:25,18.0,150,40550
20240205,10:31:30,17.9,450,40550
20240205,10:31:32,17.9,1800,40550
20240205,10:32:12,17.5,100,40550
20240205,10:32:15,17.45,250,40550
20240205,10:32:22,17.65,100,40550
20240205,10:32:25,17.75,250,40550
20240205,10:32:32,17.85,250,40550
20240205,10:32:44,17.9,450,40550
20240205,10:33:00,17.7,200,40550
20240205,10:33:09,17.85,450,40550
20240205,10:33:27,17.6,150,40550
20240205,10:33:54,17.75,300,40550
20240205,10:34:15,17.9,150,40550
20240205,10:34:22,17.6,200,40550
20240205,10:34:33,17.55,150,42250
20240205,10:34:40,17.7,750,42250
20240205,10:35:13,17.85,100,42250
20240205,10:35:46,17.6,100,42250
20240205,10:35:50,17.55,250,42250
20240205,10:35:56,17.6,400,42250
20240205,10:36:08,17.65,100,42250
20240205,10:36:13,17.6,250,42250
20240205,10:36:58,17.85,100,42250
20240205,10:37:03,17.9,100,42250
20240205,10:37:05,17.8,250,42250
20240205,10:37:11,17.8,50,42250
20240205,10:37:51,17.8,50,42500
20240205,10:37:53,17.85,250,42500
20240205,10:37:54,17.9,150,42500
20240205,10:38:01,18.0,100,42500
20240205,10:38:13,17.9,50,42500
20240205,10:38:18,18.0,50,42500
20240205,10:38:28,18.2,750,42500
20240205,10:38:51,18.2,350,42500
20240205,10:38:56,18.15,300,42500
20240205,10:39:14,18.3,50,42500
20240205,10:39:25,18.25,100,42500
20240205,10:39:36,18.2,250,42500
20240205,10:39:41,17.95,200,42500
20240205,10:39:43,17.95,50,42500
20240205,10:39:51,17.85,50,42500
20240205,10:39:56,17.9,50,42500
20240205,10:39:57,17.9,50,42500
20240205,10:40:02,18.05,50,42500
20240205,10:40:29,18.1,100,42500
20240205,10:40:44,17.9,50,42500
20240205,10:40:45,17.9,50,42500
20240205,10:41:15,18.05,150,42500
20240205,10:41:37,18.4,50,42500
20240205,10:41:43,18.3,100,42500
20240205,10:42:23,18.2,100,42500
20240205,10:42:26,18.15,50,42500
20240205,10:43:12,18.45,50,42500
20240205,10:43:15,18.5,150,42500
20240205,10:43:20,18.45,150,42500
20240205,10:43:33,18.4,50,42750
20240205,10:43:35,18.45,200,42750
20240205,10:43:41,18.6,50,42750
20240205,10:44:46,19.65,150,42750
20240205,10:44:49,19.7,50,42750
20240205,10:45:01,19.65,50,42750
20240205,10:45:08,19.5,50,42750
20240205,10:45:09,19.4,650,42750
20240205,10:45:14,19.2,100,42750
20240205,10:45:24,19.75,50,42750
20240205,10:45:38,19.8,50,42750
20240205,10:45:49,20.0,50,42750
20240205,10:45:54,20.1,50,42750
20240205,10:45:56,20.1,1150,42750
20240205,10:45:59,20.05,50,42750
20240205,10:46:03,20.0,750,42750
20240205,10:46:08,20.3,700,42750
20240205,10:46:11,20.4,500,42750
20240205,10:46:41,20.5,100,41800
20240205,10:46:47,20.55,100,41800
20240205,10:46:54,20.6,50,41800
20240205,10:46:57,20.55,250,41800
20240205,10:47:17,20.1,250,41800
20240205,10:47:33,20.55,200,41800
20240205,10:47:38,20.3,250,41800
20240205,10:47:46,20.2,50,41800
20240205,10:48:00,20.35,100,41800
20240205,10:48:18,19.8,50,41800
20240205,10:48:20,20.0,100,41800
20240205,10:49:36,20.0,50,41300
20240205,10:50:46,19.55,50,41300
20240205,10:50:54,19.4,50,41300
20240205,10:51:01,19.15,50,41300
20240205,10:51:32,19.05,50,41300
20240205,10:51:39,18.95,50,41300
20240205,10:51:47,18.95,700,41300
20240205,10:51:52,18.7,100,41300
20240205,10:51:54,18.7,200,41300
20240205,10:51:56,18.7,50,41300
20240205,10:51:57,18.55,2000,41300
20240205,10:51:59,18.5,500,41300
20240205,10:52:01,18.45,100,41300
20240205,10:52:02,18.55,350,41300
20240205,10:52:04,18.45,100,41300
20240205,10:52:05,18.45,50,41300
20240205,10:52:07,18.5,150,41300
20240205,10:52:10,18.6,350,41300
20240205,10:52:12,18.6,150,41300
20240205,10:52:14,18.7,200,41300
20240205,10:52:15,18.65,1100,41300
20240205,10:52:17,18.55,200,41300
20240205,10:52:19,18.7,50,41300
20240205,10:52:24,18.8,300,41300
20240205,10:52:44,18.5,750,37350
20240205,10:52:49,18.45,100,37350
20240205,10:52:54,18.25,200,37350
20240205,10:52:55,18.4,250,37350
20240205,10:53:03,18.75,50,37350
20240205,10:53:20,19.0,50,37350
20240205,10:54:10,19.7,50,37350
20240205,10:54:12,19.5,50,37350
20240205,10:54:25,19.15,50,37350
20240205,10:54:48,19.2,450,37350
20240205,10:54:53,19.3,100,37350
20240205,10:55:10,19.55,50,37350
20240205,10:55:27,19.7,150,36950
20240205,10:55:55,19.75,50,36950
20240205,10:56:08,19.85,100,36950
20240205,10:56:17,19.75,50,36950
20240205,10:56:23,19.85,50,36950
20240205,10:56:27,19.9,100,36950
20240205,10:56:38,19.9,50,36950
20240205,10:56:56,20.0,50,36950
20240205,10:57:23,20.0,350,36950
20240205,10:57:59,19.95,50,36950
20240205,10:59:47,19.45,50,36950
20240205,10:59:49,19.5,50,37050
20240205,10:59:52,19.55,50,37050
20240205,11:00:33,19.65,50,37050
20240205,11:01:02,19.3,100,37050
20240205,11:01:10,19.65,50,37050
20240205,11:01:49,19.75,50,37450
20240205,11:02:42,19.8,50,37450
20240205,11:03:07,19.7,250,37450
20240205,11:03:26,19.75,200,37450
20240205,11:03:27,19.65,50,37450
20240205,11:03:29,19.6,50,37450
20240205,11:04:44,19.4,100,37100
20240205,11:05:00,19.15,300,37100
20240205,11:05:20,19.2,150,37100
20240205,11:05:22,19.2,100,37100
20240205,11:05:29,19.2,750,37100
20240205,11:05:40,19.2,100,37100
20240205,11:06:43,19.2,1000,37100
20240205,11:08:15,18.85,100,38150
20240205,11:08:40,18.5,150,38150
20240205,11:08:48,18.4,50,38150
20240205,11:08:51,18.45,50,38150
20240205,11:08:53,18.4,50,38150
20240205,11:09:03,18.1,100,38150
20240205,11:09:04,18.1,50,38150
20240205,11:09:06,18.1,50,38150
20240205,11:09:08,18.25,50,38150
20240205,11:09:34,18.15,150,38150
20240205,11:10:33,18.55,50,38050
20240205,11:11:09,19.05,100,38050
20240205,11:11:41,18.8,50,38050
20240205,11:11:52,19.0,900,38050
20240205,11:12:00,19.05,250,38050
20240205,11:12:23,19.3,150,38050
20240205,11:12:35,19.5,50,38050
20240205,11:12:49,19.6,50,38050
20240205,11:12:59,19.6,50,38050
20240205,11:13:26,19.8,50,38050
20240205,11:13:37,19.75,50,38250
20240205,11:14:01,19.65,50,38250
20240205,11:14:07,19.85,50,38250
20240205,11:15:02,20.0,1400,38250
20240205,11:15:04,20.0,1700,38250
20240205,11:15:09,20.0,50,38250
20240205,11:15:16,20.0,1150,38250
20240205,11:15:20,20.0,600,38250
20240205,11:15:27,20.0,5100,38250
20240205,11:15:37,19.8,1000,38250
20240205,11:15:40,20.0,50,38250
20240205,11:15:45,19.9,50,38250
20240205,11:15:49,19.95,50,38250
20240205,11:15:52,20.05,50,38250
20240205,11:16:12,19.95,50,38250
20240205,11:16:29,20.1,50,34650
20240205,11:16:39,20.1,50,34650
20240205,11:16:52,20.35,100,34650
20240205,11:16:54,20.45,50,34650
20240205,11:17:02,20.5,50,34650
20240205,11:17:07,20.65,50,34650
20240205,11:17:10,20.45,100,34650
20240205,11:17:13,20.45,50,34650
20240205,11:17:16,20.55,50,34650
20240205,11:17:21,20.65,50,34650
20240205,11:17:27,20.7,50,34650
20240205,11:17:29,20.6,150,34650
20240205,11:17:31,20.85,50,34650
20240205,11:17:47,20.5,150,34650
20240205,11:17:49,20.6,550,34650
20240205,11:18:05,20.05,50,34650
20240205,11:18:15,20.0,50,34650
20240205,11:18:17,20.15,50,34650
20240205,11:18:56,19.7,50,34650
20240205,11:19:01,19.8,50,34650
20240205,11:19:32,19.45,50,35050
20240205,11:20:21,18.9,50,35050
20240205,11:20:24,19.2,50,35050
20240205,11:20:29,19.15,50,35050
20240205,11:20:31,19.15,50,35050
20240205,11:20:36,19.15,250,35050
20240205,11:20:42,19.3,200,35050
20240205,11:20:47,19.15,50,35050
20240205,11:20:54,19.3,50,35050
20240205,11:21:04,19.75,1100,35050
20240205,11:21:12,19.7,100,35050
20240205,11:21:21,19.6,100,35050
20240205,11:21:49,19.75,200,35050
20240205,11:21:59,19.6,50,35050
20240205,11:22:24,19.55,50,35050
20240205,11:22:31,19.3,50,33950
20240205,11:23:11,19.05,50,33950
20240205,11:23:24,18.85,250,33950
20240205,11:23:49,18.85,50,33950
20240205,11:23:54,18.9,300,33950
20240205,11:24:29,18.9,50,33950
20240205,11:25:14,18.8,50,33950
20240205,11:25:50,18.3,1150,33900
20240205,11:25:57,18.6,50,33900
20240205,11:26:12,18.45,50,33900
20240205,11:26:15,18.35,50,33900
20240205,11:26:33,18.4,300,33900
20240205,11:27:34,18.2,200,33900
20240205,11:27:35,18.1,100,33900
20240205,11:27:39,18.0,12100,33900
20240205,11:27:40,18.0,350,33900
20240205,11:27:44,18.0,250,33900
20240205,11:27:45,18.25,50,33900
20240205,11:28:11,18.25,900,33900
20240205,11:29:06,18.5,250,33900
20240205,11:29:41,18.45,50,42050
20240205,11:29:47,18.5,50,42050
20240205,11:31:07,18.6,50,42050
20240205,11:31:28,18.7,50,42050
20240205,11:31:56,18.6,50,41800
20240205,11:32:17,18.55,50,41800
20240205,11:32:21,18.45,200,41800
20240205,11:32:26,18.4,850,41800
20240205,11:34:11,18.9,1550,41800
20240205,11:34:21,18.75,350,41800
20240205,11:34:32,18.8,100,42050
20240205,11:34:44,18.85,100,42050
20240205,11:34:52,18.75,100,42050
20240205,11:34:57,18.75,50,42050
20240205,11:35:12,18.95,100,42050
20240205,11:35:35,18.75,50,42050
20240205,11:35:53,18.9,200,42050
20240205,11:36:09,18.95,50,42050
20240205,11:36:21,18.75,50,42050
20240205,11:38:30,19.9,250,42050
20240205,11:38:56,19.55,50,42050
20240205,11:39:20,19.95,100,42050
20240205,11:39:21,20.0,1550,42050
20240205,11:39:23,20.05,11250,42050
20240205,11:39:26,19.95,50,42050
20240205,11:39:53,20.05,2000,42050
20240205,11:40:01,20.1,50,42050
20240205,11:40:13,19.9,50,42050
20240205,11:40:26,20.35,50,42050
20240205,11:40:41,19.95,50,35750
20240205,11:41:04,19.7,100,35750
20240205,11:41:12,19.6,50,35750
20240205,11:41:36,19.45,100,35750
20240205,11:41:44,19.25,50,35750
20240205,11:41:49,19.35,100,35750
20240205,11:42:16,19.35,50,35750
20240205,11:42:54,19.2,100,35750
20240205,11:42:59,19.2,50,35750
20240205,11:43:32,19.25,500,35600
20240205,11:43:37,19.3,50,35600
20240205,11:44:02,19.1,50,35600
20240205,11:44:08,18.9,250,35600
20240205,11:44:20,18.85,50,35600
20240205,11:44:22,18.75,200,35600
20240205,11:44:45,18.55,50,35600
20240205,11:44:55,18.5,50,35600
20240205,11:45:06,18.6,50,35600
20240205,11:45:42,18.9,50,35600
20240205,11:46:28,18.05,100,35600
20240205,11:46:39,18.3,50,35200
20240205,11:46:58,18.6,50,35200
20240205,11:47:01,18.65,50,35200
20240205,11:47:11,18.7,50,35200
20240205,11:47:14,18.55,50,35200
20240205,11:47:26,18.4,50,35200
20240205,11:47:54,18.55,100,35200
20240205,11:48:17,18.75,50,35200
20240205,11:48:25,18.6,300,35200
20240205,11:49:02,18.9,100,35200
20240205,11:49:04,18.8,850,35200
20240205,11:49:12,18.8,50,35200
20240205,11:49:24,18.9,200,35200
20240205,11:49:42,19.05,100,35750
20240205,11:50:34,19.0,300,35750
20240205,11:51:23,18.45,50,35750
20240205,11:51:25,18.4,50,35750
20240205,11:51:27,18.35,50,35750
20240205,11:51:31,18.25,50,35750
20240205,11:52:54,18.15,100,35450
20240205,11:53:09,18.05,50,35450
20240205,11:55:33,18.15,50,35500
20240205,11:55:51,18.0,100,35500
20240205,11:55:52,18.1,250,35500
20240205,11:55:59,18.05,50,35500
20240205,11:57:20,18.55,100,35500
20240205,11:57:46,18.25,50,35500
20240205,11:58:33,18.6,50,35500
20240205,11:59:04,18.6,50,35250
20240205,11:59:28,18.75,100,35250
20240205,11:59:41,18.95,5000,35250
20240205,11:59:53,19.0,50,35250
20240205,12:00:01,18.7,200,35250
20240205,12:00:12,19.0,50,35250
20240205,12:00:14,19.05,50,35250
20240205,12:00:22,18.9,50,35250
20240205,12:00:40,18.7,250,35250
20240205,12:01:05,18.5,750,35250
20240205,12:01:15,18.3,50,35250
20240205,12:01:28,18.3,50,35250
20240205,12:01:31,18.25,50,35250
20240205,12:02:39,18.5,100,40150
20240205,12:03:19,18.25,50,40150
20240205,12:03:33,18.15,50,40150
20240205,12:03:35,18.15,50,40150
20240205,12:03:52,18.05,100,40150
20240205,12:04:13,17.95,50,40150
20240205,12:04:18,17.8,50,40150
20240205,12:04:23,17.85,50,40150
20240205,12:05:40,17.7,100,40200
20240205,12:05:54,17.7,50,40200
20240205,12:06:25,17.5,8400,40200
20240205,12:06:27,17.65,100,40200
20240205,12:06:31,17.5,500,40200
20240205,12:06:35,17.5,50,40200
20240205,12:06:36,17.5,600,40200
20240205,12:07:22,17.5,50,40200
20240205,12:07:29,17.65,50,40200
20240205,12:07:51,17.6,100,49750
20240205,12:08:38,17.25,50,49750
20240205,12:08:40,17.3,350,49750
20240205,12:08:46,17.15,650,49750
20240205,12:08:48,17.1,600,49750
20240205,12:08:49,17.1,250,49750
20240205,12:08:51,17.0,350,49750
20240205,12:08:53,17.0,1700,49750
20240205,12:08:54,17.0,100,49750
20240205,12:08:56,17.05,150,49750
20240205,12:08:59,17.05,50,49750
20240205,12:09:01,17.05,50,49750
20240205,12:09:03,16.9,50,49750
20240205,12:09:05,16.9,100,49750
20240205,12:09:12,16.7,50,49750
20240205,12:09:15,16.55,50,49750
20240205,12:09:17,16.65,500,49750
20240205,12:09:25,16.6,50,49750
20240205,12:09:32,16.45,50,49750
20240205,12:09:37,16.6,650,49750
20240205,12:09:38,16.6,100,49750
20240205,12:09:50,16.8,50,49750
20240205,12:09:57,16.75,50,49750
20240205,12:10:00,16.85,50,49750
20240205,12:10:04,16.95,50,49750
20240205,12:10:09,17.0,50,49750
20240205,12:10:10,17.05,100,49750
20240205,12:10:17,17.1,50,49750
20240205,12:10:23,16.85,50,49750
20240205,12:11:11,16.75,100,47300
20240205,12:11:45,16.95,50,47300
20240205,12:12:03,16.95,50,47300
20240205,12:12:14,17.2,50,47300
20240205,12:12:21,17.15,50,47300
20240205,12:12:43,17.15,200,47300
20240205,12:13:06,17.35,50,47300
20240205,12:13:18,17.2,450,47300
20240205,12:13:29,17.4,100,47300
20240205,12:14:00,17.35,50,47150
20240205,12:14:06,17.5,1850,47150
20240205,12:14:08,17.6,50,47150
20240205,12:14:15,17.6,50,47150
20240205,12:14:18,17.6,50,47150
20240205,12:14:29,17.55,50,47150
20240205,12:14:33,17.55,50,47150
20240205,12:14:36,17.65,50,47150
20240205,12:14:39,17.7,150,47150
20240205,12:14:41,17.7,200,47150
20240205,12:15:25,17.9,50,47150
20240205,12:15:56,17.9,400,47150
20240205,12:16:03,18.0,250,47150
20240205,12:16:06,18.0,50,47150
20240205,12:16:48,17.95,50,44700
20240205,12:17:01,17.95,50,44700
20240205,12:17:22,18.15,100,44700
20240205,12:17:34,18.15,100,44700
20240205,12:18:06,18.25,100,44700
20240205,12:18:09,18.3,50,44700
20240205,12:18:13,18.4,50,44700
20240205,12:18:19,18.45,50,44700
20240205,12:18:31,18.45,200,44700
20240205,12:18:36,18.4,50,44700
20240205,12:18:39,18.25,50,44700
20240205,12:18:42,18.45,50,44700
20240205,12:19:15,18.65,50,44700
20240205,12:19:23,18.75,150,44700
20240205,12:19:25,18.6,50,44700
20240205,12:19:37,18.7,50,44700
20240205,12:19:39,18.8,50,44700
20240205,12:19:46,18.65,50,44700
20240205,12:19:59,18.6,50,44700
20240205,12:20:12,18.75,100,44700
20240205,12:20:22,18.6,50,44700
20240205,12:20:23,18.6,50,44700
20240205,12:21:54,18.55,50,44700
20240205,12:22:05,18.7,50,44700
20240205,12:22:09,18.85,50,44700
20240205,12:22:22,18.9,50,44700
20240205,12:23:00,18.75,50,44750
20240205,12:23:18,18.55,50,44750
20240205,12:23:28,18.85,50,44750
20240205,12:23:37,18.95,100,44750
20240205,12:23:48,18.8,150,44750
20240205,12:23:57,18.65,50,44750
20240205,12:24:01,18.55,50,44750
20240205,12:25:06,18.0,14500,44750
20240205,12:25:13,18.05,200,44750
20240205,12:25:31,17.8,50,44750
20240205,12:25:33,17.8,350,44750
20240205,12:25:57,17.5,14500,35200
20240205,12:26:00,17.5,50,35200
20240205,12:26:18,17.3,1350,35200
20240205,12:26:21,17.35,50,35200
20240205,12:26:37,17.25,400,35200
20240205,12:27:03,17.2,500,35200
20240205,12:27:27,17.2,100,35200
20240205,12:28:04,17.2,50,35200
20240205,12:28:05,17.2,350,35200
20240205,12:28:23,17.15,300,35200
20240205,12:28:25,17.15,500,35200
20240205,12:28:35,17.2,500,35200
20240205,12:28:46,17.0,150,35200
20240205,12:28:58,17.0,350,46300
20240205,12:29:06,17.0,950,46300
20240205,12:29:48,16.7,100,46300
20240205,12:29:52,16.75,100,46300
20240205,12:29:53,16.8,50,46300
20240205,12:30:00,16.85,500,46300
20240205,12:30:02,16.9,650,46300
20240205,12:30:26,16.95,150,46300
20240205,12:30:28,16.95,300,46300
20240205,12:30:31,16.95,50,46300
20240205,12:30:34,16.95,50,46300
20240205,12:31:33,17.2,50,46300
20240205,12:32:14,17.05,100,44450
20240205,12:32:31,16.95,50,44450
20240205,12:32:42,16.85,50,44450
20240205,12:33:04,16.85,100,44450
20240205,12:33:05,16.75,100,44450
20240205,12:33:25,16.75,50,44450
20240205,12:33:34,16.65,50,44450
20240205,12:33:40,16.85,150,44450
20240205,12:34:00,16.75,50,44450
20240205,12:34:03,16.7,50,44450
20240205,12:34:20,16.7,50,44450
20240205,12:34:23,16.7,200,44450
20240205,12:34:26,16.7,150,44450
20240205,12:34:30,16.7,50,44450
20240205,12:34:31,16.65,50,44450
20240205,12:34:33,16.65,50,44450
20240205,12:34:35,16.65,50,44450
20240205,12:34:36,16.65,50,44450
20240205,12:34:54,16.85,100,43800
20240205,12:35:02,17.1,50,43800
20240205,12:35:06,17.0,250,43800
20240205,12:35:11,17.1,100,43800
20240205,12:36:04,17.3,50,43800
20240205,12:36:06,17.35,50,43800
20240205,12:36:09,17.2,50,43800
20240205,12:36:32,17.35,50,43800
20240205,12:36:58,17.35,200,43800
20240205,12:37:13,17.4,100,43800
20240205,12:37:47,17.25,50,43700
20240205,12:37:55,17.3,50,43700
20240205,12:37:57,17.35,100,43700
20240205,12:37:58,17.4,100,43700
20240205,12:38:02,17.45,100,43700
20240205,12:38:05,17.45,50,43700
20240205,12:38:07,17.55,50,43700
20240205,12:38:27,17.5,50,43700
20240205,12:38:29,17.55,50,43700
20240205,12:38:34,17.55,50,43700
20240205,12:39:11,17.45,50,43700
20240205,12:41:14,17.45,50,43750
20240205,12:42:51,17.55,50,43750
20240205,12:43:00,17.6,50,43750
20240205,12:43:14,17.6,150,43750
20240205,12:44:25,17.5,150,44000
20240205,12:44:39,17.7,500,44000
20240205,12:46:10,17.5,50,44000
20240205,12:46:14,17.4,50,44000
20240205,12:46:27,17.4,100,44000
20240205,12:46:39,17.45,100,44000
20240205,12:46:52,17.25,100,44050
20240205,12:47:02,17.4,250,44050
20240205,12:47:23,17.5,300,44050
20240205,12:47:28,17.6,50,44050
20240205,12:47:30,17.6,50,44050
20240205,12:48:15,17.8,50,44050
20240205,12:48:40,17.8,50,44050
20240205,12:49:10,17.95,50,44050
20240205,12:49:41,18.05,250,44050
20240205,12:50:03,18.1,350,44000
20240205,12:51:59,17.0,250,44000
20240205,12:52:01,17.0,250,44000
20240205,12:52:18,17.2,200,44000
20240205,12:52:21,17.2,50,44000
20240205,12:54:40,17.4,50,44000
20240205,12:55:16,17.6,250,44000
20240205,12:55:59,18.3,50,44250
20240205,12:56:00,18.0,350,44250
20240205,12:56:20,18.15,100,44250
20240205,12:56:50,18.15,50,44250
20240205,12:57:19,18.2,50,44250
20240205,12:57:38,18.3,50,44250
20240205,12:57:55,18.35,750,44250
20240205,12:58:05,18.35,50,44250
20240205,12:58:18,18.35,50,44250
20240205,12:58:34,18.35,100,44250
20240205,12:58:37,18.35,100,44250
20240205,12:59:10,18.1,100,44350
20240205,13:00:01,18.0,50,44350
20240205,13:00:03,18.0,500,44350
20240205,13:01:21,18.55,200,44350
20240205,13:01:26,18.55,50,44350
20240205,13:01:43,18.5,50,44050
20240205,13:02:02,18.25,50,44050
20240205,13:02:12,18.25,50,44050
20240205,13:02:26,18.3,50,44050
20240205,13:03:27,18.2,50,44050
20240205,13:03:38,18.05,50,44050
20240205,13:04:17,17.6,50,44050
20240205,13:04:24,17.55,150,44050
20240205,13:04:27,17.65,100,44050
20240205,13:04:31,17.65,50,44050
20240205,13:05:06,17.8,350,44150
20240205,13:06:34,18.5,1050,44150
20240205,13:06:52,18.8,450,44150
20240205,13:07:16,19.0,50,44150
20240205,13:07:24,19.0,1050,44150
20240205,13:07:28,19.0,50,44150
20240205,13:07:29,19.0,2950,44150
20240205,13:07:33,19.0,100,44150
20240205,13:07:34,19.0,400,44150
20240205,13:07:39,19.0,500,44150
20240205,13:07:41,19.0,600,44150
20240205,13:07:42,18.95,300,44150
20240205,13:07:44,18.95,50,40300
20240205,13:07:46,19.0,50,40300
20240205,13:07:47,19.0,5650,40300
20240205,13:07:49,18.95,50,40300
20240205,13:07:52,18.9,400,40300
20240205,13:07:57,18.9,650,40300
20240205,13:08:11,18.85,50,40300
20240205,13:08:13,18.9,50,40300
20240205,13:08:16,19.0,100,40300
20240205,13:08:31,19.0,2850,40300
20240205,13:08:37,19.15,300,40300
20240205,13:08:42,19.15,300,40300
20240205,13:08:44,19.15,450,40300
20240205,13:09:03,19.4,50,40300
20240205,13:09:05,19.2,1100,40300
20240205,13:09:08,19.35,50,40300
20240205,13:09:13,19.1,100,40300
20240205,13:09:30,19.1,200,40300
20240205,13:09:39,19.0,100,40300
20240205,13:09:46,18.85,50,40300
20240205,13:10:06,18.85,250,40300
20240205,13:10:37,19.05,50,40300
20240205,13:10:38,19.05,50,40300
20240205,13:11:57,18.6,50,36150
20240205,13:12:06,18.6,500,36150
20240205,13:12:30,18.75,100,36150
20240205,13:13:00,18.6,650,36150
20240205,13:14:07,18.5,350,36000
20240205,13:14:10,18.5,50,36000
20240205,13:14:22,18.4,100,36000
20240205,13:15:06,18.15,50,36000
20240205,13:15:29,17.95,50,36000
20240205,13:15:34,18.0,50,36000
20240205,13:15:37,18.05,50,36000
20240205,13:15:39,18.15,150,36000
20240205,13:15:51,18.3,50,36000
20240205,13:16:01,18.35,50,36000
20240205,13:16:24,18.45,50,36000
20240205,13:16:29,18.45,250,36000
20240205,13:16:51,18.25,150,35600
20240205,13:17:01,18.2,50,35600
20240205,13:17:16,18.05,100,35600
20240205,13:17:24,18.05,50,35600
20240205,13:17:27,18.05,50,35600
20240205,13:17:43,18.0,250,35600
20240205,13:19:04,18.3,50,35600
20240205,13:19:13,18.4,50,35600
20240205,13:19:15,18.45,50,35600
20240205,13:19:23,18.25,400,35600
20240205,13:19:41,18.4,50,35600
20240205,13:20:05,18.45,150,35650
20240205,13:21:06,18.6,100,35650
20240205,13:21:14,18.45,100,35650
20240205,13:22:25,18.75,100,35650
20240205,13:22:46,18.9,50,35750
20240205,13:22:49,18.7,50,35750
20240205,13:22:57,18.6,50,35750
20240205,13:24:11,18.3,50,35750
20240205,13:24:13,18.3,50,35750
20240205,13:24:39,18.3,100,35750
20240205,13:25:13,17.85,50,35750
20240205,13:25:24,17.6,150,35750
20240205,13:25:26,17.7,1100,35750
20240205,13:25:36,17.55,50,35750
20240205,13:25:55,17.45,50,35050
20240205,13:26:09,16.85,50,35050
20240205,13:26:22,16.85,50,35050
20240205,13:26:47,17.25,50,35050
20240205,13:27:41,17.45,50,35050
20240205,13:27:47,17.3,100,35050
20240205,13:27:52,17.45,50,35050
20240205,13:28:21,17.1,500,35050
20240205,13:28:30,16.9,50,35050
20240205,13:28:53,16.65,50,35550
20240205,13:29:17,16.25,1050,35550
20240205,13:29:27,16.1,1700,35550
20240205,13:29:32,16.0,500,35550
20240205,13:29:45,16.35,150,35550
20240205,13:29:51,16.1,50,35550
20240205,13:29:58,16.15,350,35550
20240205,13:30:03,16.25,650,35550
20240205,13:30:06,16.2,50,35550
20240205,13:30:08,16.15,250,35550
20240205,13:30:15,16.25,50,35550
20240205,13:30:23,16.4,350,35550
20240205,13:31:52,16.8,200,34600
20240205,13:31:57,16.7,450,34600
20240205,13:32:09,17.0,100,34600
20240205,13:32:14,17.1,100,34600
20240205,13:32:15,17.05,50,34600
20240205,13:32:18,17.2,300,34600
20240205,13:32:43,17.0,50,34600
20240205,13:32:48,17.05,50,34600
20240205,13:33:10,17.0,50,34600
20240205,13:33:35,17.2,50,34600
20240205,13:34:38,17.2,50,34600
20240205,13:35:14,17.45,300,34600
20240205,13:35:46,17.2,50,34600
20240205,13:35:48,17.1,50,34600
20240205,13:36:15,17.45,100,34600
20240205,13:36:16,17.45,50,34600
20240205,13:36:21,17.45,150,34600
20240205,13:36:25,17.65,50,34600
20240205,13:36:26,17.5,50,34600
20240205,13:36:41,17.65,50,34600
20240205,13:37:01,17.65,50,34600
20240205,13:37:21,17.55,50,34600
20240205,13:38:39,17.1,50,34600
20240205,13:38:44,17.0,50,34600
20240205,13:38:48,17.0,50,34600
20240205,13:38:51,17.0,2150,34600
20240205,13:39:30,17.0,50,34600
20240205,13:39:31,17.0,50,34600
20240205,13:39:33,17.0,2800,34600
20240205,13:39:35,17.0,750,34600
20240205,13:39:36,17.05,300,34600
20240205,13:39:38,17.0,50,34600
20240205,13:39:40,17.0,1350,34600
20240205,13:39:41,17.15,950,34600
20240205,13:39:48,17.0,100,34600
20240205,13:39:49,17.0,1550,34600
20240205,13:39:53,17.05,50,34600
20240205,13:39:54,17.0,100,34600
20240205,13:39:56,17.05,100,34600
20240205,13:40:01,17.1,400,34600
20240205,13:40:09,17.0,50,34600
20240205,13:40:27,17.0,50,34600
20240205,13:40:44,17.25,300,34600
20240205,13:40:50,17.15,100,40350
20240205,13:40:52,17.2,100,40350
20240205,13:40:57,17.3,50,40350
20240205,13:41:06,17.2,50,40350
20240205,13:41:15,17.2,250,40350
20240205,13:41:21,17.25,100,40350
20240205,13:41:46,17.0,100,40350
20240205,13:41:48,17.0,350,40350
20240205,13:41:50,17.0,50,40350
20240205,13:41:51,17.0,100,40350
20240205,13:42:04,17.0,350,40350
20240205,13:42:06,17.0,50,40350
20240205,13:42:07,17.0,50,40350
20240205,13:42:14,17.1,500,40350
20240205,13:42:29,17.0,50,40350
20240205,13:42:33,17.05,50,40350
20240205,13:42:38,17.2,50,40350
20240205,13:44:14,17.15,50,40700
20240205,13:44:46,17.1,150,40700
20240205,13:45:27,17.0,600,40700
20240205,13:45:28,17.0,450,40700
20240205,13:45:30,17.0,3100,40700
20240205,13:46:10,17.2,50,40700
20240205,13:46:35,17.0,100,40700
20240205,13:47:20,17.05,50,40700
20240205,13:47:25,17.15,650,42550
20240205,13:47:48,17.25,150,42550
20240205,13:48:06,17.2,50,42550
20240205,13:48:07,17.3,50,42550
20240205,13:48:27,17.35,50,42550
20240205,13:48:46,17.2,300,42550
20240205,13:48:50,17.25,100,42550
20240205,13:49:14,17.15,50,42550
20240205,13:49:16,17.3,50,42550
20240205,13:50:02,17.4,150,40450
20240205,13:51:23,17.8,50,40450
20240205,13:51:36,17.8,400,40450
20240205,13:53:36,17.8,300,40500
20240205,13:54:17,17.85,200,40500
20240205,13:54:27,17.8,50,40500
20240205,13:55:01,17.8,50,40500
20240205,13:55:21,17.85,50,40500
20240205,13:56:11,17.2,15950,40600
20240205,13:56:14,17.35,50,40600
20240205,13:56:32,17.5,350,40600
20240205,13:56:38,17.55,100,40600
20240205,13:56:43,17.55,450,40600
20240205,13:57:02,17.4,50,40600
20240205,13:57:10,17.35,200,40600
20240205,13:57:57,17.05,50,40600
20240205,13:58:14,17.3,50,40600
20240205,13:58:16,17.25,150,40600
20240205,13:58:29,17.55,50,40600
20240205,13:58:35,17.45,150,40600
20240205,13:58:38,17.55,100,40600
20240205,13:59:14,17.6,50,34950
20240205,14:00:19,17.45,50,34950
20240205,14:00:30,17.55,100,34950
20240205,14:03:36,17.2,100,34900
20240205,14:03:57,17.0,50,34900
20240205,14:04:02,16.9,50,34900
20240205,14:04:22,16.85,100,34900
20240205,14:04:31,16.8,50,34900
20240205,14:04:39,16.8,100,34900
20240205,14:05:08,16.45,50,34950
20240205,14:05:20,16.45,50,34950
20240205,14:05:42,16.5,50,34950
20240205,14:05:45,16.4,50,34950
20240205,14:05:55,16.5,50,34950
20240205,14:07:02,16.3,100,34950
20240205,14:07:07,16.1,100,34950
20240205,14:07:10,16.2,50,34950
20240205,14:07:20,16.2,50,34950
20240205,14:07:48,16.45,50,34950
20240205,14:08:29,15.95,100,35000
20240205,14:08:35,16.05,300,35000
20240205,14:08:41,16.0,650,35000
20240205,14:08:47,15.9,300,35000
20240205,14:08:54,15.5,100,35000
20240205,14:09:09,15.7,50,35000
20240205,14:09:59,15.5,1750,35000
20240205,14:10:06,15.75,200,35000
20240205,14:10:13,15.8,50,35000
20240205,14:10:19,15.75,50,35000
20240205,14:10:37,15.5,50,35000
20240205,14:10:44,15.15,200,35000
20240205,14:10:52,15.15,200,35000
20240205,14:10:59,15.15,150,35400
20240205,14:11:34,14.7,50,35400
20240205,14:12:14,14.8,50,35400
20240205,14:12:43,14.85,50,35400
20240205,14:12:50,15.15,450,35400
20240205,14:12:56,15.1,100,35400
20240205,14:13:32,15.3,500,35400
20240205,14:13:44,15.45,100,35400
20240205,14:14:04,15.9,250,35450
20240205,14:14:11,15.9,50,35450
20240205,14:14:17,16.0,1900,35450
20240205,14:14:44,16.25,100,35450
20240205,14:15:04,16.25,50,35450
20240205,14:16:28,16.05,500,35450
20240205,14:16:55,16.15,50,35700
20240205,14:17:00,16.15,50,35700
20240205,14:17:33,16.2,50,35700
20240205,14:17:36,16.3,50,35700
20240205,14:17:38,16.2,50,35700
20240205,14:17:40,16.15,100,35700
20240205,14:18:26,15.95,50,35700
20240205,14:18:34,16.15,50,35700
20240205,14:18:41,16.0,50,35700
20240205,14:19:13,16.05,50,35700
20240205,14:19:33,16.05,50,35700
20240205,14:19:45,15.95,200,35700
20240205,14:19:49,15.9,50,35700
20240205,14:19:52,16.05,50,35700
20240205,14:20:06,15.95,200,35900
20240205,14:21:35,15.15,50,35900
20240205,14:21:41,15.5,250,35900
20240205,14:22:04,15.4,50,35900
20240205,14:22:51,15.4,50,35900
20240205,14:24:00,15.15,100,35950
20240205,14:24:15,15.1,50,35950
20240205,14:24:30,15.0,50,35950
20240205,14:25:07,15.15,50,35950
20240205,14:25:12,15.05,1500,35950
20240205,14:25:20,15.1,50,35950
20240205,14:25:22,15.15,50,35950
20240205,14:25:26,15.0,50,35950
20240205,14:25:55,15.0,200,37350
20240205,14:26:08,15.2,50,37350
20240205,14:26:27,15.05,100,37350
20240205,14:26:30,15.05,50,37350
20240205,14:26:42,15.2,50,37350
20240205,14:27:01,15.15,100,37350
20240205,14:27:04,15.0,200,37350
20240205,14:27:17,15.1,50,37350
20240205,14:27:26,15.0,1550,37350
20240205,14:28:29,15.0,50,37350
20240205,14:30:12,15.1,200,37350
20240205,14:30:16,15.4,50,37350
20240205,14:30:31,15.5,100,37350
20240205,14:30:47,15.5,150,37350
20240205,14:32:02,15.05,50,37350
20240205,14:32:03,15.15,650,37350
20240205,14:32:07,15.15,50,37350
20240205,14:32:12,14.8,50,37350
20240205,14:32:15,14.75,50,37350
20240205,14:32:17,14.8,50,37350
20240205,14:32:20,14.75,50,37350
20240205,14:32:28,14.5,200,37350
20240205,14:32:30,14.5,750,37350
20240205,14:32:32,14.5,100,37350
20240205,14:32:33,14.5,100,37350
20240205,14:32:35,14.5,650,37350
20240205,14:32:37,14.3,100,37350
20240205,14:32:38,14.35,50,37350
20240205,14:32:53,14.25,50,37350
20240205,14:33:05,14.0,50,37350
20240205,14:33:23,13.85,50,37350
20240205,14:33:32,14.0,50,37350
20240205,14:33:56,13.95,50,37350
20240205,14:34:13,14.0,50,37350
