date,time,tick_price,volume,open_interest
20240115,09:15:05,2.0,50,7100
20240115,09:15:06,2.0,100,7100
20240115,09:15:07,2.0,50,7100
20240115,09:15:08,2.0,100,7100
20240115,09:15:09,2.0,350,7100
20240115,09:15:21,0.65,100,7100
20240115,09:15:24,0.65,50,7100
20240115,09:15:50,0.65,100,7100
20240115,09:16:01,0.9,450,7100
20240115,09:16:05,0.85,1550,7100
20240115,09:16:05,0.85,50,7100
20240115,09:16:09,0.8,100,7100
20240115,09:16:11,0.85,50,7100
20240115,09:16:16,0.85,50,7100
20240115,09:16:19,0.85,50,7100
20240115,09:16:21,0.8,150,7100
20240115,09:16:23,0.8,100,7100
20240115,09:16:24,0.8,50,7100
20240115,09:16:25,0.8,100,7100
20240115,09:16:28,0.8,50,7100
20240115,09:16:30,0.8,100,7100
20240115,09:16:45,0.8,750,7100
20240115,09:16:45,0.8,50,7100
20240115,09:16:48,0.8,50,7100
20240115,09:16:53,0.8,50,7100
20240115,09:16:55,0.8,50,7100
20240115,09:16:56,0.8,50,7100
20240115,09:17:00,0.8,50,7100
20240115,09:17:04,0.8,50,7100
20240115,09:17:08,0.8,50,7100
20240115,09:17:09,0.8,50,7100
20240115,09:17:13,0.75,1800,7100
20240115,09:17:16,0.8,50,7100
20240115,09:17:18,0.75,1800,7100
20240115,09:17:19,0.8,50,7100
20240115,09:17:21,0.75,600,7100
20240115,09:17:22,0.75,50,7100
20240115,09:17:23,0.75,50,7100
20240115,09:17:24,0.75,50,7100
20240115,09:17:25,0.75,50,7100
20240115,09:17:26,0.75,50,7100
20240115,09:17:27,0.75,50,7100
20240115,09:17:32,0.75,50,7100
20240115,09:17:33,0.75,50,7100
20240115,09:17:34,0.75,300,7100
20240115,09:17:42,0.75,500,7100
20240115,09:17:45,0.75,50,7100
20240115,09:17:52,0.75,150,7100
20240115,09:17:56,0.75,100,7100
20240115,09:18:04,0.75,200,7100
20240115,09:18:06,0.75,50,7100
20240115,09:18:16,0.75,50,7100
20240115,09:18:22,0.75,50,7100
20240115,09:18:26,0.65,500,7100
20240115,09:19:12,0.75,50,7100
20240115,09:19:23,0.75,550,7100
20240115,09:19:34,0.75,50,7100
20240115,09:19:43,0.75,50,7100
20240115,09:19:59,0.75,200,7100
20240115,09:20:01,0.75,250,7100
20240115,09:20:02,0.75,300,7100
20240115,09:20:04,0.75,300,7100
20240115,09:21:06,0.75,50,9350
20240115,09:21:21,0.75,50,9350
20240115,09:21:27,0.75,50,9350
20240115,09:22:03,0.75,650,9350
20240115,09:22:54,0.75,250,9350
20240115,09:23:12,0.75,100,9350
20240115,09:23:19,0.75,550,9350
20240115,09:23:22,0.75,50,9350
20240115,09:23:41,0.8,50,9750
20240115,09:23:58,0.8,100,9750
20240115,09:24:39,0.8,50,9750
20240115,09:24:40,0.8,50,9750
20240115,09:24:46,0.8,150,9750
20240115,09:25:05,0.75,50,9750
20240115,09:25:06,0.75,300,9750
20240115,09:25:24,0.8,50,9750
20240115,09:26:51,0.8,100,10000
20240115,09:27:31,0.8,50,10000
20240115,09:27:47,0.8,1000,10000
20240115,09:27:51,0.8,500,10000
20240115,09:28:46,0.75,50,10000
20240115,09:29:15,0.8,50,10000
20240115,09:29:24,0.8,50,10000
20240115,09:30:52,0.8,200,11450
20240115,09:31:23,0.8,50,11450
20240115,09:32:28,0.7,1000,11450
20240115,09:33:02,0.8,50,11700
20240115,09:33:20,0.7,4650,11700
20240115,09:33:21,0.7,550,11700
20240115,09:33:23,0.7,250,11700
20240115,09:33:27,0.7,250,11700
20240115,09:33:57,0.8,50,11700
20240115,09:34:01,0.8,200,11700
20240115,09:34:20,0.8,200,11700
20240115,09:35:50,0.8,350,16350
20240115,09:36:02,0.8,1200,16350
20240115,09:36:14,0.8,50,16350
20240115,09:36:29,0.7,250,16350
20240115,09:36:47,0.7,300,16350
20240115,09:36:48,0.7,300,16350
20240115,09:36:49,0.7,250,16350
20240115,09:37:10,0.8,150,16350
20240115,09:37:23,0.8,50,16350
20240115,09:38:04,0.7,150,16350
20240115,09:39:16,0.7,250,17900
20240115,09:39:21,0.7,50,17900
20240115,09:39:29,0.7,250,17900
20240115,09:40:08,0.75,650,17900
20240115,09:40:11,0.8,50,17900
20240115,09:40:17,0.8,50,17900
20240115,09:42:01,0.75,50,18500
20240115,09:42:22,0.75,50,18500
20240115,09:43:08,0.75,50,18500
20240115,09:43:16,0.75,500,18500
20240115,09:43:35,0.75,200,18500
20240115,09:43:42,0.7,350,18500
20240115,09:43:44,0.7,250,18500
20240115,09:43:51,0.75,50,18500
20240115,09:43:54,0.7,300,18500
20240115,09:44:00,0.7,350,18500
20240115,09:44:08,0.7,350,18500
20240115,09:44:39,0.75,50,20300
20240115,09:44:43,0.75,50,20300
20240115,09:45:10,0.75,100,20300
20240115,09:45:15,0.75,650,20300
20240115,09:45:21,0.75,50,20300
20240115,09:45:52,0.75,50,20300
20240115,09:45:53,0.7,400,20300
20240115,09:45:54,0.75,50,20300
20240115,09:46:07,0.75,1400,20300
20240115,09:46:25,0.75,1400,20300
20240115,09:46:30,0.7,50,20300
20240115,09:46:50,0.8,50,20300
20240115,09:46:53,0.75,1750,20300
20240115,09:46:54,0.8,50,20300
20240115,09:47:00,0.7,50,20300
20240115,09:47:16,0.8,50,20300
20240115,09:47:19,0.75,500,20300
20240115,09:47:24,0.8,50,20300
20240115,09:47:31,0.8,350,26500
20240115,09:48:12,0.75,50,26500
20240115,09:48:37,0.7,50,26500
20240115,09:48:48,0.8,650,26500
20240115,09:49:08,0.8,50,26500
20240115,09:49:35,0.7,250,26500
20240115,09:49:37,0.8,250,26500
20240115,09:49:45,0.8,100,26500
20240115,09:50:29,0.75,2500,26500
20240115,09:50:48,0.8,50,26500
20240115,09:50:56,0.7,1400,27050
20240115,09:51:03,0.8,50,27050
20240115,09:51:06,0.7,1700,27050
20240115,09:51:16,0.8,500,27050
20240115,09:51:18,0.7,1300,27050
20240115,09:51:31,0.75,50,27050
20240115,09:51:44,0.75,1050,27050
20240115,09:51:51,0.75,1650,27050
20240115,09:52:13,0.75,850,27050
20240115,09:52:18,0.7,50,27050
20240115,09:52:21,0.8,50,27050
20240115,09:52:52,0.8,150,27050
20240115,09:52:55,0.7,50,27050
20240115,09:53:16,0.8,50,27050
20240115,09:53:19,0.8,50,27050
20240115,09:53:28,0.75,250,27050
20240115,09:53:29,0.75,50,27050
20240115,09:53:30,0.75,250,27050
20240115,09:53:31,0.75,50,29600
20240115,09:53:34,0.8,100,29600
20240115,09:53:37,0.8,50,29600
20240115,09:53:39,0.75,100,29600
20240115,09:53:40,0.75,50,29600
20240115,09:53:41,0.75,50,29600
20240115,09:53:42,0.75,50,29600
20240115,09:53:43,0.75,50,29600
20240115,09:53:44,0.75,50,29600
20240115,09:53:45,0.75,50,29600
20240115,09:53:46,0.75,50,29600
20240115,09:53:47,0.75,50,29600
20240115,09:53:48,0.75,50,29600
20240115,09:53:49,0.75,50,29600
20240115,09:53:50,0.75,50,29600
20240115,09:53:51,0.75,50,29600
20240115,09:53:54,0.8,50,29600
20240115,09:53:57,0.8,50,29600
20240115,09:54:00,0.75,50,29600
20240115,09:54:01,0.75,50,29600
20240115,09:54:02,0.8,50,29600
20240115,09:54:04,0.8,50,29600
20240115,09:54:06,0.8,50,29600
20240115,09:54:07,0.8,50,29600
20240115,09:54:08,0.8,50,29600
20240115,09:54:09,0.8,50,29600
20240115,09:54:10,0.8,50,29600
20240115,09:54:11,0.8,50,29600
20240115,09:54:12,0.8,50,29600
20240115,09:54:13,0.8,50,29600
20240115,09:54:14,0.8,50,29600
20240115,09:54:19,0.8,50,29600
20240115,09:54:35,0.75,50,29600
20240115,09:54:38,0.75,50,29600
20240115,09:54:40,0.75,50,29600
20240115,09:54:46,0.75,1650,29600
20240115,09:54:50,0.75,100,29600
20240115,09:54:57,0.75,100,29600
20240115,09:55:04,0.7,150,29600
20240115,09:55:05,0.7,150,29600
20240115,09:55:06,0.7,150,29600
20240115,09:55:07,0.7,150,29600
20240115,09:55:08,0.7,150,29600
20240115,09:55:09,0.7,150,29600
20240115,09:55:10,0.7,150,29600
20240115,09:55:11,0.7,150,29600
20240115,09:55:12,0.7,150,29600
20240115,09:55:13,0.7,150,29600
20240115,09:55:14,0.7,150,29600
20240115,09:55:15,0.7,150,29600
20240115,09:55:16,0.7,50,29600
20240115,09:55:17,0.75,50,29600
20240115,09:55:27,0.75,1150,29600
20240115,09:55:43,0.75,1150,29600
20240115,09:56:43,0.7,250,34300
20240115,09:56:46,0.75,50,34300
20240115,09:56:51,0.75,50,34300
20240115,09:56:52,0.75,50,34300
20240115,09:56:53,0.75,50,34300
20240115,09:56:54,0.75,50,34300
20240115,09:56:55,0.75,50,34300
20240115,09:56:56,0.75,50,34300
20240115,09:56:57,0.75,50,34300
20240115,09:56:58,0.75,50,34300
20240115,09:56:59,0.75,50,34300
20240115,09:57:41,0.75,350,34300
20240115,09:58:04,0.7,150,34300
20240115,09:58:05,0.7,150,34300
20240115,09:58:06,0.7,150,34300
20240115,09:58:51,0.7,1800,34300
20240115,09:59:02,0.7,1800,34300
20240115,09:59:12,0.7,1800,34300
20240115,09:59:19,0.75,1150,34300
20240115,09:59:23,0.75,50,34300
20240115,09:59:26,0.7,1800,34300
20240115,09:59:39,0.7,1800,34300
20240115,09:59:49,0.7,1800,41150
20240115,10:00:01,0.7,2950,41150
20240115,10:00:11,0.75,50,41150
20240115,10:00:40,0.75,50,41150
20240115,10:00:44,0.75,350,41150
20240115,10:01:28,0.75,50,41150
20240115,10:01:49,0.7,50,41150
20240115,10:02:47,0.75,200,41150
20240115,10:02:50,0.75,200,44550
20240115,10:02:53,0.75,200,44550
20240115,10:02:57,0.75,200,44550
20240115,10:03:01,0.75,100,44550
20240115,10:03:04,0.75,200,44550
20240115,10:03:07,0.75,450,44550
20240115,10:03:10,0.75,150,44550
20240115,10:03:15,0.75,50,44550
20240115,10:03:54,0.75,50,44550
20240115,10:04:24,0.75,50,44550
20240115,10:04:45,0.75,50,44550
20240115,10:04:46,0.75,50,44550
20240115,10:05:08,0.75,50,44550
20240115,10:05:09,0.75,50,44550
20240115,10:05:10,0.75,50,44550
20240115,10:05:11,0.75,50,44550
20240115,10:05:12,0.75,50,44550
20240115,10:05:13,0.75,50,44550
20240115,10:05:14,0.75,50,44550
20240115,10:05:17,0.75,700,44550
20240115,10:05:18,0.75,600,44550
20240115,10:05:20,0.75,500,44550
20240115,10:05:22,0.75,50,44550
20240115,10:05:34,0.7,1400,43700
20240115,10:06:16,0.75,100,43700
20240115,10:06:22,0.7,1800,43700
20240115,10:06:44,0.75,200,43700
20240115,10:06:47,0.7,1800,43700
20240115,10:06:58,0.75,50,43700
20240115,10:07:00,0.75,50,43700
20240115,10:07:05,0.75,750,43700
20240115,10:07:06,0.75,650,43700
20240115,10:07:07,0.75,500,43700
20240115,10:07:09,0.75,1050,43700
20240115,10:07:11,0.75,250,43700
20240115,10:07:39,0.75,50,43700
20240115,10:07:47,0.75,100,43700
20240115,10:08:12,0.75,50,43700
20240115,10:08:18,0.75,50,43700
20240115,10:08:31,0.75,250,43700
20240115,10:08:33,0.75,500,43100
20240115,10:09:30,0.75,50,43100
20240115,10:09:49,0.75,50,43100
20240115,10:10:12,0.75,50,43100
20240115,10:10:17,0.75,50,43100
20240115,10:10:20,0.75,50,43100
20240115,10:10:50,0.7,50,43100
20240115,10:10:51,0.75,450,43100
20240115,10:10:52,0.7,200,43100
20240115,10:10:53,0.7,800,43100
20240115,10:10:54,0.7,1000,43100
20240115,10:10:55,0.7,200,43100
20240115,10:10:56,0.7,200,43100
20240115,10:10:57,0.7,200,43100
20240115,10:11:01,0.7,250,43100
20240115,10:11:19,0.75,50,43100
20240115,10:13:25,0.75,250,40100
20240115,10:13:37,0.75,50,40100
20240115,10:13:59,0.7,100,40100
20240115,10:14:00,0.7,100,40100
20240115,10:14:01,0.7,100,40100
20240115,10:14:02,0.7,100,40100
20240115,10:14:03,0.7,100,40100
20240115,10:14:04,0.7,100,40100
20240115,10:14:05,0.75,50,40100
20240115,10:14:23,0.7,100,40100
20240115,10:14:24,0.7,100,40100
20240115,10:14:25,0.7,100,40100
20240115,10:14:30,0.7,50,40100
20240115,10:14:30,0.75,50,40100
20240115,10:14:45,0.7,350,40100
20240115,10:14:52,0.7,50,40100
20240115,10:16:14,0.75,50,40100
20240115,10:16:31,0.75,50,40100
20240115,10:17:04,0.75,50,40100
20240115,10:17:45,0.75,50,40100
20240115,10:20:00,0.75,50,40100
20240115,10:20:12,0.75,100,40100
20240115,10:20:20,0.75,100,40100
20240115,10:20:29,0.75,500,40100
20240115,10:20:48,0.75,50,40100
20240115,10:21:48,0.75,100,40100
20240115,10:22:43,0.7,1300,40100
20240115,10:23:03,0.75,50,40100
20240115,10:24:20,0.7,50,40100
20240115,10:24:34,0.75,1500,40100
20240115,10:24:41,0.7,150,40100
20240115,10:24:42,0.75,150,40100
20240115,10:26:30,0.75,100,40100
20240115,10:26:51,0.75,1050,40100
20240115,10:27:48,0.75,50,40100
20240115,10:27:56,0.7,150,40100
20240115,10:28:24,0.7,50,40100
20240115,10:29:39,0.75,150,41100
20240115,10:30:11,0.7,50,41100
20240115,10:31:00,0.75,50,41100
20240115,10:31:23,0.7,100,41100
20240115,10:31:34,0.75,50,41100
20240115,10:31:58,0.75,50,41100
20240115,10:32:08,0.75,100,41100
20240115,10:32:10,0.7,100,41100
20240115,10:32:13,0.75,200,41100
20240115,10:32:19,0.75,650,41100
20240115,10:32:20,0.75,150,41100
20240115,10:32:21,0.75,150,41100
20240115,10:32:22,0.75,50,41100
20240115,10:32:23,0.75,50,41100
20240115,10:32:24,0.75,50,41100
20240115,10:32:25,0.75,50,41100
20240115,10:32:26,0.75,50,41100
20240115,10:32:27,0.75,50,41100
20240115,10:32:28,0.75,50,41100
20240115,10:32:29,0.75,150,41100
20240115,10:32:30,0.75,150,41100
20240115,10:32:31,0.75,150,41100
20240115,10:32:32,0.75,50,41100
20240115,10:32:33,0.75,50,41100
20240115,10:32:34,0.75,50,41100
20240115,10:32:35,0.75,50,41100
20240115,10:32:36,0.75,50,41200
20240115,10:32:37,0.75,50,41200
20240115,10:32:38,0.75,50,41200
20240115,10:32:39,0.75,50,41200
20240115,10:32:40,0.75,50,41200
20240115,10:32:41,0.75,50,41200
20240115,10:32:42,0.75,50,41200
20240115,10:32:43,0.75,50,41200
20240115,10:32:44,0.75,50,41200
20240115,10:32:45,0.75,50,41200
20240115,10:32:46,0.75,50,41200
20240115,10:32:47,0.75,50,41200
20240115,10:32:48,0.75,50,41200
20240115,10:32:49,0.75,50,41200
20240115,10:32:50,0.75,50,41200
20240115,10:32:51,0.75,50,41200
20240115,10:32:52,0.75,50,41200
20240115,10:33:02,0.75,50,41200
20240115,10:33:03,0.75,50,41200
20240115,10:33:04,0.75,50,41200
20240115,10:33:05,0.75,150,41200
20240115,10:33:06,0.75,150,41200
20240115,10:33:07,0.75,150,41200
20240115,10:33:08,0.75,150,41200
20240115,10:33:12,0.75,50,41200
20240115,10:33:13,0.75,50,41200
20240115,10:33:13,0.7,350,41200
20240115,10:33:14,0.75,50,41200
20240115,10:33:15,0.75,50,41200
20240115,10:33:16,0.75,50,41200
20240115,10:33:17,0.75,50,41200
20240115,10:33:18,0.75,50,41200
20240115,10:33:19,0.75,250,41200
20240115,10:33:20,0.75,250,41200
20240115,10:33:21,0.75,250,41200
20240115,10:33:22,0.75,50,41200
20240115,10:33:23,0.75,250,41200
20240115,10:33:24,0.75,50,41200
20240115,10:33:29,0.75,250,41200
20240115,10:33:30,0.75,250,41200
20240115,10:33:31,0.75,50,41200
20240115,10:33:32,0.75,50,41200
20240115,10:33:33,0.75,50,41200
20240115,10:33:34,0.75,50,41200
20240115,10:33:39,0.75,50,41200
20240115,10:33:40,0.75,50,41200
20240115,10:33:41,0.75,50,41200
20240115,10:33:42,0.75,50,41200
20240115,10:33:43,0.75,50,41200
20240115,10:33:44,0.75,50,41200
20240115,10:33:45,0.75,50,41200
20240115,10:33:46,0.75,50,41200
20240115,10:33:47,0.75,50,41200
20240115,10:34:17,0.7,50,41200
20240115,10:35:54,0.75,350,44600
20240115,10:36:09,0.7,1500,44600
20240115,10:36:09,0.7,500,44600
20240115,10:36:10,0.7,2000,44600
20240115,10:36:12,0.7,1000,44600
20240115,10:36:22,0.7,1500,44600
20240115,10:36:22,0.7,2000,44600
20240115,10:36:23,0.7,2500,44600
20240115,10:36:24,0.7,2500,44600
20240115,10:37:07,0.7,1050,44600
20240115,10:37:12,0.65,50,44600
20240115,10:37:54,0.7,50,44600
20240115,10:37:59,0.7,50,44600
20240115,10:38:07,0.7,50,44600
20240115,10:38:19,0.7,50,44600
20240115,10:38:23,0.7,250,44600
20240115,10:38:40,0.7,50,44600
20240115,10:39:11,0.7,250,57550
20240115,10:39:12,0.7,300,57550
20240115,10:39:22,0.7,250,57550
20240115,10:40:26,0.65,50,57550
20240115,10:40:27,0.65,50,57550
20240115,10:40:40,0.65,50,57550
20240115,10:40:49,0.65,50,57550
20240115,10:40:51,0.65,50,57550
20240115,10:40:52,0.65,50,57550
20240115,10:40:55,0.65,50,57550
20240115,10:40:56,0.7,300,57550
20240115,10:40:58,0.65,300,57550
20240115,10:40:59,0.7,300,57550
20240115,10:41:00,0.7,350,57550
20240115,10:41:10,0.7,50,57550
20240115,10:41:17,0.7,300,57550
20240115,10:41:25,0.65,450,57550
20240115,10:41:26,0.7,250,57550
20240115,10:41:27,0.7,50,57550
20240115,10:41:28,0.7,250,57550
20240115,10:41:32,0.65,50,57550
20240115,10:41:32,0.7,250,57550
20240115,10:41:33,0.65,50,57550
20240115,10:41:34,0.65,50,57550
20240115,10:41:35,0.65,50,57550
20240115,10:41:36,0.65,50,57550
20240115,10:41:37,0.65,300,57550
20240115,10:41:38,0.65,50,56700
20240115,10:41:39,0.65,50,56700
20240115,10:41:40,0.65,50,56700
20240115,10:41:41,0.65,50,56700
20240115,10:41:42,0.65,50,56700
20240115,10:41:43,0.65,50,56700
20240115,10:41:44,0.65,50,56700
20240115,10:41:45,0.65,50,56700
20240115,10:41:46,0.65,200,56700
20240115,10:41:47,0.65,200,56700
20240115,10:41:48,0.65,200,56700
20240115,10:41:49,0.7,250,56700
20240115,10:42:01,0.65,50,56700
20240115,10:42:02,0.65,50,56700
20240115,10:42:03,0.65,50,56700
20240115,10:42:04,0.65,50,56700
20240115,10:42:05,0.65,50,56700
20240115,10:42:06,0.65,50,56700
20240115,10:42:07,0.65,50,56700
20240115,10:42:08,0.65,50,56700
20240115,10:42:09,0.65,50,56700
20240115,10:42:10,0.65,50,56700
20240115,10:42:11,0.65,50,56700
20240115,10:42:12,0.65,200,56700
20240115,10:42:13,0.65,200,56700
20240115,10:42:14,0.65,200,56700
20240115,10:43:14,0.7,50,56700
20240115,10:44:55,0.7,500,56700
20240115,10:44:56,0.65,550,56200
20240115,10:45:00,0.7,50,56200
20240115,10:45:01,0.7,50,56200
20240115,10:45:03,0.7,1000,56200
20240115,10:45:07,0.7,50,56200
20240115,10:46:07,0.7,200,56200
20240115,10:46:20,0.7,50,56200
20240115,10:47:02,0.65,50,56200
20240115,10:47:03,0.65,50,56200
20240115,10:47:04,0.65,50,56200
20240115,10:47:05,0.65,50,56200
20240115,10:47:06,0.65,50,56200
20240115,10:47:07,0.65,50,56200
20240115,10:47:08,0.65,50,56200
20240115,10:47:09,0.65,50,56200
20240115,10:47:10,0.65,50,56200
20240115,10:47:11,0.65,50,56200
20240115,10:47:12,0.65,50,56200
20240115,10:47:13,0.65,50,56200
20240115,10:47:14,0.65,50,56200
20240115,10:47:15,0.65,50,56200
20240115,10:47:16,0.65,50,56200
20240115,10:47:17,0.65,50,56200
20240115,10:47:19,0.65,50,56200
20240115,10:47:20,0.65,50,56200
20240115,10:47:21,0.65,50,56200
20240115,10:47:22,0.65,50,56200
20240115,10:47:23,0.65,50,56200
20240115,10:47:24,0.65,50,56200
20240115,10:47:25,0.65,50,56200
20240115,10:47:26,0.65,50,56200
20240115,10:47:27,0.65,50,56200
20240115,10:47:28,0.65,50,56200
20240115,10:47:29,0.65,50,56200
20240115,10:47:31,0.65,50,56200
20240115,10:47:32,0.65,50,56200
20240115,10:47:33,0.65,50,56200
20240115,10:47:34,0.65,50,56200
20240115,10:50:06,0.7,50,56200
20240115,10:51:24,0.7,50,56300
20240115,10:52:14,0.65,50,56300
20240115,10:52:34,0.65,50,56300
20240115,10:52:53,0.7,50,56300
20240115,10:54:48,0.65,300,56300
20240115,10:55:14,0.7,700,56300
20240115,10:55:17,0.65,100,56300
20240115,10:57:14,0.7,1800,56300
20240115,10:57:39,0.7,1800,56650
20240115,10:58:24,0.7,2050,56650
20240115,10:59:04,0.75,50,56650
20240115,11:01:15,0.75,50,56650
20240115,11:02:17,0.65,50,61050
20240115,11:02:18,0.75,150,61050
20240115,11:03:18,0.75,50,61200
20240115,11:03:28,0.75,50,61200
20240115,11:05:14,0.75,100,61200
20240115,11:06:26,0.75,50,61200
20240115,11:06:42,0.65,1200,61400
20240115,11:07:22,0.7,1100,61400
20240115,11:09:24,0.75,150,61400
20240115,11:10:07,0.65,100,60400
20240115,11:10:13,0.75,50,60400
20240115,11:12:29,0.7,50,60400
20240115,11:14:57,0.7,50,60400
20240115,11:15:18,0.7,50,60450
20240115,11:16:03,0.65,50,60450
20240115,11:16:20,0.7,50,60450
20240115,11:17:39,0.65,1500,60450
20240115,11:18:39,0.7,50,59400
20240115,11:19:43,0.7,50,59400
20240115,11:19:57,0.65,50,59400
20240115,11:19:59,0.65,250,59400
20240115,11:20:01,0.65,300,59400
20240115,11:20:01,0.7,500,59400
20240115,11:20:34,0.65,300,59400
20240115,11:20:35,0.65,550,59400
20240115,11:20:51,0.65,250,59400
20240115,11:21:11,0.7,50,59400
20240115,11:24:07,0.65,50,59650
20240115,11:24:45,0.7,100,59650
20240115,11:25:05,0.65,300,59650
20240115,11:25:26,0.7,50,59650
20240115,11:26:37,0.7,50,59650
20240115,11:27:02,0.7,50,59950
20240115,11:29:27,0.65,200,59950
20240115,11:29:34,0.7,150,59950
20240115,11:29:41,0.7,100,59950
20240115,11:29:43,0.65,50,59950
20240115,11:30:03,0.7,50,59950
20240115,11:30:17,0.7,100,59950
20240115,11:31:13,0.65,550,59950
20240115,11:32:18,0.65,50,59950
20240115,11:33:16,0.7,50,59950
20240115,11:33:32,0.7,50,59950
20240115,11:35:56,0.7,50,59950
20240115,11:36:05,0.7,50,59950
20240115,11:36:07,0.7,50,59950
20240115,11:37:05,0.65,50,59950
20240115,11:37:08,0.7,50,59950
20240115,11:39:14,0.7,300,59950
20240115,11:40:16,0.7,150,59950
20240115,11:41:36,0.65,350,59950
20240115,11:41:52,0.7,50,59950
20240115,11:42:12,0.65,2300,60400
20240115,11:42:13,0.65,350,60400
20240115,11:42:13,0.65,2050,60400
20240115,11:42:17,0.7,650,60400
20240115,11:42:25,0.65,2900,60400
20240115,11:42:28,0.65,950,60400
20240115,11:42:28,0.65,1550,60400
20240115,11:42:29,0.65,1150,60400
20240115,11:42:30,0.65,2400,60400
20240115,11:42:31,0.65,750,60400
20240115,11:42:32,0.65,900,60400
20240115,11:42:38,0.7,100,60400
20240115,11:42:43,0.65,800,60400
20240115,11:42:43,0.65,2050,60400
20240115,11:42:45,0.65,850,60400
20240115,11:42:46,0.65,550,60400
20240115,11:42:47,0.65,250,60400
20240115,11:42:50,0.65,800,60400
20240115,11:42:59,0.7,500,60400
20240115,11:43:00,0.65,1800,60400
20240115,11:43:05,0.7,50,60400
20240115,11:43:07,0.7,1500,60400
20240115,11:43:22,0.7,50,60400
20240115,11:43:57,0.6,100,60400
20240115,11:45:24,0.6,50,80900
20240115,11:45:36,0.65,50,80900
20240115,11:45:51,0.65,50,80900
20240115,11:45:58,0.65,50,80900
20240115,11:46:49,0.6,300,80900
20240115,11:47:18,0.6,150,80900
20240115,11:47:29,0.65,50,80900
20240115,11:47:39,0.65,50,80900
20240115,11:48:05,0.65,50,80900
20240115,11:48:16,0.6,50,80900
20240115,11:49:11,0.65,50,80900
20240115,11:49:43,0.65,3500,80900
20240115,11:51:39,0.65,1050,80900
20240115,11:53:06,0.65,1950,80300
20240115,11:53:13,0.65,100,80300
20240115,11:53:50,0.7,50,79700
20240115,11:55:09,0.65,100,79700
20240115,11:55:15,0.7,50,79700
20240115,11:55:34,0.7,100,79700
20240115,11:56:28,0.65,50,79700
20240115,11:56:33,0.65,1200,79700
20240115,11:59:36,0.7,150,79700
20240115,12:00:01,0.65,100,78350
20240115,12:00:20,0.65,100,78350
20240115,12:00:29,0.65,50,78350
20240115,12:00:48,0.7,1200,78350
20240115,12:00:58,0.7,50,78350
20240115,12:01:22,0.7,50,78350
20240115,12:03:52,0.7,50,78100
20240115,12:04:32,0.7,50,78100
20240115,12:05:38,0.7,50,78100
20240115,12:05:40,0.65,2000,78100
20240115,12:05:52,0.65,1600,78100
20240115,12:05:55,0.65,1450,79900
20240115,12:06:39,0.7,50,79900
20240115,12:06:53,0.65,50,79900
20240115,12:06:58,0.65,2300,79900
20240115,12:06:59,0.65,1250,79900
20240115,12:07:58,0.6,50,79900
20240115,12:08:35,0.65,50,79900
20240115,12:09:22,0.6,50,79900
20240115,12:10:39,0.65,150,83200
20240115,12:11:25,0.65,450,83200
20240115,12:11:25,0.65,300,83200
20240115,12:11:29,0.65,600,83200
20240115,12:11:30,0.65,250,83200
20240115,12:11:31,0.65,200,83200
20240115,12:13:48,0.65,200,83200
20240115,12:14:02,0.7,50,84850
20240115,12:14:09,0.7,300,84850
20240115,12:15:26,0.65,100,84850
20240115,12:15:27,0.7,200,84850
20240115,12:18:10,0.6,100,84750
20240115,12:18:38,0.65,50,84750
20240115,12:19:04,0.6,100,84750
20240115,12:19:11,0.6,300,84750
20240115,12:19:26,0.65,100,84750
20240115,12:19:27,0.65,150,84750
20240115,12:19:40,0.6,400,84750
20240115,12:20:26,0.65,750,84750
20240115,12:20:28,0.65,1300,84750
20240115,12:20:44,0.65,400,84750
20240115,12:20:50,0.6,150,84750
20240115,12:20:53,0.7,50,84750
20240115,12:21:19,0.6,50,83100
20240115,12:21:22,0.65,150,83100
20240115,12:21:41,0.7,100,83100
20240115,12:21:49,0.6,50,83100
20240115,12:21:51,0.7,700,83100
20240115,12:22:05,0.7,50,83100
20240115,12:23:09,0.6,200,83100
20240115,12:23:26,0.65,700,83100
20240115,12:24:18,0.65,100,83400
20240115,12:25:01,0.65,50,83400
20240115,12:25:10,0.6,1450,83400
20240115,12:25:34,0.6,50,83400
20240115,12:25:41,0.7,150,83400
20240115,12:25:51,0.7,50,83400
20240115,12:27:22,0.65,50,83550
20240115,12:28:31,0.6,50,83550
20240115,12:29:15,0.65,50,83550
20240115,12:29:42,0.6,50,83550
20240115,12:30:44,0.6,50,83550
20240115,12:33:28,0.65,50,83550
20240115,12:33:31,0.65,1800,83550
20240115,12:34:16,0.65,1800,83550
20240115,12:34:21,0.65,100,83550
20240115,12:34:25,0.65,1800,83550
20240115,12:34:30,0.65,1800,83550
20240115,12:34:34,0.65,1800,83550
20240115,12:34:40,0.65,1800,83550
20240115,12:35:03,0.6,50,83550
20240115,12:35:45,0.65,150,83550
20240115,12:35:46,0.65,50,83550
20240115,12:35:46,0.65,2500,83550
20240115,12:35:56,0.65,1800,83550
20240115,12:37:16,0.65,100,81500
20240115,12:38:38,0.65,150,81500
20240115,12:39:01,0.65,100,81500
20240115,12:39:08,0.65,50,83300
20240115,12:39:42,0.6,100,83300
20240115,12:40:03,0.65,50,83300
20240115,12:40:21,0.6,50,83300
20240115,12:41:16,0.65,150,83300
20240115,12:41:31,0.65,150,83300
20240115,12:46:17,0.65,1000,83300
20240115,12:48:11,0.6,1200,83300
20240115,12:48:43,0.65,50,83300
20240115,12:52:05,0.65,100,83300
20240115,12:53:24,0.65,1900,83300
20240115,12:53:46,0.6,50,83300
20240115,12:53:53,0.65,1100,83300
20240115,12:53:53,0.65,350,83300
20240115,12:53:54,0.65,350,83300
20240115,12:53:56,0.65,750,81900
20240115,12:53:59,0.65,600,81900
20240115,12:55:31,0.65,100,81900
20240115,12:55:51,0.6,150,81900
20240115,12:56:51,0.7,100,81900
20240115,12:58:06,0.65,50,81900
20240115,12:58:27,0.65,50,80250
20240115,12:59:33,0.6,50,80250
20240115,13:00:31,0.65,650,80250
20240115,13:00:41,0.65,100,80250
20240115,13:01:13,0.7,6000,80250
20240115,13:02:08,0.65,50,80250
20240115,13:02:09,0.65,50,80250
20240115,13:02:11,0.65,50,80250
20240115,13:02:12,0.65,50,80250
20240115,13:03:56,0.6,50,80150
20240115,13:03:57,0.65,1350,80150
20240115,13:04:07,0.65,150,80150
20240115,13:04:14,0.6,50,80150
20240115,13:04:48,0.65,750,80150
20240115,13:04:50,0.65,150,80150
20240115,13:05:21,0.6,5950,80150
20240115,13:06:16,0.7,50,79250
20240115,13:06:20,0.7,50,79250
20240115,13:06:43,0.65,11900,79250
20240115,13:06:44,0.65,200,79250
20240115,13:06:52,0.7,150,79250
20240115,13:07:42,0.6,50,79250
20240115,13:09:58,0.7,50,73250
20240115,13:10:57,0.7,250,73250
20240115,13:11:00,0.6,50,73250
20240115,13:11:02,0.7,150,73250
20240115,13:12:02,0.65,50,73250
20240115,13:12:26,0.7,100,73250
20240115,13:12:38,0.65,50,73250
20240115,13:15:49,0.7,50,73250
20240115,13:16:27,0.65,50,73250
20240115,13:18:09,0.7,50,73250
20240115,13:18:30,0.65,2200,73250
20240115,13:19:15,0.65,50,73250
20240115,13:20:26,0.7,50,73250
20240115,13:20:44,0.65,50,73250
20240115,13:24:22,0.65,50,73250
20240115,13:24:32,0.7,50,75450
20240115,13:24:41,0.7,50,75450
20240115,13:24:45,0.7,100,75450
20240115,13:25:30,0.65,500,75450
20240115,13:26:12,0.7,100,75450
20240115,13:27:10,0.65,50,75450
20240115,13:27:42,0.65,150,75450
20240115,13:27:46,0.7,50,75450
20240115,13:29:14,0.7,50,75450
20240115,13:29:53,0.65,50,75450
20240115,13:32:27,0.65,50,75450
20240115,13:33:38,0.7,1250,75450
20240115,13:34:40,0.7,50,75450
20240115,13:34:48,0.7,50,75450
20240115,13:35:21,0.7,500,75450
20240115,13:35:50,0.7,100,75450
20240115,13:36:16,0.65,50,75450
20240115,13:36:54,0.65,50,75450
20240115,13:37:36,0.65,50,75450
20240115,13:37:45,0.65,50,75450
20240115,13:37:55,0.65,50,75450
20240115,13:38:07,0.65,50,75450
20240115,13:38:37,0.65,50,75450
20240115,13:38:40,0.65,50,75450
20240115,13:38:59,0.7,50,75450
20240115,13:39:12,0.65,50,75450
20240115,13:39:32,0.7,50,75450
20240115,13:39:50,0.65,50,75450
20240115,13:40:30,0.7,500,75450
20240115,13:41:02,0.65,500,75450
20240115,13:41:30,0.65,50,75450
20240115,13:42:00,0.65,50,75450
20240115,13:42:02,0.7,50,75450
20240115,13:43:08,0.65,150,75450
20240115,13:43:31,0.7,50,75500
20240115,13:43:40,0.7,100,75500
20240115,13:44:11,0.65,50,75500
20240115,13:45:39,0.65,300,75500
20240115,13:45:58,0.65,50,75600
20240115,13:46:18,0.65,50,75600
20240115,13:46:31,0.65,50,75600
20240115,13:47:48,0.7,50,75600
20240115,13:49:12,0.7,50,75950
20240115,13:49:28,0.7,100,75950
20240115,13:50:25,0.7,100,75950
20240115,13:50:28,0.65,750,75950
20240115,13:52:23,0.7,50,75800
20240115,13:52:55,0.7,50,75800
20240115,13:54:05,0.65,100,75800
20240115,13:59:38,0.65,100,75700
20240115,14:03:07,0.7,400,75600
20240115,14:05:27,0.65,2400,75600
20240115,14:05:28,0.65,550,75600
20240115,14:05:29,0.65,6200,75600
20240115,14:05:30,0.65,1500,75600
20240115,14:05:31,0.65,500,75600
20240115,14:05:32,0.65,600,75600
20240115,14:05:57,0.6,50,75600
20240115,14:07:41,0.65,50,78650
20240115,14:08:16,0.7,50,78650
20240115,14:08:29,0.65,50,78650
20240115,14:08:32,0.7,50,78650
20240115,14:09:03,0.65,50,78650
20240115,14:09:11,0.7,50,78650
20240115,14:09:49,0.65,50,78650
20240115,14:09:57,0.65,50,78650
20240115,14:10:13,0.65,50,78650
20240115,14:10:20,0.65,50,78650
20240115,14:10:25,0.65,50,78650
20240115,14:10:38,0.65,50,78650
20240115,14:11:00,0.65,50,78650
20240115,14:11:03,0.7,100,78650
20240115,14:11:49,0.65,50,78650
20240115,14:14:00,0.7,100,78650
20240115,14:14:59,0.6,50,78650
20240115,14:16:46,0.65,150,78650
20240115,14:16:52,0.7,1200,78650
20240115,14:16:53,0.7,1800,78650
20240115,14:16:56,0.65,3600,78650
20240115,14:17:25,0.65,50,78650
20240115,14:19:59,0.7,50,80450
20240115,14:20:00,0.7,50,80450
20240115,14:20:16,0.7,3600,80450
20240115,14:20:17,0.7,3600,80450
20240115,14:20:18,0.7,3600,80450
20240115,14:20:20,0.7,1800,80450
20240115,14:20:20,0.7,3600,80450
20240115,14:20:21,0.7,3600,80450
20240115,14:20:22,0.7,1800,80450
20240115,14:20:23,0.7,1800,80450
20240115,14:20:27,0.75,100,80450
20240115,14:20:28,0.75,350,80450
20240115,14:20:29,0.75,100,80450
20240115,14:20:31,0.75,150,80450
20240115,14:20:31,0.75,50,80450
20240115,14:20:32,0.65,950,80450
20240115,14:20:33,0.7,100,80450
20240115,14:20:34,0.7,150,80450
20240115,14:20:35,0.7,100,80450
20240115,14:20:36,0.7,50,80450
20240115,14:20:37,0.7,100,80450
20240115,14:20:38,0.7,400,80450
20240115,14:20:39,0.7,100,80450
20240115,14:20:40,0.7,100,80450
20240115,14:20:41,0.7,800,80450
20240115,14:20:42,0.7,4950,80450
20240115,14:20:43,0.75,150,80450
20240115,14:20:44,0.75,50,80450
20240115,14:20:46,0.75,1050,80450
20240115,14:20:47,0.75,50,80450
20240115,14:20:49,0.75,250,80450
20240115,14:20:49,0.75,100,80450
20240115,14:20:50,0.65,1350,80450
20240115,14:20:51,0.7,2500,80450
20240115,14:20:52,0.7,100,80450
20240115,14:20:53,0.75,150,80450
20240115,14:20:54,0.7,150,80450
20240115,14:20:56,0.7,50,80450
20240115,14:20:58,0.65,800,80450
20240115,14:20:58,0.7,1800,80450
20240115,14:20:59,0.75,1250,80450
20240115,14:21:00,0.7,2100,80450
20240115,14:21:01,0.75,150,80450
20240115,14:21:02,0.75,50,80450
20240115,14:21:03,0.75,100,80450
20240115,14:21:04,0.75,50,80450
20240115,14:21:08,0.65,300,80450
20240115,14:21:12,0.65,3700,97700
20240115,14:21:12,0.65,250,97700
20240115,14:21:13,0.65,250,97700
20240115,14:21:14,0.65,250,97700
20240115,14:21:23,0.65,250,97700
20240115,14:21:23,0.65,300,97700
20240115,14:21:24,0.65,250,97700
20240115,14:21:25,0.65,250,97700
20240115,14:21:27,0.65,250,97700
20240115,14:21:33,0.65,700,97700
20240115,14:21:35,0.65,1200,97700
20240115,14:21:36,0.65,250,97700
20240115,14:21:37,0.65,1300,97700
20240115,14:21:45,0.7,50,97700
20240115,14:22:42,0.7,50,97700
20240115,14:22:49,0.7,50,97700
20240115,14:23:00,0.65,100,97700
20240115,14:23:39,0.7,50,97700
20240115,14:23:40,0.7,50,97700
20240115,14:23:42,0.65,650,97700
20240115,14:23:49,0.7,50,97700
20240115,14:23:50,0.7,50,97700
20240115,14:23:51,0.7,50,97700
20240115,14:23:52,0.7,50,97700
20240115,14:23:54,0.7,50,97700
20240115,14:24:15,0.7,400,97700
20240115,14:24:22,0.65,50,105300
20240115,14:26:55,0.65,50,105300
20240115,14:27:21,0.7,50,105700
20240115,14:27:34,0.65,3000,105700
20240115,14:27:35,0.7,50,105700
20240115,14:27:54,0.7,100,105700
20240115,14:30:09,0.65,11400,105700
20240115,14:30:21,0.65,150,105900
20240115,14:30:23,0.65,150,105900
20240115,14:30:24,0.65,150,105900
20240115,14:30:25,0.65,300,105900
20240115,14:30:27,0.65,150,105900
20240115,14:32:54,0.65,2700,105900
20240115,14:34:31,0.7,50,105900
20240115,14:34:38,0.7,50,120050
20240115,14:34:54,0.7,50,120050
20240115,14:35:47,0.65,2100,120050
20240115,14:35:47,0.65,1200,120050
20240115,14:35:50,0.7,50,120050
20240115,14:36:00,0.6,50,120050
20240115,14:36:36,0.65,50,120050
20240115,14:36:37,0.65,50,123350
20240115,14:36:38,0.65,50,123350
20240115,14:36:39,0.65,50,123350
20240115,14:36:40,0.65,50,123350
20240115,14:36:41,0.65,50,123350
20240115,14:36:42,0.65,50,123350
20240115,14:36:43,0.65,50,123350
20240115,14:36:44,0.65,50,123350
20240115,14:36:45,0.65,50,123350
20240115,14:36:47,0.65,50,123350
20240115,14:36:48,0.65,50,123350
20240115,14:36:49,0.65,50,123350
20240115,14:36:50,0.65,50,123350
20240115,14:36:51,0.65,100,123350
20240115,14:36:52,0.65,100,123350
20240115,14:36:53,0.65,100,123350
20240115,14:36:55,0.65,50,123350
20240115,14:36:56,0.65,50,123350
20240115,14:36:57,0.65,50,123350
20240115,14:36:58,0.65,50,123350
20240115,14:36:58,0.65,250,123350
20240115,14:36:59,0.65,100,123350
20240115,14:37:00,0.65,100,123350
20240115,14:37:01,0.65,100,123350
20240115,14:37:02,0.65,100,123350
20240115,14:37:05,0.7,50,123350
20240115,14:37:06,0.7,100,123350
20240115,14:37:07,0.7,100,123350
20240115,14:37:08,0.7,100,123350
20240115,14:37:09,0.7,50,123350
20240115,14:37:10,0.7,50,123350
20240115,14:37:12,0.7,100,123350
20240115,14:37:13,0.7,50,123350
20240115,14:37:14,0.7,50,123350
20240115,14:37:15,0.7,50,123350
20240115,14:37:16,0.7,50,123350
20240115,14:37:17,0.7,50,123350
20240115,14:37:18,0.7,150,123350
20240115,14:37:19,0.7,150,123350
20240115,14:37:21,0.6,1950,123350
20240115,14:37:23,0.7,150,123350
20240115,14:37:27,0.7,50,123350
20240115,14:37:28,0.7,50,123350
20240115,14:37:29,0.7,50,123350
20240115,14:37:30,0.7,50,123350
20240115,14:37:31,0.7,50,123350
20240115,14:37:32,0.7,50,123350
20240115,14:37:34,0.7,100,123350
20240115,14:37:35,0.7,50,123350
20240115,14:37:36,0.7,50,123350
20240115,14:37:37,0.7,150,123350
20240115,14:37:38,0.7,150,123350
20240115,14:37:39,0.7,150,123350
20240115,14:37:41,0.7,50,123350
20240115,14:37:42,0.7,50,123350
20240115,14:37:43,0.7,50,123350
20240115,14:37:44,0.7,50,123350
20240115,14:37:45,0.7,50,123350
20240115,14:37:46,0.7,50,123350
20240115,14:37:47,0.7,50,123350
20240115,14:37:48,0.7,50,123350
20240115,14:37:49,0.7,150,123350
20240115,14:37:50,0.7,150,123350
20240115,14:37:51,0.7,450,123350
20240115,14:37:52,0.7,50,123350
20240115,14:37:53,0.7,50,123350
20240115,14:37:54,0.7,50,123350
20240115,14:37:55,0.7,50,123350
20240115,14:37:56,0.7,50,123350
20240115,14:37:58,0.7,100,123350
20240115,14:37:59,0.7,50,123350
20240115,14:38:00,0.7,50,123350
20240115,14:38:01,0.7,50,123350
20240115,14:38:02,0.7,50,123350
20240115,14:38:03,0.7,50,123350
20240115,14:38:04,0.7,50,123350
20240115,14:38:05,0.7,50,123350
20240115,14:38:06,0.7,50,123350
20240115,14:38:07,0.7,50,123350
20240115,14:38:08,0.7,50,123350
20240115,14:38:09,0.7,50,123350
20240115,14:38:10,0.7,1600,123350
20240115,14:38:11,0.7,150,123350
20240115,14:38:12,0.7,150,123350
20240115,14:38:13,0.7,150,123350
20240115,14:38:14,0.7,50,123350
20240115,14:38:15,0.7,50,123350
20240115,14:38:16,0.7,50,123350
20240115,14:38:17,0.7,50,123350
20240115,14:38:18,0.7,50,123350
20240115,14:38:19,0.7,50,123350
20240115,14:38:20,0.7,50,123350
20240115,14:38:21,0.7,50,123350
20240115,14:38:22,0.7,50,123350
20240115,14:38:23,0.7,50,123350
20240115,14:38:24,0.7,50,123350
20240115,14:38:25,0.7,50,123350
20240115,14:38:26,0.7,50,123350
20240115,14:38:27,0.7,50,123350
20240115,14:38:28,0.7,50,123350
20240115,14:38:34,0.7,50,123350
20240115,14:38:35,0.7,50,123350
20240115,14:39:36,0.7,50,123350
20240115,14:40:51,0.7,50,125200
20240115,14:40:52,0.7,50,125200
20240115,14:40:53,0.7,50,125200
20240115,14:40:54,0.7,50,125200
20240115,14:42:50,0.65,650,125200
20240115,14:42:53,0.65,50,125200
20240115,14:43:51,0.7,50,125200
20240115,14:46:02,0.7,150,125200
20240115,14:47:23,0.7,150,125200
20240115,14:48:09,0.7,50,125200
20240115,14:48:10,0.7,50,125200
20240115,14:48:11,0.7,50,125200
20240115,14:48:12,0.7,50,125200
20240115,14:48:28,0.7,50,125200
20240115,14:48:29,0.7,50,125200
20240115,14:48:30,0.7,50,125200
20240115,14:48:31,0.7,50,125200
20240115,14:48:32,0.7,50,125200
20240115,14:48:33,0.7,50,125200
20240115,14:48:34,0.7,50,125200
20240115,14:48:35,0.7,50,125200
20240115,14:48:36,0.7,150,125200
20240115,14:48:37,0.7,150,125200
20240115,14:48:38,0.7,150,125200
20240115,14:48:39,0.7,50,125200
20240115,14:48:40,0.7,50,125200
20240115,14:48:41,0.7,50,125200
20240115,14:48:41,0.7,100,125200
20240115,14:48:42,0.7,50,125200
20240115,14:48:43,0.7,50,125200
20240115,14:48:44,0.7,50,125200
20240115,14:48:45,0.7,50,125200
20240115,14:48:46,0.7,50,125200
20240115,14:48:47,0.7,50,125200
20240115,14:48:48,0.7,50,125200
20240115,14:48:49,0.7,50,125200
20240115,14:49:01,0.7,50,125200
20240115,14:49:03,0.7,50,125200
20240115,14:49:04,0.7,300,125200
20240115,14:49:05,0.7,150,125200
20240115,14:49:06,0.7,150,125200
20240115,14:49:07,0.7,150,125200
20240115,14:49:11,0.7,50,125200
20240115,14:49:12,0.7,100,125200
20240115,14:49:14,0.7,50,125200
20240115,14:49:15,0.7,50,125200
20240115,14:49:16,0.7,50,125200
20240115,14:49:17,0.7,50,125200
20240115,14:49:18,0.7,50,125200
20240115,14:49:19,0.7,50,125200
20240115,14:49:20,0.7,50,125200
20240115,14:49:21,0.7,50,125200
20240115,14:50:33,0.65,50,125200
20240115,14:50:34,0.65,50,125200
20240115,14:50:35,0.65,50,125200
20240115,14:50:36,0.65,50,125200
20240115,14:50:37,0.65,50,125200
20240115,14:50:38,0.65,50,125200
20240115,14:50:39,0.65,50,125200
20240115,14:50:40,0.65,50,125200
20240115,14:50:41,0.65,50,125200
20240115,14:50:42,0.65,50,125200
20240115,14:50:43,0.65,50,125200
20240115,14:50:44,0.65,50,125200
20240115,14:50:45,0.65,50,125200
20240115,14:50:46,0.65,50,125200
20240115,14:50:47,0.65,50,125200
20240115,14:50:48,0.65,50,125200
20240115,14:50:49,0.65,200,125200
20240115,14:50:50,0.65,200,125200
20240115,14:50:51,0.65,50,125200
20240115,14:50:52,0.65,50,125200
20240115,14:50:53,0.65,50,125200
20240115,14:50:54,0.65,50,125200
20240115,14:52:32,0.7,4400,125200
20240115,14:54:02,0.65,150,125200
20240115,14:54:22,0.65,50,125200
20240115,14:54:23,0.65,50,125200
20240115,14:54:24,0.65,50,125200
20240115,14:54:25,0.65,50,125200
20240115,14:54:26,0.65,50,125200
20240115,14:54:27,0.65,50,125200
20240115,14:54:28,0.65,50,125200
20240115,14:54:29,0.65,50,125200
20240115,14:54:30,0.65,50,125200
20240115,14:54:31,0.65,50,125200
20240115,14:54:32,0.65,50,125200
20240115,14:54:33,0.65,50,125200
20240115,14:54:34,0.65,50,125200
20240115,14:54:35,0.7,100,125200
20240115,14:54:36,0.65,50,125200
20240115,14:54:37,0.65,50,125200
20240115,14:54:38,0.65,50,125200
20240115,14:54:39,0.65,50,125200
20240115,14:54:40,0.65,50,125200
20240115,14:54:41,0.65,50,125200
20240115,14:54:42,0.65,50,125200
20240115,14:54:43,0.65,50,125200
20240115,14:54:44,0.65,50,125200
20240115,14:54:45,0.65,50,125200
20240115,14:54:46,0.65,50,125200
20240115,14:55:34,0.7,50,125200
20240115,14:56:07,0.65,50,125200
20240115,14:56:08,0.65,50,125200
20240115,14:56:09,0.65,50,125200
20240115,14:56:10,0.65,50,125200
20240115,14:56:11,0.65,50,125200
20240115,14:56:12,0.65,50,125200
20240115,14:56:13,0.65,50,125200
20240115,14:56:14,0.65,50,125200
20240115,14:56:15,0.65,50,125200
20240115,14:56:16,0.65,50,125200
20240115,14:56:17,0.65,50,125200
20240115,14:56:18,0.65,50,125200
20240115,14:56:19,0.65,250,125200
20240115,14:56:20,0.65,250,125200
20240115,14:56:21,0.65,250,125200
20240115,14:56:22,0.65,250,125200
20240115,14:56:23,0.65,250,125200
20240115,14:56:24,0.65,250,125200
20240115,14:56:25,0.65,250,125200
20240115,14:56:26,0.65,250,125200
20240115,14:56:27,0.65,250,125200
20240115,14:56:28,0.65,250,125200
20240115,14:56:29,0.65,250,125200
20240115,14:56:30,0.65,1000,125200
20240115,14:56:31,0.65,200,125200
20240115,14:58:16,0.7,50,119900
20240115,14:58:21,0.6,50,119900
20240115,14:58:43,0.65,50,119900
20240115,14:58:45,0.65,250,119900
20240115,14:58:46,0.65,1000,119900
20240115,14:58:47,0.65,50,119900
20240115,14:58:48,0.65,250,119900
20240115,14:58:49,0.65,250,119900
20240115,14:58:50,0.65,250,119900
20240115,14:58:52,0.65,300,119900
20240115,14:58:52,0.6,50,119900
20240115,14:58:53,0.65,250,119900
20240115,14:58:54,0.65,250,119900
20240115,14:58:55,0.6,4650,119900
20240115,14:58:56,0.65,250,119900
20240115,14:58:57,0.65,250,119900
20240115,14:58:59,0.65,500,119900
20240115,14:59:17,0.65,750,119900
20240115,14:59:21,0.65,750,119900
20240115,14:59:39,0.65,7200,119900
20240115,14:59:40,0.65,900,119900
20240115,14:59:44,0.65,50,119900
20240115,14:59:45,0.7,100,119900
20240115,14:59:47,0.65,150,119900
20240115,14:59:50,0.6,100,119900
20240115,14:59:50,0.6,1000,119900
20240115,15:00:03,0.65,150,119900
20240115,15:00:47,0.65,1100,113600
20240115,15:00:56,0.65,50,113600
20240115,15:00:57,0.65,200,113600
20240115,15:00:58,0.65,200,113600
20240115,15:00:59,0.65,200,113600
20240115,15:01:00,0.65,200,113600
20240115,15:01:01,0.65,200,113600
20240115,15:01:02,0.65,200,113600
20240115,15:01:03,0.65,200,113600
20240115,15:01:04,0.65,200,113600
20240115,15:01:05,0.65,250,113600
20240115,15:01:06,0.65,200,113600
20240115,15:01:07,0.65,200,113600
20240115,15:01:08,0.65,200,113600
20240115,15:01:09,0.65,200,113600
20240115,15:01:10,0.65,200,113600
20240115,15:01:11,0.65,200,113600
20240115,15:01:12,0.65,200,113600
20240115,15:01:13,0.65,200,113600
20240115,15:01:14,0.65,200,113600
20240115,15:01:15,0.65,200,113600
20240115,15:01:16,0.65,200,113600
20240115,15:01:17,0.65,200,113600
20240115,15:01:18,0.65,200,113600
20240115,15:01:19,0.65,200,113600
20240115,15:01:20,0.65,200,113600
20240115,15:01:23,0.6,100,113600
20240115,15:02:03,0.6,150,113600
20240115,15:02:34,0.65,100,113600
20240115,15:03:01,0.65,150,113600
20240115,15:03:25,0.7,50,113600
20240115,15:04:05,0.6,300,108850
20240115,15:04:52,0.65,300,108850
20240115,15:05:25,0.65,50,108850
20240115,15:06:35,0.7,50,108650
20240115,15:06:37,0.65,50,108650
20240115,15:06:55,0.65,50,108650
20240115,15:06:56,0.65,100,108650
20240115,15:06:58,0.7,250,108650
20240115,15:07:00,0.65,1800,108650
20240115,15:07:02,0.6,1700,108650
20240115,15:07:03,0.65,50,108650
20240115,15:07:05,0.65,100,108650
20240115,15:07:15,0.65,1700,108650
20240115,15:07:19,0.65,1800,108650
20240115,15:07:24,0.65,50,108650
20240115,15:07:25,0.65,250,108650
20240115,15:07:26,0.65,400,108650
20240115,15:07:34,0.65,1800,108650
20240115,15:07:43,0.65,1800,108650
20240115,15:07:45,0.65,1800,108650
20240115,15:08:02,0.65,100,108650
20240115,15:08:07,0.7,50,108650
20240115,15:08:11,0.65,200,108650
20240115,15:08:26,0.6,100,108650
20240115,15:08:39,0.65,1800,108650
20240115,15:08:48,0.7,200,108650
20240115,15:09:15,0.65,50,98900
20240115,15:09:41,0.65,50,98900
20240115,15:09:43,0.65,50,98900
20240115,15:10:23,0.65,1900,98900
20240115,15:10:33,0.65,100,98900
20240115,15:10:33,0.65,1800,98900
20240115,15:10:34,0.65,1800,98900
20240115,15:10:35,0.65,1700,98900
20240115,15:10:57,0.7,550,98900
20240115,15:11:02,0.65,1800,98900
20240115,15:11:12,0.6,150,98900
20240115,15:11:46,0.6,50,98900
20240115,15:11:53,0.6,50,98900
20240115,15:12:06,0.65,50,98900
20240115,15:12:19,0.65,50,97000
20240115,15:12:20,0.65,50,97000
20240115,15:12:21,0.7,50,97000
20240115,15:12:40,0.65,100,97000
20240115,15:12:49,0.7,50,97000
20240115,15:13:11,0.65,50,97000
20240115,15:13:21,0.65,1650,97000
20240115,15:13:44,0.65,50,97000
20240115,15:14:23,0.65,50,97000
20240115,15:14:24,0.65,50,97000
20240115,15:14:42,0.65,50,97000
20240115,15:14:43,0.65,100,97000
20240115,15:15:56,0.6,100,97000
20240115,15:17:17,0.65,50,97000
20240115,15:19:39,0.6,50,97000
20240115,15:19:46,0.6,50,97000
20240115,15:19:50,0.65,350,97000
20240115,15:19:55,0.6,2000,97000
20240115,15:19:59,0.6,1700,97000
20240115,15:20:00,0.6,600,97000
20240115,15:20:10,0.6,50,97000
20240115,15:20:35,0.65,1050,97000
20240115,15:20:39,0.65,1000,97000
20240115,15:20:57,0.65,100,97000
20240115,15:21:11,0.6,18000,97000
20240115,15:21:12,0.65,1000,97000
20240115,15:21:20,0.6,100,120200
20240115,15:21:30,0.65,1000,120200
20240115,15:21:49,0.6,800,120200
20240115,15:21:49,0.6,7200,120200
20240115,15:22:37,0.6,1800,120200
20240115,15:22:39,0.6,1800,120200
20240115,15:22:40,0.6,1800,120200
20240115,15:22:42,0.6,1800,120200
20240115,15:22:43,0.6,1800,120200
20240115,15:22:45,0.6,1800,120200
20240115,15:22:47,0.6,50,120200
20240115,15:22:48,0.6,7200,120200
20240115,15:22:49,0.6,150,120200
20240115,15:22:50,0.6,1650,120200
20240115,15:23:07,0.55,100,120200
20240115,15:23:18,0.55,1800,120200
20240115,15:23:19,0.6,200,120200
20240115,15:23:49,0.6,100,120200
20240115,15:24:15,0.55,50,120200
20240115,15:24:23,0.6,50,119300
20240115,15:24:24,0.55,100,119300
20240115,15:24:32,0.55,50,119300
20240115,15:24:34,0.55,50,119300
20240115,15:24:42,0.55,100,119300
20240115,15:24:49,0.6,3600,119300
20240115,15:24:50,0.6,5400,119300
20240115,15:24:57,0.6,1800,119300
20240115,15:24:58,0.6,8200,119300
20240115,15:25:06,0.6,5400,119300
20240115,15:25:12,0.55,27000,119300
20240115,15:25:25,0.6,15000,119300
20240115,15:25:26,0.55,300,119300
20240115,15:25:34,0.55,50,119300
20240115,15:25:42,0.55,200,119300
20240115,15:25:48,0.6,100,119300
20240115,15:26:18,0.55,100,119300
20240115,15:26:32,0.6,50,119300
20240115,15:27:18,0.55,50,140250
20240115,15:27:23,0.55,50,140250
20240115,15:27:37,0.6,250,140250
20240115,15:28:11,0.6,50,140250
20240115,15:28:17,0.6,1800,140250
20240115,15:28:26,0.6,1800,140250
20240115,15:28:35,0.6,1800,140250
20240115,15:28:39,0.55,100,140250
20240115,15:28:47,0.6,1800,140250
20240115,15:28:51,0.6,500,140250
20240115,15:28:52,0.6,650,140250
20240115,15:28:56,0.6,300,140250
20240115,15:28:56,0.55,1250,140250
20240115,15:29:11,0.55,100,140250
20240115,15:29:49,0.55,1900,140250
20240115,15:29:59,0.55,5400,140250
20240116,09:15:02,0.6,1,140250
20240116,09:15:02,0.6,50,140250
20240116,09:15:02,0.6,150,132750
20240116,09:15:04,0.6,300,132750
20240116,09:15:19,0.65,50,132750
20240116,09:15:31,0.65,50,132750
20240116,09:15:35,0.65,500,132750
20240116,09:15:35,0.65,50,132750
20240116,09:15:36,0.65,100,132750
20240116,09:15:40,0.65,50,132750
20240116,09:15:43,0.65,950,132750
20240116,09:15:45,0.65,150,132750
20240116,09:15:56,0.65,100,132750
20240116,09:16:01,0.65,100,132750
20240116,09:16:14,0.65,100,132750
20240116,09:16:15,0.65,100,132750
20240116,09:16:26,0.65,50,132750
20240116,09:16:37,0.65,50,132750
20240116,09:16:39,0.65,300,132750
20240116,09:16:40,0.65,300,132750
20240116,09:16:40,0.65,200,132750
20240116,09:16:47,0.65,1800,132750
20240116,09:16:48,0.65,1000,132750
20240116,09:16:53,0.65,2500,132750
20240116,09:16:58,0.65,50,132750
20240116,09:17:01,0.65,50,132750
20240116,09:17:03,0.65,150,132750
20240116,09:17:05,0.65,250,132750
20240116,09:17:05,0.65,300,132750
20240116,09:17:06,0.65,2000,132750
20240116,09:17:13,0.65,50,132750
20240116,09:17:13,0.65,100,132750
20240116,09:17:15,0.65,550,132750
20240116,09:17:16,0.65,350,132750
20240116,09:17:17,0.65,3100,132750
20240116,09:17:17,0.65,500,132750
20240116,09:17:19,0.65,3050,132750
20240116,09:17:20,0.65,2050,132750
20240116,09:17:21,0.65,250,132750
20240116,09:17:22,0.65,1800,132750
20240116,09:17:22,0.65,250,132750
20240116,09:17:28,0.65,500,132750
20240116,09:17:33,0.65,50,132750
20240116,09:17:35,0.65,50,132750
20240116,09:17:37,0.65,300,132750
20240116,09:17:46,0.65,50,132750
20240116,09:17:51,0.65,500,132750
20240116,09:17:55,0.65,150,132750
20240116,09:18:00,0.65,750,132750
20240116,09:18:01,0.65,350,132750
20240116,09:18:09,0.65,50,132750
20240116,09:18:10,0.65,1050,132750
20240116,09:18:15,0.65,250,132750
20240116,09:18:20,0.65,300,132750
20240116,09:18:23,0.65,250,132750
20240116,09:18:32,0.65,1500,132750
20240116,09:18:41,0.65,300,132750
20240116,09:18:47,0.65,50,132750
20240116,09:18:48,0.65,250,132750
20240116,09:18:51,0.65,100,132750
20240116,09:18:58,0.65,200,132750
20240116,09:19:02,0.65,50,132750
20240116,09:19:03,0.65,400,132750
20240116,09:19:10,0.65,150,132750
20240116,09:19:14,0.65,3300,132750
20240116,09:19:16,0.7,500,132750
20240116,09:19:18,0.7,400,132750
20240116,09:19:19,0.7,50,132750
20240116,09:19:20,0.7,50,132750
20240116,09:19:23,0.7,250,132750
20240116,09:19:24,0.7,900,132750
20240116,09:19:25,0.7,1000,132750
20240116,09:19:26,0.7,100,132750
20240116,09:19:31,0.7,350,132750
20240116,09:19:51,0.7,50,132750
20240116,09:19:56,0.7,500,132750
20240116,09:20:08,0.7,650,132750
20240116,09:20:19,0.7,100,132750
20240116,09:20:23,0.7,1050,132750
20240116,09:20:29,0.65,350,134650
20240116,09:20:30,0.65,50,134650
20240116,09:20:31,0.7,100,134650
20240116,09:20:33,0.7,50,134650
20240116,09:20:36,0.7,1800,134650
20240116,09:20:38,0.7,100,134650
20240116,09:20:40,0.7,250,134650
20240116,09:20:42,0.7,100,134650
20240116,09:20:43,0.7,200,134650
20240116,09:20:49,0.65,1750,134650
20240116,09:20:50,0.75,500,134650
20240116,09:20:55,0.75,50,134650
20240116,09:20:58,0.75,300,134650
20240116,09:20:59,0.75,50,134650
20240116,09:21:00,0.75,50,134650
20240116,09:21:24,0.75,200,134650
20240116,09:21:35,0.75,750,134650
20240116,09:21:57,0.75,1200,134650
20240116,09:22:00,0.75,50,134650
20240116,09:22:01,0.7,500,134650
20240116,09:22:16,0.75,50,134650
20240116,09:22:25,0.75,50,134650
20240116,09:22:30,0.7,300,134650
20240116,09:22:38,0.75,50,134650
20240116,09:22:47,0.75,50,134650
20240116,09:22:48,0.75,400,134650
20240116,09:23:13,0.7,500,134650
20240116,09:23:14,0.75,100,134650
20240116,09:23:31,0.75,50,134650
20240116,09:23:46,0.75,50,135450
20240116,09:23:57,0.7,1200,135450
20240116,09:23:57,0.75,50,135450
20240116,09:23:58,0.75,500,135450
20240116,09:24:00,0.75,50,135450
20240116,09:24:02,0.75,50,135450
20240116,09:24:04,0.7,100,135450
20240116,09:24:04,0.7,300,135450
20240116,09:24:05,0.75,500,135450
20240116,09:24:06,0.75,50,135450
20240116,09:24:07,0.7,250,135450
20240116,09:24:15,0.75,250,135450
20240116,09:24:17,0.75,50,135450
20240116,09:24:22,0.7,2050,135450
20240116,09:24:42,0.75,500,135450
20240116,09:24:46,0.75,50,135450
20240116,09:24:48,0.75,100,135450
20240116,09:24:52,0.7,1800,135450
20240116,09:24:53,0.7,2850,135450
20240116,09:24:54,0.7,750,135450
20240116,09:25:00,0.75,50,135450
20240116,09:25:14,0.65,2500,135450
20240116,09:25:23,0.75,100,135450
20240116,09:25:25,0.75,50,135450
20240116,09:25:30,0.75,50,135450
20240116,09:25:34,0.7,250,135450
20240116,09:26:00,0.75,550,135450
20240116,09:26:06,0.75,500,135450
20240116,09:26:07,0.75,50,135450
20240116,09:26:09,0.75,500,135450
20240116,09:26:19,0.75,50,135450
20240116,09:26:21,0.75,50,135450
20240116,09:26:37,0.75,100,135450
20240116,09:26:40,0.75,50,129100
20240116,09:26:56,0.75,150,129100
20240116,09:27:01,0.75,800,129100
20240116,09:27:05,0.75,50,129100
20240116,09:27:13,0.75,50,129100
20240116,09:27:14,0.75,150,129100
20240116,09:27:15,0.7,50,129100
20240116,09:27:23,0.75,250,129100
20240116,09:27:26,0.7,50,129100
20240116,09:27:29,0.75,50,129100
20240116,09:27:45,0.7,50,129100
20240116,09:27:51,0.7,50,129100
20240116,09:27:52,0.75,50,129100
20240116,09:27:56,0.7,50,129100
20240116,09:28:03,0.75,50,129100
20240116,09:28:18,0.75,400,129100
20240116,09:28:30,0.75,700,129100
20240116,09:28:37,0.7,50,129100
20240116,09:28:58,0.75,50,129100
20240116,09:29:03,0.7,50,129100
20240116,09:29:07,0.7,50,129100
20240116,09:29:09,0.7,50,129100
20240116,09:29:17,0.7,100,129100
20240116,09:29:22,0.75,300,129100
20240116,09:29:35,0.75,50,129100
20240116,09:29:42,0.7,50,128750
20240116,09:29:48,0.75,850,128750
20240116,09:29:57,0.75,50,128750
20240116,09:30:00,0.75,150,128750
20240116,09:30:16,0.75,50,128750
20240116,09:30:29,0.75,50,128750
20240116,09:30:40,0.75,50,128750
20240116,09:30:43,0.75,50,128750
20240116,09:30:52,0.7,100,128750
20240116,09:30:56,0.75,750,128750
20240116,09:31:04,0.7,1800,128750
20240116,09:31:06,0.75,200,128750
20240116,09:31:12,0.7,1800,128750
20240116,09:31:13,0.75,50,128750
20240116,09:31:19,0.75,100,128750
20240116,09:31:24,0.75,50,128750
20240116,09:31:34,0.75,50,128750
20240116,09:31:35,0.75,50,128750
20240116,09:31:39,0.7,350,128750
20240116,09:31:45,0.75,500,128750
20240116,09:31:46,0.75,50,128750
20240116,09:31:47,0.75,50,128750
20240116,09:31:50,0.75,50,128750
20240116,09:31:51,0.75,100,128750
20240116,09:32:05,0.7,300,128750
20240116,09:32:13,0.75,100,128750
20240116,09:32:14,0.75,200,128750
20240116,09:32:33,0.7,50,130500
20240116,09:32:40,0.75,50,130500
20240116,09:32:41,0.75,50,130500
20240116,09:32:47,0.7,200,130500
20240116,09:33:01,0.75,50,130500
20240116,09:33:06,0.7,400,130500
20240116,09:33:13,0.75,500,130500
20240116,09:33:21,0.7,500,130500
20240116,09:33:27,0.75,50,130500
20240116,09:33:30,0.75,50,130500
20240116,09:33:34,0.75,50,130500
20240116,09:33:39,0.7,1050,130500
20240116,09:33:42,0.7,2200,130500
20240116,09:33:43,0.7,3300,130500
20240116,09:33:45,0.7,500,130500
20240116,09:33:46,0.7,1550,130500
20240116,09:33:51,0.7,50,130500
20240116,09:33:53,0.7,1350,130500
20240116,09:33:55,0.65,50,130500
20240116,09:34:01,0.7,50,130500
20240116,09:34:02,0.7,50,130500
20240116,09:34:14,0.7,800,130500
20240116,09:34:15,0.7,2800,130500
20240116,09:34:19,0.75,1800,130500
20240116,09:34:31,0.7,50,130500
20240116,09:34:39,0.7,150,130500
20240116,09:34:45,0.7,500,130500
20240116,09:34:52,0.7,500,130500
20240116,09:34:59,0.7,750,130500
20240116,09:34:59,0.7,400,130500
20240116,09:35:00,0.7,1500,130500
20240116,09:35:10,0.7,100,130500
20240116,09:35:20,0.75,50,130500
20240116,09:35:21,0.65,150,130500
20240116,09:35:29,0.75,50,130500
20240116,09:35:31,0.65,500,130500
20240116,09:35:33,0.75,50,118250
20240116,09:35:37,0.75,1050,118250
20240116,09:35:42,0.65,50,118250
20240116,09:35:55,0.65,1000,118250
20240116,09:35:59,0.75,50,118250
20240116,09:36:02,0.75,50,118250
20240116,09:36:08,0.65,50,118250
20240116,09:36:10,0.75,50,118250
20240116,09:36:18,0.65,500,118250
20240116,09:36:20,0.7,1000,118250
20240116,09:36:22,0.65,50,118250
20240116,09:36:31,0.7,400,118250
20240116,09:36:32,0.7,50,118250
20240116,09:36:33,0.7,50,118250
20240116,09:36:34,0.7,1700,118250
20240116,09:36:42,0.7,250,118250
20240116,09:36:46,0.75,50,118250
20240116,09:36:51,0.7,250,118250
20240116,09:37:21,0.75,1500,118250
20240116,09:37:31,0.65,450,118250
20240116,09:37:41,0.7,1250,118250
20240116,09:38:05,0.7,50,118250
20240116,09:38:12,0.7,50,118250
20240116,09:38:24,0.7,1050,118250
20240116,09:38:33,0.7,1450,118250
20240116,09:38:37,0.75,50,120250
20240116,09:38:38,0.75,50,120250
20240116,09:38:41,0.7,100,120250
20240116,09:38:43,0.75,50,120250
20240116,09:38:50,0.75,50,120250
20240116,09:38:52,0.65,50,120250
20240116,09:38:56,0.75,100,120250
20240116,09:39:23,0.75,50,120250
20240116,09:39:24,0.75,200,120250
20240116,09:39:36,0.65,100,120250
20240116,09:40:01,0.7,50,120250
20240116,09:40:02,0.65,200,120250
20240116,09:40:04,0.65,450,120250
20240116,09:40:15,0.7,50,120250
20240116,09:40:16,0.7,50,120250
20240116,09:40:36,0.65,50,120250
20240116,09:40:40,0.7,50,120250
20240116,09:40:50,0.7,1200,120250
20240116,09:41:29,0.7,500,120250
20240116,09:41:36,0.7,150,120250
20240116,09:41:36,0.7,1200,123050
20240116,09:41:47,0.7,150,123050
20240116,09:41:50,0.75,1800,123050
20240116,09:41:58,0.7,50,123050
20240116,09:42:00,0.75,50,123050
20240116,09:42:08,0.75,50,123050
20240116,09:42:18,0.75,100,123050
20240116,09:42:21,0.7,50,123050
20240116,09:42:31,0.75,50,123050
20240116,09:42:32,0.7,100,123050
20240116,09:42:42,0.75,100,123050
20240116,09:42:52,0.7,100,123050
20240116,09:42:55,0.75,100,123050
20240116,09:42:58,0.7,50,123050
20240116,09:43:10,0.75,50,123050
20240116,09:43:18,0.7,50,123050
20240116,09:43:21,0.75,50,123050
20240116,09:43:23,0.75,50,123050
20240116,09:43:27,0.7,50,123050
20240116,09:43:31,0.7,450,123050
20240116,09:43:32,0.7,4150,123050
20240116,09:43:49,0.75,50,123050
20240116,09:44:10,0.75,550,123050
20240116,09:44:13,0.65,50,123050
20240116,09:44:14,0.75,1800,123050
20240116,09:44:20,0.75,50,123050
20240116,09:44:32,0.65,1800,123050
20240116,09:44:34,0.75,450,123050
20240116,09:44:35,0.75,100,127600
20240116,09:44:36,0.65,50,127600
20240116,09:44:43,0.75,100,127600
20240116,09:44:56,0.65,450,127600
20240116,09:44:58,0.75,1000,127600
20240116,09:45:02,0.65,750,127600
20240116,09:45:02,0.75,50,127600
20240116,09:45:03,0.75,50,127600
20240116,09:45:16,0.75,100,127600
20240116,09:45:38,0.75,100,127600
20240116,09:45:45,0.65,100,127600
20240116,09:45:53,0.75,50,127600
20240116,09:46:09,0.75,100,127600
20240116,09:46:14,0.75,50,127600
20240116,09:46:20,0.75,450,127600
20240116,09:46:23,0.75,200,127600
20240116,09:46:26,0.7,1000,127600
20240116,09:46:27,0.7,1350,127600
20240116,09:46:28,0.7,2200,127600
20240116,09:46:29,0.75,50,127600
20240116,09:46:33,0.7,500,127600
20240116,09:46:41,0.75,400,127600
20240116,09:46:43,0.65,50,127600
20240116,09:46:46,0.75,750,127600
20240116,09:46:56,0.65,50,127600
20240116,09:47:13,0.65,100,127600
20240116,09:47:17,0.75,50,127600
20240116,09:47:32,0.75,100,127600
20240116,09:47:33,0.75,350,127600
20240116,09:47:38,0.65,750,131450
20240116,09:47:40,0.75,250,131450
20240116,09:47:45,0.7,50,131450
20240116,09:47:48,0.7,150,131450
20240116,09:47:51,0.7,1000,131450
20240116,09:48:04,0.7,150,131450
20240116,09:48:23,0.65,1100,131450
20240116,09:48:25,0.7,150,131450
20240116,09:48:30,0.7,50,131450
20240116,09:48:37,0.7,200,131450
20240116,09:48:38,0.7,50,131450
20240116,09:48:44,0.7,50,131450
20240116,09:48:49,0.7,150,131450
20240116,09:49:19,0.65,50,131450
20240116,09:49:19,0.7,50,131450
20240116,09:49:20,0.65,50,131450
20240116,09:49:21,0.7,50,131450
20240116,09:49:25,0.7,50,131450
20240116,09:49:32,0.7,50,131450
20240116,09:49:43,0.7,100,131450
20240116,09:49:47,0.7,50,131450
20240116,09:49:51,0.65,50,131450
20240116,09:49:59,0.7,50,131450
20240116,09:50:11,0.7,100,131450
20240116,09:50:17,0.65,150,131450
20240116,09:50:20,0.7,50,131450
20240116,09:50:20,0.7,350,131450
20240116,09:50:38,0.65,200,131450
20240116,09:50:40,0.75,2500,132200
20240116,09:50:47,0.65,50,132200
20240116,09:50:53,0.7,550,132200
20240116,09:51:10,0.75,50,132200
20240116,09:51:12,0.75,50,132200
20240116,09:51:13,0.75,50,132200
20240116,09:51:14,0.65,2900,132200
20240116,09:51:15,0.65,5600,132200
20240116,09:51:16,0.75,6200,132200
20240116,09:51:21,0.65,50,132200
20240116,09:51:23,0.75,50,132200
20240116,09:51:26,0.65,3300,132200
20240116,09:51:30,0.7,50,132200
20240116,09:51:40,0.7,100,132200
20240116,09:51:51,0.7,50,132200
20240116,09:51:52,0.7,50,132200
20240116,09:52:02,0.65,5300,132200
20240116,09:52:07,0.7,100,132200
20240116,09:52:08,0.65,2500,132200
20240116,09:52:10,0.65,1200,132200
20240116,09:52:11,0.65,950,132200
20240116,09:52:12,0.7,50,132200
20240116,09:52:46,0.7,200,132200
20240116,09:53:09,0.7,500,132200
20240116,09:53:11,0.7,50,132200
20240116,09:53:15,0.7,400,132200
20240116,09:53:18,0.65,400,132200
20240116,09:53:27,0.65,400,132200
20240116,09:53:28,0.7,500,132200
20240116,09:53:29,0.65,250,132200
20240116,09:53:53,0.65,7100,132200
20240116,09:53:56,0.65,50,159050
20240116,09:54:02,0.65,10800,159050
20240116,09:54:22,0.6,50,159050
20240116,09:54:24,0.65,50,159050
20240116,09:54:28,0.65,50,159050
20240116,09:54:30,0.65,50,159050
20240116,09:54:31,0.6,50,159050
20240116,09:54:34,0.65,50,159050
20240116,09:54:42,0.65,550,159050
20240116,09:54:45,0.65,50,159050
20240116,09:54:47,0.65,50,159050
20240116,09:54:48,0.65,50,159050
20240116,09:54:54,0.65,400,159050
20240116,09:55:00,0.65,100,159050
20240116,09:55:11,0.6,50,159050
20240116,09:55:14,0.65,5000,159050
20240116,09:55:36,0.65,50,159050
20240116,09:55:40,0.65,50,159050
20240116,09:55:44,0.65,50,159050
20240116,09:55:45,0.65,100,159050
20240116,09:56:04,0.65,250,159050
20240116,09:56:40,0.65,100,159050
20240116,09:56:42,0.6,50,162850
20240116,09:57:02,0.65,4000,162850
20240116,09:57:12,0.6,50,162850
20240116,09:57:20,0.6,50,162850
20240116,09:57:30,0.6,50,162850
20240116,09:57:53,0.6,1000,162850
20240116,09:57:59,0.6,50,162850
20240116,09:58:05,0.6,50,162850
20240116,09:58:07,0.6,50,162850
20240116,09:58:20,0.6,50,162850
20240116,09:58:21,0.6,100,162850
20240116,09:58:29,0.6,50,162850
20240116,09:58:30,0.6,150,162850
20240116,09:59:01,0.6,100,162850
20240116,09:59:17,0.6,50,162850
20240116,09:59:25,0.65,50,162850
20240116,09:59:35,0.65,100,162850
20240116,10:00:00,0.65,500,162850
20240116,10:00:03,0.65,50,162850
20240116,10:00:23,0.65,1000,162850
20240116,10:00:28,0.65,1000,162850
20240116,10:00:49,0.65,50,162850
20240116,10:01:56,0.65,50,162850
20240116,10:02:21,0.65,750,162850
20240116,10:02:37,0.65,3650,162850
20240116,10:02:41,0.65,50,162850
20240116,10:02:44,0.6,100,162850
20240116,10:03:06,0.65,400,162850
20240116,10:03:08,0.65,50,162850
20240116,10:03:27,0.6,50,162850
20240116,10:03:29,0.6,350,162850
20240116,10:04:07,0.65,50,162850
20240116,10:04:12,0.65,1000,162850
20240116,10:04:14,0.65,50,162850
20240116,10:04:16,0.65,50,162850
20240116,10:04:43,0.7,10150,162850
20240116,10:04:46,0.65,3150,162850
20240116,10:04:47,0.65,2250,162850
20240116,10:04:52,0.7,300,162850
20240116,10:04:53,0.65,800,162850
20240116,10:04:57,0.65,1550,162850
20240116,10:04:58,0.65,1250,162850
20240116,10:05:10,0.65,3600,162850
20240116,10:05:17,0.7,50,162850
20240116,10:05:21,0.65,1800,162850
20240116,10:05:29,0.6,50,162850
20240116,10:05:30,0.7,1000,162850
20240116,10:05:31,0.7,350,162850
20240116,10:05:48,0.7,50,162850
20240116,10:05:54,0.65,50,182400
20240116,10:05:56,0.7,1100,182400
20240116,10:05:57,0.7,50,182400
20240116,10:07:10,0.65,50,182400
20240116,10:07:32,0.7,50,182400
20240116,10:07:44,0.65,50,182400
20240116,10:07:51,0.65,50,182400
20240116,10:08:02,0.7,50,182400
20240116,10:08:07,0.7,1100,182400
20240116,10:08:20,0.7,50,182400
20240116,10:08:35,0.65,50,182400
20240116,10:08:41,0.7,50,182400
20240116,10:08:49,0.7,50,184500
20240116,10:08:50,0.7,150,184500
20240116,10:08:56,0.65,1150,184500
20240116,10:08:57,0.65,1750,184500
20240116,10:08:58,0.65,1450,184500
20240116,10:09:00,0.65,250,184500
20240116,10:09:01,0.65,300,184500
20240116,10:09:02,0.7,50,184500
20240116,10:09:04,0.7,100,184500
20240116,10:09:10,0.65,750,184500
20240116,10:09:11,0.65,800,184500
20240116,10:09:14,0.65,250,184500
20240116,10:09:19,0.65,800,184500
20240116,10:09:20,0.65,1300,184500
20240116,10:09:21,0.65,2150,184500
20240116,10:09:22,0.65,450,184500
20240116,10:09:33,0.65,50,184500
20240116,10:09:37,0.65,50,184500
20240116,10:11:06,0.7,100,184500
20240116,10:11:24,0.65,50,184500
20240116,10:12:32,0.65,1000,190400
20240116,10:12:36,0.7,1000,190400
20240116,10:12:51,0.65,50,190400
20240116,10:12:57,0.7,1800,190400
20240116,10:12:57,0.7,700,190400
20240116,10:13:08,0.65,400,190400
20240116,10:13:10,0.7,200,190400
20240116,10:13:27,0.7,400,190400
20240116,10:13:28,0.7,1800,190400
20240116,10:13:29,0.7,1800,190400
20240116,10:13:32,0.7,100,190400
20240116,10:13:37,0.7,50,190400
20240116,10:13:38,0.6,10100,190400
20240116,10:13:46,0.7,50,190400
20240116,10:13:50,0.65,100,190400
20240116,10:13:53,0.7,50,190400
20240116,10:14:01,0.65,100,190400
20240116,10:14:09,0.65,100,190400
20240116,10:14:19,0.65,1850,190400
20240116,10:14:35,0.65,200,190400
20240116,10:14:52,0.65,50,190400
20240116,10:14:53,0.65,1700,188450
20240116,10:15:07,0.65,50,188450
20240116,10:15:15,0.65,1300,188450
20240116,10:15:17,0.65,100,188450
20240116,10:15:23,0.65,100,188450
20240116,10:15:49,0.6,1000,188450
20240116,10:15:50,0.65,100,188450
20240116,10:15:53,0.6,50,188450
20240116,10:15:54,0.65,50,188450
20240116,10:16:10,0.6,50,188450
20240116,10:16:11,0.65,50,188450
20240116,10:16:48,0.65,100,188450
20240116,10:17:33,0.65,500,188450
20240116,10:18:23,0.65,50,188450
20240116,10:18:51,0.6,100,188450
20240116,10:19:02,0.65,100,188450
20240116,10:19:04,0.65,50,188450
20240116,10:19:12,0.65,50,188450
20240116,10:19:16,0.65,50,188450
20240116,10:20:07,0.65,50,188450
20240116,10:20:17,0.6,50,188450
20240116,10:21:29,0.65,1850,188450
20240116,10:21:37,0.6,350,188450
20240116,10:21:47,0.65,1800,188450
20240116,10:22:21,0.6,50,188450
20240116,10:22:34,0.65,1000,188450
20240116,10:22:36,0.65,50,188450
20240116,10:22:53,0.65,50,188450
20240116,10:23:21,0.65,150,188450
20240116,10:23:25,0.65,50,188450
20240116,10:23:36,0.65,50,188450
20240116,10:23:43,0.65,2500,188450
20240116,10:23:45,0.65,100,188450
20240116,10:23:46,0.65,600,188450
20240116,10:23:51,0.65,650,188450
20240116,10:23:52,0.65,900,188450
20240116,10:23:53,0.65,550,188450
20240116,10:23:55,0.65,250,188450
20240116,10:23:56,0.65,2900,188450
20240116,10:23:59,0.65,1000,188450
20240116,10:24:06,0.65,800,188450
20240116,10:24:08,0.65,50,188450
20240116,10:24:14,0.65,1650,188450
20240116,10:24:15,0.65,100,188450
20240116,10:24:15,0.7,1800,188450
20240116,10:24:21,0.6,50,188450
20240116,10:24:32,0.7,650,188450
20240116,10:24:54,0.6,50,188450
20240116,10:25:12,0.7,500,188450
20240116,10:25:19,0.65,1000,188450
20240116,10:25:33,0.65,100,188450
20240116,10:25:38,0.65,50,188450
20240116,10:25:46,0.7,50,188450
20240116,10:25:49,0.7,1800,188450
20240116,10:25:49,0.65,500,188450
20240116,10:25:57,0.65,50,188450
20240116,10:26:08,0.7,50,188450
20240116,10:26:13,0.65,700,188450
20240116,10:26:44,0.65,50,188450
20240116,10:27:10,0.7,50,187650
20240116,10:27:11,0.7,50,187650
20240116,10:27:23,0.65,50,187650
20240116,10:27:28,0.7,50,187650
20240116,10:27:31,0.65,500,187650
20240116,10:27:32,0.65,100,187650
20240116,10:27:48,0.7,450,187650
20240116,10:27:49,0.7,100,187650
20240116,10:27:53,0.65,1100,187650
20240116,10:28:07,0.65,500,187650
20240116,10:29:46,0.7,50,187650
20240116,10:29:57,0.65,450,185350
20240116,10:29:59,0.7,250,185350
20240116,10:30:13,0.65,50,185350
20240116,10:30:26,0.7,100,185350
20240116,10:30:27,0.7,50,185350
20240116,10:31:12,0.65,1000,185350
20240116,10:31:59,0.7,50,185350
20240116,10:33:04,0.7,50,184650
20240116,10:33:25,0.7,200,184650
20240116,10:33:27,0.7,50,184650
20240116,10:33:53,0.65,50,184650
20240116,10:34:19,0.65,200,184650
20240116,10:34:46,0.7,50,184650
20240116,10:34:47,0.65,50,184650
20240116,10:34:48,0.7,1400,184650
20240116,10:35:17,0.7,50,184650
20240116,10:35:17,0.7,250,184650
20240116,10:35:28,0.65,500,184650
20240116,10:36:05,0.7,1800,185850
20240116,10:36:06,0.7,700,185850
20240116,10:36:18,0.65,50,185850
20240116,10:36:29,0.7,50,185850
20240116,10:36:34,0.65,50,185850
20240116,10:36:35,0.7,50,185850
20240116,10:36:44,0.7,250,185850
20240116,10:36:49,0.7,50,185850
20240116,10:37:15,0.65,500,185850
20240116,10:37:16,0.65,50,185850
20240116,10:37:43,0.65,2500,185850
20240116,10:37:44,0.7,500,185850
20240116,10:37:55,0.7,50,185850
20240116,10:37:58,0.7,50,185850
20240116,10:38:09,0.65,50,185850
20240116,10:38:12,0.7,500,185850
20240116,10:38:15,0.7,50,185850
20240116,10:38:38,0.7,50,185850
20240116,10:38:42,0.7,150,184850
20240116,10:38:53,0.65,50,184850
20240116,10:39:00,0.7,500,184850
20240116,10:39:03,0.7,300,184850
20240116,10:39:17,0.7,50,184850
20240116,10:39:18,0.7,100,184850
20240116,10:39:43,0.7,50,184850
20240116,10:39:51,0.7,50,184850
20240116,10:40:07,0.7,100,184850
20240116,10:40:09,0.7,200,184850
20240116,10:40:16,0.7,50,184850
20240116,10:40:22,0.7,50,184850
20240116,10:40:32,0.7,1000,184850
20240116,10:40:34,0.7,50,184850
20240116,10:40:38,0.65,1800,184850
20240116,10:40:47,0.65,500,184850
20240116,10:40:49,0.7,50,184850
20240116,10:40:51,0.7,100,184850
20240116,10:40:57,0.7,50,184850
20240116,10:41:10,0.65,50,184850
20240116,10:41:17,0.65,1800,184850
20240116,10:41:19,0.7,50,184850
20240116,10:41:21,0.7,650,184850
20240116,10:41:23,0.7,50,184850
20240116,10:41:26,0.7,500,184850
20240116,10:41:28,0.65,50,184850
20240116,10:41:52,0.7,100,184850
20240116,10:42:07,0.65,1500,184350
20240116,10:42:08,0.65,1300,184350
20240116,10:42:10,0.6,450,184350
20240116,10:42:16,0.65,100,184350
20240116,10:42:21,0.6,2550,184350
20240116,10:42:26,0.65,50,184350
20240116,10:42:45,0.65,50,184350
20240116,10:42:47,0.65,50,184350
20240116,10:42:48,0.6,500,184350
20240116,10:43:24,0.6,650,184350
20240116,10:43:33,0.6,50,184350
20240116,10:43:35,0.65,1000,184350
20240116,10:43:37,0.65,200,184350
20240116,10:43:42,0.65,10750,184350
20240116,10:43:53,0.65,50,184350
20240116,10:43:56,0.65,800,184350
20240116,10:43:57,0.7,50,184350
20240116,10:44:04,0.65,100,184350
20240116,10:44:19,0.7,100,184350
20240116,10:44:40,0.7,100,184350
20240116,10:44:49,0.65,50,184350
20240116,10:44:52,0.65,500,181450
20240116,10:44:55,0.7,50,181450
20240116,10:45:06,0.7,200,181450
20240116,10:45:07,0.7,50,181450
20240116,10:45:09,0.7,50,181450
20240116,10:45:13,0.7,50,181450
20240116,10:45:17,0.65,100,181450
20240116,10:45:20,0.7,50,181450
20240116,10:45:57,0.7,50,181450
20240116,10:46:45,0.65,50,181450
20240116,10:46:54,0.7,50,181450
20240116,10:47:05,0.7,100,181450
20240116,10:47:12,0.65,50,181450
20240116,10:47:17,0.8,36300,181450
20240116,10:47:28,0.8,50,181450
20240116,10:47:31,0.65,1050,181450
20240116,10:47:32,0.75,1500,181450
20240116,10:47:33,0.75,100,181450
20240116,10:47:54,0.7,50,185850
20240116,10:48:03,0.7,50,185850
20240116,10:48:04,0.75,50,185850
20240116,10:48:06,0.75,50,185850
20240116,10:48:10,0.65,150,185850
20240116,10:48:12,0.75,150,185850
20240116,10:48:13,0.65,550,185850
20240116,10:48:14,0.75,50,185850
20240116,10:48:17,0.75,100,185850
20240116,10:48:18,0.75,50,185850
20240116,10:48:19,0.6,32400,185850
20240116,10:48:20,0.6,2600,185850
20240116,10:48:22,0.75,450,185850
20240116,10:48:23,0.75,150,185850
20240116,10:48:31,0.7,50,185850
20240116,10:48:32,0.7,50,185850
20240116,10:48:41,0.7,150,185850
20240116,10:48:53,0.7,100,185850
20240116,10:49:08,0.7,50,185850
20240116,10:49:46,0.65,50,185850
20240116,10:49:56,0.65,50,185850
20240116,10:49:57,0.7,150,185850
20240116,10:49:58,0.7,50,185850
20240116,10:50:00,0.65,50,185850
20240116,10:50:16,0.7,200,185850
20240116,10:50:17,0.7,100,185850
20240116,10:50:22,0.7,650,185850
20240116,10:50:33,0.65,400,185850
20240116,10:50:36,0.7,50,185850
20240116,10:50:37,0.7,50,185850
20240116,10:50:44,0.65,50,176100
20240116,10:50:53,0.7,100,176100
20240116,10:50:54,0.7,50,176100
20240116,10:50:55,0.7,250,176100
20240116,10:51:02,0.7,50,176100
20240116,10:51:03,0.65,100,176100
20240116,10:51:11,0.7,50,176100
20240116,10:51:13,0.7,100,176100
20240116,10:51:35,0.7,50,176100
20240116,10:51:45,0.7,50,176100
20240116,10:51:54,0.65,500,176100
20240116,10:52:05,0.65,1000,176100
20240116,10:52:10,0.7,1800,176100
20240116,10:52:10,0.7,4600,176100
20240116,10:52:11,0.7,3600,176100
20240116,10:52:12,0.7,50,176100
20240116,10:52:13,0.7,50,176100
20240116,10:52:17,0.65,50,176100
20240116,10:52:38,0.7,50,176100
20240116,10:52:42,0.7,50,176100
20240116,10:52:46,0.7,300,176100
20240116,10:52:47,0.65,300,176100
20240116,10:52:48,0.7,350,176100
20240116,10:53:01,0.7,50,176100
20240116,10:53:03,0.65,50,176100
20240116,10:53:05,0.7,50,176100
20240116,10:53:06,0.65,1000,176100
20240116,10:53:11,0.65,350,176100
20240116,10:53:54,0.7,50,176100
20240116,10:53:55,0.7,50,181100
20240116,10:53:58,0.7,1750,181100
20240116,10:54:00,0.65,200,181100
20240116,10:54:20,0.65,50,181100
20240116,10:54:24,0.7,50,181100
20240116,10:54:29,0.7,1800,181100
20240116,10:54:33,0.7,800,181100
20240116,10:54:40,0.7,50,181100
20240116,10:54:46,0.7,50,181100
20240116,10:54:50,0.7,2550,181100
20240116,10:54:54,0.7,50,181100
20240116,10:55:10,0.65,50,181100
20240116,10:55:30,0.7,50,181100
20240116,10:55:34,0.65,50,181100
20240116,10:55:42,0.7,100,181100
20240116,10:56:18,0.65,3100,181100
20240116,10:56:20,0.65,3100,181100
20240116,10:56:26,0.7,500,181100
20240116,10:56:41,0.65,2450,181100
20240116,10:56:42,0.65,900,181100
20240116,10:56:44,0.65,1100,185750
20240116,10:56:46,0.65,500,185750
20240116,10:56:46,0.65,3500,185750
20240116,10:56:53,0.7,50,185750
20240116,10:57:07,0.7,50,185750
20240116,10:57:11,0.7,50,185750
20240116,10:57:20,0.65,500,185750
20240116,10:57:21,0.7,100,185750
20240116,10:57:28,0.7,50,185750
20240116,10:57:48,0.7,100,185750
20240116,10:57:51,0.7,50,185750
20240116,10:58:11,0.7,100,185750
20240116,10:58:25,0.65,1300,185750
20240116,10:58:25,0.65,2800,185750
20240116,10:58:26,0.65,1300,185750
20240116,10:58:32,0.65,50,185750
20240116,10:58:33,0.65,1550,185750
20240116,10:58:33,0.65,1150,185750
20240116,10:58:34,0.65,2300,185750
20240116,10:58:38,0.65,950,185750
20240116,10:58:46,0.7,50,185750
20240116,10:58:52,0.65,2800,185750
20240116,10:58:53,0.65,7200,185750
20240116,10:58:57,0.7,50,185750
20240116,10:59:00,0.7,50,185750
20240116,10:59:11,0.7,50,185750
20240116,10:59:13,0.7,250,185750
20240116,10:59:16,0.7,100,185750
20240116,10:59:18,0.7,50,185750
20240116,10:59:23,0.65,250,185750
20240116,10:59:31,0.7,250,185750
20240116,11:00:15,0.7,100,185750
20240116,11:01:20,0.7,600,202700
20240116,11:01:24,0.7,650,202700
20240116,11:01:40,0.7,50,202700
20240116,11:01:45,0.7,500,202700
20240116,11:01:59,0.7,5000,202700
20240116,11:02:04,0.7,50,202700
20240116,11:02:09,0.7,50,202700
20240116,11:02:10,0.7,50,202700
20240116,11:02:14,0.7,50,202700
20240116,11:02:25,0.7,100,202700
20240116,11:02:32,0.65,150,202700
20240116,11:03:07,0.65,50,202850
20240116,11:03:21,0.7,250,202850
20240116,11:03:23,0.65,50,202850
20240116,11:03:31,0.7,500,202850
20240116,11:03:36,0.65,50,202850
20240116,11:03:38,0.7,50,202850
20240116,11:03:44,0.65,1000,202850
20240116,11:03:46,0.65,1000,202850
20240116,11:03:49,0.65,1000,202850
20240116,11:03:50,0.7,50,202850
20240116,11:03:51,0.65,1000,202850
20240116,11:03:56,0.65,1000,202850
20240116,11:03:57,0.7,200,202850
20240116,11:04:06,0.65,50,202850
20240116,11:04:07,0.7,50,202850
20240116,11:04:09,0.7,50,202850
20240116,11:04:11,0.65,5000,202850
20240116,11:04:20,0.7,50,202850
20240116,11:04:21,0.7,1200,202850
20240116,11:04:22,0.7,50,202850
20240116,11:04:28,0.65,250,202850
20240116,11:04:31,0.7,1000,202850
20240116,11:04:34,0.65,50,202850
20240116,11:04:37,0.7,5000,202850
20240116,11:04:44,0.65,50,202850
20240116,11:04:59,0.7,50,202850
20240116,11:05:08,0.7,50,202850
20240116,11:05:14,0.65,100,202850
20240116,11:05:16,0.7,250,202850
20240116,11:05:18,0.65,1200,202850
20240116,11:05:33,0.7,100,202850
20240116,11:05:35,0.65,50,202850
20240116,11:05:46,0.7,1000,204800
20240116,11:05:50,0.7,1800,204800
20240116,11:05:51,0.65,50,204800
20240116,11:05:52,0.7,50,204800
20240116,11:06:05,0.65,50,204800
20240116,11:06:15,0.7,100,204800
20240116,11:06:16,0.7,50,204800
20240116,11:06:46,0.7,1000,204800
20240116,11:07:00,0.65,50,204800
20240116,11:07:02,0.7,50,204800
20240116,11:07:45,0.65,5000,204800
20240116,11:07:47,0.7,100,204800
20240116,11:07:52,0.65,600,204800
20240116,11:08:05,0.65,650,204800
20240116,11:08:06,0.65,100,204800
20240116,11:08:13,0.65,50,204800
20240116,11:08:46,0.7,1000,202950
20240116,11:08:53,0.65,2550,202950
20240116,11:08:54,0.7,50,202950
20240116,11:08:59,0.7,500,202950
20240116,11:09:00,0.65,50,202950
20240116,11:09:17,0.7,200,202950
20240116,11:09:28,0.65,1000,202950
20240116,11:09:29,0.7,150,202950
20240116,11:09:37,0.65,50,202950
20240116,11:09:39,0.7,150,202950
20240116,11:10:13,0.7,100,202950
20240116,11:10:19,0.7,50,202950
20240116,11:10:46,0.65,150,202950
20240116,11:10:53,0.7,50,202950
20240116,11:11:09,0.65,1000,202950
20240116,11:11:10,0.7,50,202950
20240116,11:11:20,0.7,50,202950
20240116,11:11:39,0.7,50,202950
20240116,11:11:55,0.65,50,202950
20240116,11:12:21,0.7,50,202950
20240116,11:12:52,0.7,50,202950
20240116,11:12:58,0.65,500,202950
20240116,11:13:01,0.7,4600,202950
20240116,11:13:22,0.7,50,202950
20240116,11:13:26,0.7,50,202950
20240116,11:13:36,0.7,500,202950
20240116,11:13:44,0.65,50,202950
20240116,11:13:50,0.65,50,202950
20240116,11:13:59,0.7,50,202950
20240116,11:14:33,0.7,50,202950
20240116,11:14:36,0.7,200,202950
20240116,11:14:42,0.7,50,202950
20240116,11:15:40,0.7,100,202950
20240116,11:15:40,0.7,50,201450
20240116,11:15:58,0.7,50,201450
20240116,11:16:01,0.7,50,201450
20240116,11:16:13,0.7,300,201450
20240116,11:16:19,0.65,50,201450
20240116,11:16:28,0.65,50,201450
20240116,11:16:33,0.7,50,201450
20240116,11:16:39,0.7,100,201450
20240116,11:16:50,0.7,50,201450
20240116,11:16:51,0.7,500,201450
20240116,11:16:55,0.65,50,201450
20240116,11:17:02,0.7,350,201450
20240116,11:17:31,0.65,50,201450
20240116,11:17:54,0.7,50,201450
20240116,11:18:05,0.7,1800,201450
20240116,11:18:06,0.7,700,201450
20240116,11:18:15,0.7,50,201450
20240116,11:18:19,0.65,100,201450
20240116,11:19:19,0.7,200,201450
20240116,11:19:32,0.65,100,201450
20240116,11:19:33,0.65,50,201450
20240116,11:19:59,0.7,50,201450
20240116,11:20:06,0.65,300,201450
20240116,11:20:21,0.7,50,201450
20240116,11:20:21,0.7,100,201450
20240116,11:20:47,0.65,200,201450
20240116,11:20:51,0.7,800,202950
20240116,11:20:59,0.7,100,202950
20240116,11:21:13,0.7,100,202950
20240116,11:21:13,0.7,50,202950
20240116,11:21:42,0.7,100,202950
20240116,11:21:49,0.65,100,202950
20240116,11:21:58,0.7,50,202950
20240116,11:22:14,0.65,50,202950
20240116,11:22:18,0.7,50,202950
20240116,11:22:20,0.65,50,202950
20240116,11:22:25,0.7,50,202950
20240116,11:22:39,0.65,50,202950
20240116,11:23:14,0.7,150,202950
20240116,11:23:15,0.65,50,202950
20240116,11:23:20,0.7,50,202950
20240116,11:23:46,0.7,100,202950
20240116,11:23:52,0.7,100,202950
20240116,11:23:53,0.65,100,203800
20240116,11:24:14,0.65,50,203800
20240116,11:24:24,0.7,600,203800
20240116,11:24:27,0.65,100,203800
20240116,11:24:29,0.65,50,203800
20240116,11:24:32,0.7,50,203800
20240116,11:24:40,0.65,50,203800
20240116,11:24:48,0.65,50,203800
20240116,11:24:49,0.7,50,203800
20240116,11:25:00,0.7,550,203800
20240116,11:25:11,0.65,50,203800
20240116,11:25:35,0.7,50,203800
20240116,11:26:13,0.7,100,203800
20240116,11:26:16,0.7,100,203800
20240116,11:26:20,0.7,50,203800
20240116,11:26:35,0.7,50,203800
20240116,11:27:19,0.7,50,203800
20240116,11:27:30,0.7,500,203500
20240116,11:27:34,0.7,1250,203500
20240116,11:27:46,0.65,50,203500
20240116,11:28:27,0.65,50,203500
20240116,11:28:32,0.7,200,203500
20240116,11:29:09,0.7,900,203500
20240116,11:29:31,0.7,150,203500
20240116,11:29:34,0.7,50,203500
20240116,11:29:35,0.7,50,203500
20240116,11:29:42,0.7,50,203500
20240116,11:29:47,0.7,50,203500
20240116,11:29:48,0.7,400,203400
20240116,11:29:56,0.7,50,203400
20240116,11:29:57,0.65,50,203400
20240116,11:30:38,0.7,200,203400
20240116,11:30:45,0.65,50,203400
20240116,11:30:51,0.7,50,203400
20240116,11:31:00,0.7,200,203400
20240116,11:31:02,0.65,50,203400
20240116,11:31:10,0.7,400,203400
20240116,11:31:11,0.7,500,203400
20240116,11:31:17,0.65,200,203400
20240116,11:31:21,0.7,1000,203400
20240116,11:31:27,0.65,300,203400
20240116,11:31:30,0.7,4500,203400
20240116,11:31:50,0.7,5250,203400
20240116,11:32:12,0.7,100,203400
20240116,11:32:23,0.7,250,203400
20240116,11:32:27,0.7,50,203400
20240116,11:32:44,0.7,2500,203400
20240116,11:32:44,0.7,650,203400
20240116,11:32:46,0.65,1000,203400
20240116,11:33:02,0.65,50,200550
20240116,11:33:05,0.7,50,200550
20240116,11:33:09,0.7,500,200550
20240116,11:33:23,0.7,150,200550
20240116,11:33:26,0.7,50,200550
20240116,11:33:28,0.65,50,200550
20240116,11:33:39,0.7,50,200550
20240116,11:33:46,0.65,50,200550
20240116,11:33:49,0.65,50,200550
20240116,11:33:51,0.7,1800,200550
20240116,11:33:53,0.7,500,200550
20240116,11:33:57,0.7,500,200550
20240116,11:34:07,0.65,100,200550
20240116,11:34:09,0.7,50,200550
20240116,11:34:25,0.65,150,200550
20240116,11:34:28,0.65,50,200550
20240116,11:34:31,0.7,250,200550
20240116,11:34:34,0.65,50,200550
20240116,11:34:41,0.7,200,200550
20240116,11:34:42,0.65,50,200550
20240116,11:34:45,0.7,50,200550
20240116,11:34:53,0.7,100,200550
20240116,11:34:59,0.7,350,200550
20240116,11:35:02,0.65,50,200550
20240116,11:35:06,0.7,50,200550
20240116,11:35:18,0.7,50,200550
20240116,11:35:20,0.65,100,200550
20240116,11:35:24,0.7,1500,200550
20240116,11:35:28,0.7,100,200550
20240116,11:35:42,0.65,500,200550
20240116,11:35:46,0.7,50,200550
20240116,11:35:58,0.7,50,199150
20240116,11:36:03,0.65,300,199150
20240116,11:36:04,0.7,50,199150
20240116,11:36:07,0.7,300,199150
20240116,11:36:17,0.7,50,199150
20240116,11:36:36,0.65,1500,199150
20240116,11:36:38,0.7,150,199150
20240116,11:36:54,0.7,50,199150
20240116,11:37:04,0.65,4500,199150
20240116,11:37:17,0.7,200,199150
20240116,11:37:18,0.65,50,199150
20240116,11:37:19,0.7,50,199150
20240116,11:37:40,0.7,1100,199150
20240116,11:37:44,0.7,50,199150
20240116,11:37:55,0.7,50,199150
20240116,11:38:09,0.7,50,199150
20240116,11:38:12,0.65,50,199150
20240116,11:38:22,0.7,1250,199150
20240116,11:38:35,0.7,100,199150
20240116,11:38:37,0.65,50,199150
20240116,11:38:43,0.7,100,199150
20240116,11:38:44,0.65,100,199150
20240116,11:38:56,0.7,400,200450
20240116,11:39:07,0.7,500,200450
20240116,11:39:19,0.7,50,200450
20240116,11:39:28,0.7,1800,200450
20240116,11:39:30,0.7,1800,200450
20240116,11:39:30,0.7,700,200450
20240116,11:40:30,0.7,150,200450
20240116,11:40:33,0.65,50,200450
20240116,11:40:44,0.7,50,200450
20240116,11:40:45,0.65,50,200450
20240116,11:40:46,0.7,50,200450
20240116,11:41:04,0.65,50,200450
20240116,11:41:38,0.7,750,200450
20240116,11:41:42,0.65,50,200450
20240116,11:41:44,0.65,50,200450
20240116,11:41:46,0.7,50,200450
20240116,11:41:58,0.7,50,202500
20240116,11:42:00,0.65,100,202500
20240116,11:42:05,0.7,400,202500
20240116,11:42:12,0.7,450,202500
20240116,11:42:19,0.7,50,202500
20240116,11:42:30,0.65,1100,202500
20240116,11:42:50,0.65,50,202500
20240116,11:42:57,0.7,2750,202500
20240116,11:42:58,0.7,3050,202500
20240116,11:42:58,0.7,50,202500
20240116,11:43:01,0.7,800,202500
20240116,11:43:01,0.7,3850,202500
20240116,11:43:16,0.7,50,202500
20240116,11:43:16,0.7,400,202500
20240116,11:43:17,0.75,100,202500
20240116,11:43:22,0.75,600,202500
20240116,11:43:27,0.7,50,202500
20240116,11:43:33,0.75,500,202500
20240116,11:43:35,0.7,50,202500
20240116,11:43:37,0.7,50,202500
20240116,11:44:04,0.7,50,202500
20240116,11:44:13,0.7,450,202500
20240116,11:44:23,0.7,650,202500
20240116,11:44:27,0.7,50,202500
20240116,11:44:40,0.75,50,202500
20240116,11:44:43,0.7,250,202500
20240116,11:44:46,0.75,50,202500
20240116,11:44:53,0.75,400,193900
20240116,11:45:10,0.75,50,193900
20240116,11:45:25,0.7,50,193900
20240116,11:45:49,0.75,50,193900
20240116,11:45:56,0.7,50,193900
20240116,11:46:00,0.75,1000,193900
20240116,11:46:05,0.7,600,193900
20240116,11:46:17,0.7,500,193900
20240116,11:46:19,0.7,1050,193900
20240116,11:46:19,0.7,2450,193900
20240116,11:46:20,0.7,2450,193900
20240116,11:46:21,0.65,500,193900
20240116,11:46:33,0.75,50,193900
20240116,11:46:38,0.65,1500,193900
20240116,11:47:25,0.75,100,193900
20240116,11:47:28,0.65,50,193900
20240116,11:47:37,0.75,1000,193900
20240116,11:47:40,0.65,50,193900
20240116,11:47:49,0.65,50,193900
20240116,11:48:06,0.75,50,195300
20240116,11:48:42,0.65,1000,195300
20240116,11:48:44,0.75,50,195300
20240116,11:48:53,0.65,50,195300
20240116,11:49:12,0.75,100,195300
20240116,11:49:37,0.75,50,195300
20240116,11:49:38,0.65,100,195300
20240116,11:49:40,0.75,250,195300
20240116,11:49:49,0.75,50,195300
20240116,11:49:57,0.65,350,195300
20240116,11:50:09,0.75,50,195300
20240116,11:50:12,0.65,100,195300
20240116,11:50:16,0.75,100,195300
20240116,11:50:21,0.65,1000,195300
20240116,11:50:22,0.75,50,195300
20240116,11:50:25,0.75,50,195300
20240116,11:50:26,0.75,50,195300
20240116,11:50:42,0.7,600,195300
20240116,11:50:44,0.75,50,195300
20240116,11:51:06,0.75,50,193550
20240116,11:51:11,0.75,550,193550
20240116,11:51:13,0.7,500,193550
20240116,11:51:44,0.75,50,193550
20240116,11:52:02,0.7,50,193550
20240116,11:52:13,0.75,1800,193550
20240116,11:52:14,0.75,100,193550
20240116,11:52:19,0.7,50,193550
20240116,11:53:12,0.7,50,193550
20240116,11:53:16,0.75,50,193550
20240116,11:53:19,0.75,100,193550
20240116,11:53:21,0.7,50,193550
20240116,11:53:24,0.75,50,193550
20240116,11:53:33,0.7,50,193550
20240116,11:53:35,0.7,50,193550
20240116,11:54:05,0.75,50,193550
20240116,11:54:37,0.75,50,193500
20240116,11:54:46,0.7,50,193500
20240116,11:55:10,0.75,350,193500
20240116,11:55:42,0.7,50,193500
20240116,11:55:53,0.75,50,193500
20240116,11:56:35,0.75,50,193500
20240116,11:57:03,0.75,100,193500
20240116,11:57:17,0.75,50,193500
20240116,11:57:31,0.75,50,193500
20240116,11:57:42,0.75,50,193500
20240116,11:57:54,0.7,100,193500
20240116,11:58:02,0.75,400,193500
20240116,11:58:19,0.7,50,193500
20240116,11:58:20,0.7,550,193500
20240116,11:58:45,0.75,50,193500
20240116,11:58:46,0.75,50,193500
20240116,11:58:47,0.75,100,193500
20240116,11:58:48,0.75,100,193500
20240116,11:58:48,0.7,1800,193500
20240116,11:58:50,0.75,50,193500
20240116,11:58:50,0.7,50,193500
20240116,11:58:51,0.75,50,193500
20240116,11:58:52,0.75,50,193500
20240116,11:58:53,0.75,100,193500
20240116,11:58:54,0.75,100,193500
20240116,11:58:55,0.75,100,193500
20240116,11:58:56,0.75,150,193500
20240116,11:58:57,0.75,150,193500
20240116,11:58:58,0.75,150,193500
20240116,11:58:59,0.75,50,193500
20240116,11:59:01,0.75,50,193500
20240116,11:59:02,0.75,50,193500
20240116,11:59:03,0.75,150,193500
20240116,11:59:04,0.75,150,193500
20240116,11:59:05,0.75,150,193500
20240116,11:59:06,0.75,150,193500
20240116,11:59:08,0.75,50,193500
20240116,11:59:09,0.75,50,193500
20240116,11:59:10,0.75,50,193500
20240116,11:59:11,0.75,50,193500
20240116,11:59:12,0.75,50,193500
20240116,11:59:13,0.75,50,193500
20240116,11:59:14,0.75,50,193500
20240116,11:59:15,0.75,50,193500
20240116,11:59:16,0.75,50,193500
20240116,11:59:17,0.75,50,193500
20240116,11:59:19,0.75,50,193500
20240116,11:59:23,0.75,50,193500
20240116,11:59:24,0.75,50,193500
20240116,11:59:26,0.75,50,193500
20240116,11:59:27,0.75,50,193500
20240116,11:59:27,0.7,1750,193500
20240116,11:59:28,0.75,50,193500
20240116,11:59:29,0.75,50,193500
20240116,11:59:30,0.75,50,193500
20240116,11:59:36,0.75,200,193500
20240116,11:59:57,0.75,50,193500
20240116,11:59:58,0.75,50,193150
20240116,11:59:58,0.7,2250,193150
20240116,11:59:59,0.7,250,193150
20240116,12:00:00,0.7,1850,193150
20240116,12:00:01,0.7,50,193150
20240116,12:00:02,0.7,50,193150
20240116,12:00:03,0.7,150,193150
20240116,12:00:04,0.7,150,193150
20240116,12:00:05,0.7,150,193150
20240116,12:00:06,0.7,50,193150
20240116,12:00:07,0.7,50,193150
20240116,12:00:10,0.75,50,193150
20240116,12:00:13,0.75,50,193150
20240116,12:00:14,0.7,50,193150
20240116,12:00:17,0.7,50,193150
20240116,12:00:19,0.75,50,193150
20240116,12:00:19,0.65,50,193150
20240116,12:00:43,0.75,50,193150
20240116,12:00:45,0.65,50,193150
20240116,12:00:46,0.75,50,193150
20240116,12:00:47,0.75,500,193150
20240116,12:00:53,0.65,200,193150
20240116,12:00:57,0.65,50,193150
20240116,12:00:58,0.75,50,193150
20240116,12:01:11,0.65,50,193150
20240116,12:01:36,0.75,50,193150
20240116,12:01:56,0.75,400,193150
20240116,12:01:58,0.65,100,193150
20240116,12:02:58,0.75,50,198150
20240116,12:02:59,0.65,50,198150
20240116,12:03:25,0.75,1800,198150
20240116,12:03:26,0.75,700,198150
20240116,12:03:30,0.75,50,198150
20240116,12:03:34,0.75,50,198150
20240116,12:03:52,0.7,200,198150
20240116,12:03:58,0.75,50,198150
20240116,12:04:08,0.65,300,198150
20240116,12:04:33,0.75,150,198150
20240116,12:04:41,0.65,750,198150
20240116,12:04:47,0.75,50,198150
20240116,12:04:49,0.75,50,198150
20240116,12:04:49,0.65,350,198150
20240116,12:05:21,0.75,5400,198150
20240116,12:05:21,0.75,21100,198150
20240116,12:05:23,0.65,1000,198150
20240116,12:06:44,0.7,1000,204450
20240116,12:07:06,0.7,200,204450
20240116,12:07:08,0.7,100,204450
20240116,12:07:09,0.75,300,204450
20240116,12:07:29,0.75,50,204450
20240116,12:07:41,0.75,100,204450
20240116,12:07:57,0.7,50,204450
20240116,12:08:03,0.75,50,204450
20240116,12:08:06,0.7,50,204450
20240116,12:08:16,0.75,50,204450
20240116,12:08:33,0.75,200,204450
20240116,12:08:50,0.75,450,204450
20240116,12:09:02,0.7,100,205050
20240116,12:09:25,0.7,50,205050
20240116,12:09:39,0.7,150,205050
20240116,12:09:47,0.75,50,205050
20240116,12:09:51,0.7,150,205050
20240116,12:10:24,0.75,50,205050
20240116,12:10:25,0.7,750,205050
20240116,12:10:26,0.75,50,205050
20240116,12:10:29,0.75,50,205050
20240116,12:10:36,0.7,50,205050
20240116,12:10:54,0.75,50,205050
20240116,12:11:10,0.7,50,205050
20240116,12:11:36,0.75,150,205050
20240116,12:11:42,0.75,50,205050
20240116,12:11:52,0.7,100,205050
20240116,12:11:59,0.75,900,205050
20240116,12:12:10,0.75,50,204050
20240116,12:12:39,0.75,250,204050
20240116,12:13:34,0.75,750,204050
20240116,12:13:37,0.7,50,204050
20240116,12:13:55,0.75,100,204050
20240116,12:14:08,0.7,50,204050
20240116,12:14:23,0.7,50,204050
20240116,12:15:03,0.7,50,204050
20240116,12:16:13,0.75,150,204450
20240116,12:16:27,0.7,100,204450
20240116,12:16:31,0.75,50,204450
20240116,12:16:57,0.7,1000,204450
20240116,12:17:08,0.75,400,204450
20240116,12:17:11,0.7,50,204450
20240116,12:17:30,0.75,100,204450
20240116,12:17:32,0.75,100,204450
20240116,12:17:33,0.75,2950,204450
20240116,12:17:34,0.75,250,204450
20240116,12:17:35,0.7,50,204450
20240116,12:17:41,0.7,500,204450
20240116,12:18:32,0.7,50,204450
20240116,12:18:43,0.7,100,202450
20240116,12:19:24,0.75,2300,202450
20240116,12:19:25,0.75,2000,202450
20240116,12:19:26,0.75,1250,202450
20240116,12:19:33,0.75,250,202450
20240116,12:19:50,0.75,5000,202450
20240116,12:20:00,0.75,3100,202450
20240116,12:20:02,0.7,100,202450
20240116,12:20:47,0.75,100,202450
20240116,12:20:54,0.75,50,202450
20240116,12:21:01,0.7,50,201900
20240116,12:21:13,0.7,250,201900
20240116,12:21:15,0.7,50,201900
20240116,12:23:54,0.7,1800,201600
20240116,12:23:55,0.7,50,201600
20240116,12:23:59,0.7,1800,201600
20240116,12:24:08,0.7,1800,201600
20240116,12:24:28,0.7,1800,201600
20240116,12:24:32,0.7,1800,201600
20240116,12:24:39,0.7,1800,201600
20240116,12:24:54,0.75,50,201600
20240116,12:25:06,0.7,50,201600
20240116,12:25:18,0.7,50,201600
20240116,12:25:30,0.75,150,201600
20240116,12:26:05,0.7,50,201600
20240116,12:26:32,0.75,100,201600
20240116,12:26:42,0.75,50,201600
20240116,12:27:33,0.7,50,205950
20240116,12:27:36,0.7,50,205950
20240116,12:27:45,0.75,50,205950
20240116,12:27:51,0.7,150,205950
20240116,12:28:30,0.7,700,205950
20240116,12:28:48,0.75,1200,205950
20240116,12:29:02,0.7,1200,205950
20240116,12:29:59,0.75,50,205950
20240116,12:31:18,0.75,50,206700
20240116,12:31:21,0.7,100,206700
20240116,12:31:25,0.75,250,206700
20240116,12:33:11,0.75,50,206700
20240116,12:33:15,0.7,250,207050
20240116,12:33:51,0.7,200,207050
20240116,12:35:59,0.75,50,207050
20240116,12:36:28,0.7,50,207100
20240116,12:36:36,0.75,150,207100
20240116,12:36:49,0.75,200,207100
20240116,12:37:08,0.7,50,207100
20240116,12:37:15,0.75,500,207100
20240116,12:37:54,0.65,2500,207100
20240116,12:38:02,0.65,100,207100
20240116,12:38:46,0.75,50,207100
20240116,12:39:15,0.75,50,207100
20240116,12:39:34,0.75,300,207650
20240116,12:39:41,0.7,50,207650
20240116,12:40:24,0.75,50,207650
20240116,12:40:33,0.7,100,207650
20240116,12:40:34,0.75,200,207650
20240116,12:40:35,0.7,50,207650
20240116,12:42:00,0.75,50,207550
20240116,12:42:28,0.7,150,207550
20240116,12:42:39,0.75,250,207550
20240116,12:42:55,0.75,50,207550
20240116,12:42:58,0.7,50,207550
20240116,12:43:03,0.75,150,207550
20240116,12:43:09,0.7,50,207550
20240116,12:43:19,0.75,50,207550
20240116,12:44:00,0.7,50,207550
20240116,12:44:31,0.7,50,207550
20240116,12:44:50,0.7,100,207550
20240116,12:45:24,0.7,50,207500
20240116,12:45:58,0.7,50,207500
20240116,12:48:18,0.7,250,207500
20240116,12:48:47,0.75,50,207400
20240116,12:49:39,0.7,50,207400
20240116,12:49:40,0.7,300,207400
20240116,12:50:39,0.75,50,207400
20240116,12:51:03,0.75,50,206800
20240116,12:51:09,0.75,100,206800
20240116,12:51:14,0.75,550,206800
20240116,12:51:18,0.75,2000,206800
20240116,12:51:22,0.75,1150,206800
20240116,12:51:27,0.75,5700,206800
20240116,12:51:32,0.75,1800,206800
20240116,12:51:33,0.75,3950,206800
20240116,12:52:43,0.75,350,206800
20240116,12:52:44,0.75,300,206800
20240116,12:52:48,0.75,1200,206800
20240116,12:52:49,0.75,700,206800
20240116,12:54:07,0.7,150,194700
20240116,12:54:31,0.7,1050,194700
20240116,12:54:44,0.75,500,194700
20240116,12:55:07,0.7,1250,194700
20240116,12:55:34,0.7,200,194700
20240116,12:56:53,0.7,50,194700
20240116,12:57:01,0.75,50,194700
20240116,12:57:15,0.7,4000,192100
20240116,12:57:23,0.75,550,192100
20240116,12:57:24,0.75,550,192100
20240116,12:57:29,0.75,1900,192100
20240116,12:57:30,0.75,1550,192100
20240116,12:57:31,0.7,50,192100
20240116,12:57:33,0.75,950,192100
20240116,12:57:34,0.75,550,192100
20240116,12:57:36,0.75,1000,192100
20240116,12:57:42,0.75,5050,192100
20240116,12:58:02,0.75,50,192100
20240116,12:58:03,0.75,250,192100
20240116,12:58:04,0.75,250,192100
20240116,12:58:05,0.75,50,192100
20240116,12:58:06,0.75,50,192100
20240116,12:58:07,0.75,50,192100
20240116,12:58:08,0.75,50,192100
20240116,12:58:09,0.75,100,192100
20240116,12:58:10,0.75,50,192100
20240116,12:58:11,0.75,50,192100
20240116,12:58:12,0.75,50,192100
20240116,12:58:13,0.75,50,192100
20240116,12:58:14,0.75,50,192100
20240116,12:58:15,0.75,50,192100
20240116,12:58:16,0.75,50,192100
20240116,12:58:17,0.75,50,192100
20240116,12:58:18,0.75,50,192100
20240116,12:58:19,0.75,50,192100
20240116,12:58:20,0.75,50,192100
20240116,12:58:21,0.75,50,192100
20240116,12:58:22,0.75,50,192100
20240116,12:58:23,0.75,50,192100
20240116,12:58:24,0.75,50,192100
20240116,12:58:37,0.7,50,192100
20240116,12:58:43,0.8,1250,192100
20240116,12:58:47,0.7,50,192100
20240116,12:59:02,0.75,50,192100
20240116,12:59:10,0.8,50,192100
20240116,12:59:13,0.7,50,192100
20240116,12:59:25,0.7,50,192100
20240116,13:00:15,0.8,50,182400
20240116,13:00:20,0.7,50,182400
20240116,13:00:24,0.9,8700,182400
20240116,13:00:25,0.9,3300,182400
20240116,13:00:27,0.9,800,182400
20240116,13:00:29,0.75,100,182400
20240116,13:00:39,0.75,100,182400
20240116,13:00:42,0.8,200,182400
20240116,13:00:49,0.75,50,182400
20240116,13:00:52,0.75,50,182400
20240116,13:00:53,0.75,50,182400
20240116,13:00:54,0.75,50,182400
20240116,13:00:55,0.75,50,182400
20240116,13:00:56,0.75,50,182400
20240116,13:00:57,0.75,100,182400
20240116,13:00:58,0.75,50,182400
20240116,13:00:59,0.75,50,182400
20240116,13:01:00,0.75,50,182400
20240116,13:01:01,0.75,50,182400
20240116,13:01:02,0.75,50,182400
20240116,13:01:03,0.75,50,182400
20240116,13:01:38,0.8,50,182400
20240116,13:01:39,0.8,1350,182400
20240116,13:01:49,0.85,1800,182400
20240116,13:01:55,0.8,2100,182400
20240116,13:02:16,0.8,50,182400
20240116,13:02:18,0.8,150,182400
20240116,13:02:20,0.75,200,182400
20240116,13:02:22,0.8,1250,182400
20240116,13:02:25,0.8,50,182400
20240116,13:02:34,0.75,50,182400
20240116,13:05:33,0.8,50,189500
20240116,13:06:24,0.75,50,189550
20240116,13:06:32,0.8,250,189550
20240116,13:06:44,0.8,100,189550
20240116,13:07:49,0.75,500,189550
20240116,13:07:51,0.8,1800,189550
20240116,13:08:00,0.8,300,189550
20240116,13:08:10,0.8,50,189550
20240116,13:08:11,0.8,1800,189550
20240116,13:08:15,0.8,50,189550
20240116,13:08:22,0.8,150,189550
20240116,13:08:26,0.75,50,189550
20240116,13:08:57,0.8,50,189550
20240116,13:09:59,0.75,50,193250
20240116,13:10:45,0.75,50,193250
20240116,13:10:47,0.75,6800,193250
20240116,13:11:00,0.75,5100,193250
20240116,13:11:24,0.7,250,193250
20240116,13:11:32,0.75,1800,193250
20240116,13:11:50,0.75,1800,193250
20240116,13:12:05,0.8,50,198750
20240116,13:12:12,0.75,50,198750
20240116,13:12:35,0.75,800,198750
20240116,13:12:38,0.8,50,198750
20240116,13:12:51,0.75,50,198750
20240116,13:13:01,0.8,1300,198750
20240116,13:13:02,0.8,2050,198750
20240116,13:13:06,0.8,950,198750
20240116,13:13:08,0.75,50,198750
20240116,13:13:13,0.8,50,198750
20240116,13:13:16,0.75,9000,198750
20240116,13:13:17,0.85,1800,198750
20240116,13:13:19,0.8,1300,198750
20240116,13:13:20,0.8,250,198750
20240116,13:13:21,0.75,50,198750
20240116,13:13:22,0.75,50,198750
20240116,13:13:23,0.75,50,198750
20240116,13:13:24,0.75,300,198750
20240116,13:13:25,0.75,50,198750
20240116,13:13:27,0.75,50,198750
20240116,13:13:28,0.75,50,198750
20240116,13:13:29,0.75,50,198750
20240116,13:13:30,0.75,50,198750
20240116,13:13:33,0.8,1300,198750
20240116,13:13:34,0.8,2900,198750
20240116,13:13:35,0.8,50,198750
20240116,13:13:48,0.8,50,198750
20240116,13:13:52,0.85,1800,198750
20240116,13:14:01,0.85,1800,198750
20240116,13:14:02,0.85,1800,198750
20240116,13:14:03,0.85,1550,198750
20240116,13:14:04,0.85,50,198750
20240116,13:14:06,0.9,1250,198750
20240116,13:14:47,0.8,50,198750
20240116,13:14:48,0.8,100,198750
20240116,13:14:51,0.8,1800,198750
20240116,13:14:52,0.8,1800,198750
