date,time,tick_price,volume,open_interest
20240115,09:18:21,3.25,50,900
20240115,09:18:34,3.0,100,900
20240115,09:18:47,3.1,50,900
20240115,09:19:00,3.05,50,900
20240115,09:19:13,3.05,150,900
20240115,09:19:27,3.05,50,900
20240115,09:19:41,2.95,150,900
20240115,09:19:55,2.95,200,900
20240115,09:20:08,3.2,150,900
20240115,09:20:22,2.95,150,900
20240115,09:20:36,2.85,1850,900
20240115,09:20:49,2.85,450,900
20240115,09:21:04,3.2,2200,900
20240115,09:21:18,3.2,50,900
20240115,09:21:31,3.35,2450,900
20240115,09:21:45,3.5,1650,900
20240115,09:21:59,3.45,550,900
20240115,09:22:13,3.45,100,900
20240115,09:22:28,3.45,100,900
20240115,09:22:42,3.45,200,900
20240115,09:22:55,3.45,100,900
20240115,09:23:09,3.45,950,900
20240115,09:23:23,3.4,1050,900
20240115,09:23:37,3.35,400,9150
20240115,09:23:51,3.35,100,9150
20240115,09:24:04,3.45,1850,9150
20240115,09:24:16,3.4,300,9150
20240115,09:24:30,3.4,100,9150
20240115,09:24:43,3.3,4300,9150
20240115,09:24:57,3.3,650,9150
20240115,09:25:11,3.35,450,9150
20240115,09:25:24,3.3,450,9150
20240115,09:25:50,3.3,450,9150
20240115,09:26:03,3.3,450,9150
20240115,09:26:16,3.35,50,9150
20240115,09:26:29,3.35,50,9150
20240115,09:26:42,3.35,550,13750
20240115,09:26:55,3.35,850,13750
20240115,09:27:07,3.3,250,13750
20240115,09:27:34,3.35,150,13750
20240115,09:27:47,3.3,2050,13750
20240115,09:28:15,3.3,1500,13750
20240115,09:28:29,3.3,600,13750
20240115,09:28:43,3.35,100,13750
20240115,09:28:56,3.35,50,13750
20240115,09:29:35,3.3,50,17200
20240115,09:30:02,3.15,900,17200
20240115,09:30:15,3.15,500,17200
20240115,09:30:29,3.2,2150,17200
20240115,09:30:43,3.2,150,17200
20240115,09:31:41,3.15,3600,17200
20240115,09:32:08,3.15,50,17200
20240115,09:32:33,3.15,250,17200
20240115,09:32:46,3.05,200,16800
20240115,09:32:59,3.15,50,16800
20240115,09:33:26,3.1,50,16800
20240115,09:34:07,3.1,50,16800
20240115,09:34:48,3.1,500,16800
20240115,09:35:01,3.05,150,16800
20240115,09:35:15,3.1,850,16800
20240115,09:36:10,3.05,600,17400
20240115,09:36:23,3.05,50,17400
20240115,09:36:36,3.1,50,17400
20240115,09:37:16,3.1,200,17400
20240115,09:38:08,3.1,250,17400
20240115,09:38:35,3.1,800,17100
20240115,09:39:02,3.1,500,17100
20240115,09:39:15,3.1,2050,17100
20240115,09:40:12,3.1,250,17100
20240115,09:41:32,3.1,500,19650
20240115,09:41:46,3.05,500,19650
20240115,09:41:58,3.05,500,19650
20240115,09:43:27,3.1,150,19650
20240115,09:43:40,3.1,500,19650
20240115,09:44:32,3.05,500,19650
20240115,09:45:10,3.05,1050,20550
20240115,09:45:24,3.0,2500,20550
20240115,09:45:37,3.0,400,20550
20240115,09:46:41,2.95,1150,20550
20240115,09:47:20,2.95,1850,20550
20240115,09:47:33,2.9,300,20550
20240115,09:47:46,2.95,50,24150
20240115,09:48:25,3.0,250,24150
20240115,09:50:00,2.95,50,24150
20240115,09:50:42,2.95,50,23900
20240115,09:51:34,2.9,350,23900
20240115,09:52:46,2.9,100,23900
20240115,09:53:29,2.9,150,23900
20240115,09:54:12,2.85,450,24400
20240115,09:54:26,2.85,50,24400
20240115,09:54:40,2.85,100,24400
20240115,09:54:54,2.9,300,24400
20240115,09:55:37,2.85,50,24400
20240115,09:55:52,2.8,100,24400
20240115,09:56:06,2.8,50,24400
20240115,09:56:20,2.8,100,24400
20240115,09:57:26,2.85,50,24550
20240115,09:57:53,2.85,750,24550
20240115,09:59:01,2.8,450,24550
20240115,09:59:28,2.75,100,24550
20240115,10:00:08,2.75,350,24050
20240115,10:00:21,2.75,500,24050
20240115,10:00:35,2.7,200,24050
20240115,10:00:48,2.8,2000,24050
20240115,10:01:15,2.8,50,24050
20240115,10:01:28,2.85,250,24050
20240115,10:01:42,2.8,600,24050
20240115,10:02:09,2.75,150,24050
20240115,10:02:22,2.75,50,24050
20240115,10:03:31,2.75,1800,24050
20240115,10:05:06,2.9,250,24050
20240115,10:05:20,2.9,250,24050
20240115,10:06:15,2.95,2500,24050
20240115,10:08:19,3.0,100,24050
20240115,10:08:32,3.0,300,24050
20240115,10:08:46,2.95,750,25200
20240115,10:09:38,3.0,200,25200
20240115,10:10:57,3.0,50,25200
20240115,10:11:11,3.0,300,25200
20240115,10:11:37,3.0,100,26500
20240115,10:11:50,3.0,250,26500
20240115,10:12:03,3.0,50,26500
20240115,10:12:44,3.0,700,26500
20240115,10:13:12,3.0,50,26500
20240115,10:13:26,3.0,3400,26500
20240115,10:14:42,3.05,50,26500
20240115,10:15:21,3.05,50,30350
20240115,10:15:59,3.05,150,30350
20240115,10:16:37,3.05,100,30350
20240115,10:17:26,3.05,50,30350
20240115,10:17:50,3.05,50,30700
20240115,10:24:59,3.05,50,30750
20240115,10:25:11,3.0,250,30750
20240115,10:26:00,3.05,50,30750
20240115,10:26:23,3.05,50,30750
20240115,10:28:58,3.05,50,31100
20240115,10:29:12,3.05,100,31100
20240115,10:29:39,3.0,50,31100
20240115,10:29:52,3.05,50,31250
20240115,10:30:45,3.0,50,31250
20240115,10:30:57,3.05,450,31250
20240115,10:31:37,3.0,300,31250
20240115,10:32:57,3.05,250,31500
20240115,10:33:24,3.05,350,31500
20240115,10:33:49,3.0,50,31500
20240115,10:34:16,3.0,50,31500
20240115,10:34:42,2.95,100,31500
20240115,10:35:09,2.95,100,31500
20240115,10:35:47,2.95,50,31800
20240115,10:36:51,2.95,300,31800
20240115,10:39:02,3.0,50,31800
20240115,10:39:26,3.0,200,31800
20240115,10:39:38,3.05,100,31800
20240115,10:40:26,3.05,50,31800
20240115,10:40:51,3.0,650,31800
20240115,10:41:48,3.0,50,31300
20240115,10:42:12,3.0,50,31300
20240115,10:42:58,3.05,1850,31300
20240115,10:44:48,3.05,100,31300
20240115,10:45:12,3.05,750,30900
20240115,10:46:44,3.05,50,30900
20240115,10:47:18,3.05,500,30900
20240115,10:47:51,3.0,50,32100
20240115,10:48:48,3.0,250,32100
20240115,10:49:32,3.05,100,32100
20240115,10:50:27,3.0,50,32100
20240115,10:51:47,3.0,200,32300
20240115,10:52:57,3.0,250,32300
20240115,10:53:45,3.05,700,32300
20240115,10:53:57,3.05,600,32300
20240115,10:55:35,3.0,1050,32300
20240115,10:57:01,3.0,250,32650
20240115,11:03:18,2.95,250,32900
20240115,11:07:22,3.0,650,33150
20240115,11:09:18,3.05,50,33800
20240115,11:10:43,3.05,50,33800
20240115,11:13:01,3.05,50,33900
20240115,11:13:23,3.0,250,33900
20240115,11:14:39,3.0,50,33900
20240115,11:14:50,3.0,100,34150
20240115,11:15:34,3.0,1400,34150
20240115,11:15:56,3.05,50,34150
20240115,11:16:40,3.0,250,34150
20240115,11:17:54,3.05,250,34400
20240115,11:20:12,3.05,200,34400
20240115,11:20:34,3.0,50,34400
20240115,11:20:56,3.0,50,34600
20240115,11:21:28,3.0,1000,34600
20240115,11:21:39,2.95,1500,34600
20240115,11:21:50,2.95,150,34600
20240115,11:24:25,2.95,50,36200
20240115,11:24:36,3.0,50,36200
20240115,11:24:47,3.0,100,36200
20240115,11:26:27,3.05,1800,36200
20240115,11:28:46,3.0,50,38150
20240115,11:28:57,3.0,50,38150
20240115,11:31:18,3.05,150,38150
20240115,11:31:37,3.05,50,38150
20240115,11:31:48,3.05,50,38150
20240115,11:32:27,3.05,50,38150
20240115,11:32:38,3.05,2100,38150
20240115,11:35:22,3.1,150,40400
20240115,11:35:44,3.1,100,40400
20240115,11:36:34,3.1,300,40650
20240115,11:37:03,3.05,50,40650
20240115,11:38:03,3.05,250,40650
20240115,11:38:13,3.05,50,40650
20240115,11:38:39,3.1,100,40650
20240115,11:39:02,3.05,250,41050
20240115,11:39:37,3.05,800,41050
20240115,11:40:22,3.05,200,41050
20240115,11:41:48,3.05,250,41050
20240115,11:41:58,3.05,300,40800
20240115,11:42:52,3.1,1250,40800
20240115,11:43:01,3.1,250,40800
20240115,11:47:04,3.05,50,40800
20240115,11:47:47,3.05,250,40800
20240115,11:50:02,3.0,1800,40750
20240115,11:50:48,2.95,1000,40750
20240115,11:50:57,2.95,50,41350
20240115,11:52:50,2.95,4800,41350
20240115,11:54:10,2.95,150,45650
20240115,11:54:34,2.95,500,45650
20240115,11:54:45,3.0,250,45650
20240115,11:55:22,3.0,750,45650
20240115,11:55:48,2.95,400,45650
20240115,11:56:20,2.95,800,45650
20240115,11:58:17,3.0,250,46500
20240115,11:58:27,2.95,3800,46500
20240115,11:59:20,3.0,200,46500
20240115,11:59:30,3.0,1500,46500
20240115,11:59:47,3.0,1150,46500
20240115,12:00:15,3.0,1000,47900
20240115,12:01:17,3.05,200,47900
20240115,12:01:27,3.0,100,47900
20240115,12:01:46,3.0,50,47900
20240115,12:03:24,3.0,50,48700
20240115,12:04:13,2.95,2500,48700
20240115,12:04:21,2.95,50,48700
20240115,12:04:29,3.0,50,48700
20240115,12:05:18,2.95,50,48700
20240115,12:05:26,2.95,100,48700
20240115,12:05:34,3.0,1650,48700
20240115,12:05:50,3.0,200,48700
20240115,12:05:58,3.0,50,49650
20240115,12:06:06,3.0,450,49650
20240115,12:06:30,3.0,150,49650
20240115,12:06:38,2.95,100,49650
20240115,12:07:10,3.0,50,49650
20240115,12:09:18,3.05,50,48900
20240115,12:10:08,3.0,250,48900
20240115,12:12:46,3.05,200,48900
20240115,12:12:56,3.05,3050,48900
20240115,12:13:05,3.05,1500,48900
20240115,12:13:14,3.05,1500,48900
20240115,12:13:23,3.05,50,48900
20240115,12:14:40,3.05,250,48900
20240115,12:16:27,3.05,350,45300
20240115,12:17:50,3.0,250,45300
20240115,12:18:17,3.0,250,45450
20240115,12:20:56,3.05,100,45450
20240115,12:21:34,3.05,800,45200
20240115,12:23:44,3.0,250,45200
20240115,12:24:12,3.0,500,45500
20240115,12:24:27,3.0,550,45500
20240115,12:25:08,3.0,250,45500
20240115,12:25:21,3.0,3450,45500
20240115,12:26:14,3.0,200,45500
20240115,12:27:31,3.0,100,44550
20240115,12:36:24,3.0,50,44550
20240115,12:37:11,2.95,100,44550
20240115,12:38:12,3.0,1600,44550
20240115,12:40:15,3.0,350,44600
20240115,12:41:18,3.0,1150,44600
20240115,12:42:01,3.0,100,44600
20240115,12:43:38,2.95,2150,44450
20240115,12:45:42,3.0,100,45550
20240115,12:46:35,3.0,450,45550
20240115,12:47:30,3.05,50,45550
20240115,12:51:56,3.0,350,46150
20240115,12:54:11,3.0,250,46200
20240115,12:54:21,2.95,100,46200
20240115,13:02:44,2.95,900,46150
20240115,13:04:33,2.95,250,46900
20240115,13:05:48,3.0,100,46900
20240115,13:06:19,3.0,750,47050
20240115,13:06:30,3.05,250,47050
20240115,13:09:08,3.0,300,47850
20240115,13:09:42,3.0,1050,47850
20240115,13:11:24,2.95,400,47850
20240115,13:12:05,2.95,800,47250
20240115,13:12:47,2.9,800,47250
20240115,13:13:18,2.9,50,47250
20240115,13:14:27,2.9,50,47250
20240115,13:14:38,2.85,200,47250
20240115,13:15:27,2.9,250,47450
20240115,13:16:09,2.9,50,47450
20240115,13:16:29,2.85,400,47450
20240115,13:16:39,2.85,1700,47450
20240115,13:16:49,2.85,50,47450
20240115,13:17:56,2.85,300,47450
20240115,13:18:25,2.85,250,49150
20240115,13:18:41,2.85,250,49150
20240115,13:18:57,2.9,50,49150
20240115,13:19:12,2.9,50,49150
20240115,13:19:37,2.85,650,49150
20240115,13:20:01,2.9,50,49150
20240115,13:20:55,2.9,50,49150
20240115,13:23:28,2.9,100,49000
20240115,13:24:26,2.85,850,49000
20240115,13:24:36,2.8,150,49000
20240115,13:25:06,2.85,50,49000
20240115,13:28:55,2.9,50,49600
20240115,13:30:08,2.9,50,49600
20240115,13:30:30,2.95,250,49600
20240115,13:32:30,2.95,50,49600
20240115,13:35:19,2.9,200,49600
20240115,13:35:40,2.9,50,49600
20240115,13:35:50,2.9,50,49600
20240115,13:38:24,2.95,50,49600
20240115,13:39:46,2.85,100,49600
20240115,13:40:14,2.85,250,49600
20240115,13:40:42,2.9,50,49600
20240115,13:42:49,2.85,1000,49800
20240115,13:43:07,2.9,1000,49800
20240115,13:44:38,2.85,50,49800
20240115,13:46:17,2.85,250,50000
20240115,13:46:29,2.9,50,50000
20240115,13:48:36,2.9,250,49800
20240115,13:50:47,2.9,250,49800
20240115,13:51:25,2.9,50,50200
20240115,13:53:40,2.95,50,50200
20240115,13:56:22,2.95,50,50250
20240115,13:58:55,2.95,50,50250
20240115,13:59:29,2.9,200,50250
20240115,14:02:35,2.9,500,50250
20240115,14:05:09,2.85,50,50250
20240115,14:07:18,2.9,50,50300
20240115,14:08:11,2.9,50,50300
20240115,14:09:14,3.0,100,50300
20240115,14:09:50,2.9,1000,50300
20240115,14:11:50,2.9,300,50300
20240115,14:17:14,2.9,900,51300
20240115,14:17:45,2.9,100,51300
20240115,14:20:05,2.9,50,51350
20240115,14:20:26,2.9,50,51350
20240115,14:23:23,2.9,300,51350
20240115,14:24:23,2.95,100,51500
20240115,14:26:23,3.0,200,51500
20240115,14:27:06,2.95,100,51500
20240115,14:27:19,2.95,50,51850
20240115,14:27:33,2.9,1050,51850
20240115,14:27:47,2.95,1500,51850
20240115,14:28:01,2.95,200,51850
20240115,14:30:54,2.95,250,50900
20240115,14:31:05,2.95,150,50900
20240115,14:33:02,2.95,100,50900
20240115,14:33:15,2.95,100,50900
20240115,14:33:29,2.95,300,51200
20240115,14:34:33,3.0,500,51200
20240115,14:35:23,3.0,50,51200
20240115,14:35:58,3.05,100,51200
20240115,14:36:42,2.95,250,51400
20240115,14:37:24,3.0,50,51400
20240115,14:38:37,3.0,1800,51400
20240115,14:38:47,3.05,3000,51400
20240115,14:39:17,3.05,50,51400
20240115,14:39:39,3.0,100,54400
20240115,14:40:00,3.0,1800,54400
20240115,14:40:19,3.0,200,54400
20240115,14:40:29,3.1,150,54400
20240115,14:40:59,3.05,400,54400
20240115,14:41:10,3.05,1250,54400
20240115,14:41:21,3.05,50,54400
20240115,14:41:42,3.05,100,54400
20240115,14:43:42,3.05,50,54550
20240115,14:44:19,3.1,200,54550
20240115,14:46:00,3.05,100,54550
20240115,14:47:12,3.1,50,54550
20240115,14:47:24,3.1,50,54550
20240115,14:47:35,3.1,50,54550
20240115,14:47:46,3.15,100,54550
20240115,14:48:08,3.15,50,54550
20240115,14:48:19,3.15,100,54700
20240115,14:48:31,3.15,100,54700
20240115,14:48:41,3.15,50,54700
20240115,14:49:05,3.15,250,54700
20240115,14:49:17,3.15,200,54700
20240115,14:49:28,3.15,250,54700
20240115,14:49:40,3.15,2300,54700
20240115,14:50:01,3.15,50,54700
20240115,14:50:22,3.15,100,54700
20240115,14:50:54,3.05,2300,54700
20240115,14:51:16,3.1,3100,60350
20240115,14:51:26,3.1,250,60350
20240115,14:51:46,3.1,50,60350
20240115,14:51:56,3.05,300,60350
20240115,14:52:16,3.05,1000,60350
20240115,14:54:13,3.0,7800,60350
20240115,14:54:40,3.1,50,66900
20240115,14:54:50,3.1,50,66900
20240115,14:55:01,3.1,50,66900
20240115,14:55:11,3.1,100,66900
20240115,14:56:00,3.05,50,66900
20240115,14:56:11,3.05,50,66900
20240115,14:56:53,3.05,200,66900
20240115,14:57:22,3.05,250,67000
20240115,14:57:32,3.1,100,67000
20240115,14:57:42,3.05,150,67000
20240115,14:57:53,3.05,50,67000
20240115,14:58:03,3.1,50,67000
20240115,14:58:13,3.1,150,67000
20240115,14:58:24,3.1,50,67000
20240115,14:58:45,3.05,50,67000
20240115,14:59:06,3.05,250,67000
20240115,15:00:17,3.0,450,67000
20240115,15:00:28,2.95,400,67450
20240115,15:00:40,2.95,450,67450
20240115,15:00:51,3.0,600,67450
20240115,15:01:01,3.0,450,67450
20240115,15:01:24,3.0,50,67450
20240115,15:02:20,2.95,50,67450
20240115,15:02:30,2.95,200,67450
20240115,15:03:21,3.0,150,68500
20240115,15:03:51,3.0,1800,68500
20240115,15:04:11,3.0,900,68500
20240115,15:05:30,2.95,2200,68500
20240115,15:05:50,2.95,1800,68500
20240115,15:06:23,3.0,250,72450
20240115,15:06:55,2.95,800,72450
20240115,15:08:32,3.0,250,72450
20240115,15:09:25,2.95,250,71850
20240115,15:09:34,2.95,150,71850
20240115,15:09:44,3.0,150,71850
20240115,15:10:05,2.95,350,71850
20240115,15:10:15,2.95,300,71850
20240115,15:10:25,2.9,150,71850
20240115,15:11:25,2.95,250,71850
20240115,15:11:36,2.95,250,71850
20240115,15:11:47,2.95,50,71850
20240115,15:12:08,2.9,400,71850
20240115,15:12:59,2.95,50,70900
20240115,15:13:08,2.9,50,70900
20240115,15:13:58,2.95,1800,70900
20240115,15:14:26,2.95,50,70900
20240115,15:14:35,2.95,200,70900
20240115,15:14:57,2.9,600,70900
20240115,15:15:33,3.0,50,71450
20240115,15:15:46,3.0,50,71450
20240115,15:15:59,3.0,100,71450
20240115,15:16:25,3.0,50,71450
20240115,15:16:37,2.95,250,71450
20240115,15:17:01,2.95,150,71450
20240115,15:17:13,2.95,100,71450
20240115,15:17:26,3.0,3800,71450
20240115,15:17:38,3.0,50,71450
20240115,15:17:52,3.0,100,71450
20240115,15:18:04,3.0,200,71450
20240115,15:18:17,3.0,50,71450
20240115,15:18:30,3.05,50,74050
20240115,15:18:42,3.05,300,74050
20240115,15:19:07,3.05,50,74050
20240115,15:20:49,3.1,100,74050
20240115,15:21:02,3.1,50,74050
20240115,15:21:27,3.1,50,74400
20240115,15:21:42,3.1,150,74400
20240115,15:21:57,3.1,50,74400
20240115,15:22:12,3.1,50,74400
20240115,15:22:41,3.05,250,74400
20240115,15:22:54,3.0,1800,74400
20240115,15:23:06,3.1,1750,74400
20240115,15:23:19,3.05,1200,74400
20240115,15:23:43,3.1,1300,74400
20240115,15:23:55,3.1,1150,74400
20240115,15:24:19,3.05,50,74400
20240115,15:25:10,2.95,50,71900
20240115,15:25:22,2.95,200,71900
20240115,15:25:37,2.95,250,71900
20240115,15:25:53,2.85,3350,71900
20240115,15:26:08,2.85,100,71900
20240115,15:26:24,2.85,3850,71900
20240115,15:26:40,2.8,600,71900
20240115,15:26:56,2.8,3250,71900
20240115,15:27:15,2.75,500,71900
20240115,15:28:04,2.75,1100,78150
20240115,15:28:20,2.7,900,78150
20240115,15:28:54,2.85,1750,78150
20240115,15:29:11,2.9,1500,78150
20240115,15:29:28,3.0,7750,78150
20240115,15:29:46,3.1,350,78150
20240116,09:15:14,3.15,1,78000
20240116,09:15:14,2.75,1,78000
20240116,09:15:14,3.0,450,78000
20240116,09:15:32,2.95,3050,78000
20240116,09:15:50,3.0,200,78000
20240116,09:16:07,3.1,200,78000
20240116,09:16:40,3.0,1050,78000
20240116,09:16:56,3.0,100,78000
20240116,09:17:12,2.95,950,78000
20240116,09:17:46,2.95,1300,76450
20240116,09:18:51,2.95,200,76450
20240116,09:19:08,2.95,300,76450
20240116,09:20:14,2.9,100,76450
20240116,09:20:30,2.9,350,76450
20240116,09:20:47,2.9,50,77100
20240116,09:21:03,2.95,500,77100
20240116,09:21:33,2.9,550,77100
20240116,09:22:39,2.8,1800,77100
20240116,09:22:56,2.75,200,77100
20240116,09:23:12,2.75,100,77100
20240116,09:23:43,2.8,250,79000
20240116,09:23:59,2.75,3650,79000
20240116,09:24:14,2.75,100,79000
20240116,09:24:30,2.75,100,79000
20240116,09:25:01,2.75,50,79000
20240116,09:26:17,2.7,2150,79000
20240116,09:26:32,2.8,1250,79000
20240116,09:27:03,2.8,350,81900
20240116,09:27:35,2.8,750,81900
20240116,09:28:39,2.8,750,81900
20240116,09:28:55,2.8,250,81900
20240116,09:29:26,2.75,50,81900
20240116,09:29:57,2.8,450,84000
20240116,09:30:13,2.85,750,84000
20240116,09:31:14,2.85,1300,84000
20240116,09:31:45,2.85,300,84000
20240116,09:32:00,2.85,50,84000
20240116,09:32:16,2.85,350,84000
20240116,09:32:47,2.85,50,85150
20240116,09:33:18,2.95,2600,85150
20240116,09:33:34,2.85,4450,85150
20240116,09:33:50,2.85,100,85150
20240116,09:34:21,2.85,350,85150
20240116,09:34:37,2.85,50,85150
20240116,09:34:53,2.85,1500,85150
20240116,09:35:39,2.9,50,78200
20240116,09:35:55,2.9,150,78200
20240116,09:36:10,2.95,2850,78200
20240116,09:37:41,2.95,50,78200
20240116,09:38:55,2.95,100,76600
20240116,09:39:25,2.9,50,76600
20240116,09:39:40,2.9,300,76600
20240116,09:39:55,2.9,50,76600
20240116,09:40:10,2.9,100,76600
20240116,09:40:40,2.95,50,76600
20240116,09:40:54,2.9,50,76600
20240116,09:41:09,2.95,5900,76600
20240116,09:41:39,2.95,50,76700
20240116,09:42:09,2.95,2050,76700
20240116,09:42:24,2.95,150,76700
20240116,09:42:39,2.95,1800,76700
20240116,09:42:54,3.0,50,76700
20240116,09:43:40,3.0,100,76700
20240116,09:44:12,2.95,150,76700
20240116,09:44:59,3.0,50,78950
20240116,09:45:59,2.95,50,78950
20240116,09:46:14,2.95,50,78950
20240116,09:46:46,2.95,50,78950
20240116,09:47:21,2.95,50,78950
20240116,09:47:37,3.0,250,78950
20240116,09:47:54,3.0,200,78950
20240116,09:48:42,2.95,1500,78950
20240116,09:48:59,2.95,1000,78950
20240116,09:50:01,3.0,100,78950
20240116,09:50:16,2.95,50,78950
20240116,09:50:32,2.95,100,78950
20240116,09:51:17,3.0,250,81450
20240116,09:51:47,3.0,1550,81450
20240116,09:52:32,3.0,100,81450
20240116,09:52:48,3.0,150,81450
20240116,09:54:38,3.1,400,81750
20240116,09:58:07,3.0,100,82000
20240116,09:59:11,3.0,100,82000
20240116,10:01:00,3.0,200,82000
20240116,10:01:32,2.95,300,82000
20240116,10:01:49,2.95,50,82000
20240116,10:02:20,2.95,50,82000
20240116,10:02:34,2.95,450,82000
20240116,10:05:10,2.9,300,82100
20240116,10:05:41,2.95,450,82100
20240116,10:06:41,2.9,50,82100
20240116,10:06:56,2.95,150,82100
20240116,10:07:42,2.9,50,82100
20240116,10:08:12,2.95,50,82100
20240116,10:08:27,2.9,250,82100
20240116,10:09:27,2.95,50,82500
20240116,10:09:42,2.95,100,82500
20240116,10:10:57,3.0,200,82500
20240116,10:12:24,3.0,50,82450
20240116,10:12:54,3.0,300,82450
20240116,10:13:39,3.0,250,82450
20240116,10:14:51,3.0,250,82200
20240116,10:15:08,3.0,100,82200
20240116,10:15:23,3.0,50,82200
20240116,10:15:38,3.0,100,82200
20240116,10:16:23,3.0,200,82200
20240116,10:17:23,3.0,50,82200
20240116,10:17:52,2.95,50,82150
20240116,10:19:37,3.0,50,82150
20240116,10:20:04,3.0,250,82150
20240116,10:21:17,2.95,250,82450
20240116,10:21:31,3.0,50,82450
20240116,10:22:44,2.95,250,82450
20240116,10:22:59,2.95,250,82450
20240116,10:24:58,2.9,100,83250
20240116,10:25:13,2.9,50,83250
20240116,10:26:11,2.85,100,83250
20240116,10:26:26,2.9,50,83250
20240116,10:27:09,2.95,250,83200
20240116,10:27:24,2.95,250,83200
20240116,10:27:53,2.95,50,83200
20240116,10:28:23,2.95,450,83200
20240116,10:29:22,2.95,50,83200
20240116,10:30:06,2.95,300,83200
20240116,10:30:50,2.95,50,83200
20240116,10:32:18,2.95,50,83200
20240116,10:32:32,2.95,50,83200
20240116,10:33:00,2.9,100,83200
20240116,10:34:45,2.95,250,83200
20240116,10:35:50,2.95,100,83400
20240116,10:40:01,2.9,200,83450
20240116,10:40:17,2.95,100,83450
20240116,10:40:33,2.9,2000,83450
20240116,10:41:33,2.95,100,83450
20240116,10:42:03,2.95,50,85850
20240116,10:43:29,2.9,250,85850
20240116,10:46:37,2.95,300,85900
20240116,10:47:05,2.9,50,85900
20240116,10:47:49,2.9,250,85900
20240116,10:48:05,2.9,50,86200
20240116,10:49:30,2.85,250,86200
20240116,10:52:26,2.95,50,86500
20240116,10:52:53,2.9,50,86500
20240116,10:53:24,2.95,50,86500
20240116,10:54:36,2.85,100,86600
20240116,10:55:30,2.9,50,86600
20240116,10:55:59,2.85,50,86600
20240116,10:58:34,2.85,50,86600
20240116,10:58:48,2.85,500,86600
20240116,11:06:23,2.85,50,86600
20240116,11:07:04,2.85,500,86600
20240116,11:07:41,2.8,850,86600
20240116,11:09:45,2.85,100,87100
20240116,11:10:35,2.75,1800,87100
20240116,11:10:48,2.8,200,87100
20240116,11:11:02,2.85,250,87100
20240116,11:11:15,2.85,50,87100
20240116,11:11:28,2.8,50,87100
20240116,11:12:05,2.85,50,87250
20240116,11:12:46,2.85,50,87250
20240116,11:13:24,2.85,50,87250
20240116,11:17:52,2.85,500,87250
20240116,11:18:02,2.85,500,86750
20240116,11:20:08,2.8,50,86750
20240116,11:20:31,2.85,50,86750
20240116,11:20:43,2.8,200,86750
20240116,11:21:36,2.85,900,86050
20240116,11:21:50,2.85,100,86050
20240116,11:24:37,2.8,300,86050
20240116,11:26:16,2.85,50,86350
20240116,11:30:03,2.8,50,86100
20240116,11:30:27,2.85,50,86100
20240116,11:30:51,2.8,300,86100
20240116,11:31:03,2.85,100,86100
20240116,11:33:16,2.85,50,86250
20240116,11:33:39,2.85,450,86250
20240116,11:35:01,2.85,100,86250
20240116,11:36:54,2.8,50,86850
20240116,11:38:59,2.75,550,86800
20240116,11:39:09,2.8,50,86800
20240116,11:39:21,2.8,50,86800
20240116,11:39:56,2.8,200,86800
20240116,11:43:02,2.75,250,86800
20240116,11:43:49,2.75,50,86800
20240116,11:45:24,2.75,400,86800
20240116,11:46:07,2.75,350,86800
20240116,11:48:10,2.85,250,86800
20240116,11:49:34,2.9,2000,86800
20240116,11:52:28,2.8,50,88750
20240116,11:53:30,2.75,1000,88750
20240116,11:54:01,2.8,50,89750
20240116,11:55:25,2.8,150,89750
20240116,11:55:36,2.8,50,89750
20240116,11:55:46,2.85,1800,89750
20240116,11:56:07,2.85,50,89750
20240116,11:57:29,2.85,50,89750
20240116,12:00:57,2.75,250,89750
20240116,12:01:42,2.8,250,89750
20240116,12:06:11,2.8,250,89750
20240116,12:06:42,2.8,50,89750
20240116,12:07:12,2.75,1200,89750
20240116,12:07:33,2.75,400,89750
20240116,12:07:42,2.75,100,89750
20240116,12:08:02,2.75,50,89750
20240116,12:08:23,2.75,350,89750
20240116,12:08:35,2.75,200,89750
20240116,12:08:47,2.7,300,89750
20240116,12:09:10,2.7,550,90600
20240116,12:09:33,2.75,500,90600
20240116,12:10:24,2.75,450,90600
20240116,12:10:50,2.75,1700,90600
20240116,12:11:04,2.75,200,90600
20240116,12:11:16,2.75,300,90600
20240116,12:11:49,2.7,3500,90600
20240116,12:12:00,2.7,350,90600
20240116,12:12:11,2.75,50,95000
20240116,12:12:43,2.75,50,95000
20240116,12:14:09,2.75,100,95000
20240116,12:14:51,2.75,600,95000
20240116,12:16:49,2.8,1000,95000
20240116,12:17:02,2.8,50,95000
20240116,12:18:54,2.85,250,95000
20240116,12:22:14,2.8,50,95000
20240116,12:22:25,2.85,750,95000
20240116,12:22:34,2.8,50,95000
20240116,12:23:04,2.8,450,95000
20240116,12:23:14,2.85,500,95000
20240116,12:23:54,2.8,500,95000
20240116,12:24:36,2.8,250,93550
20240116,12:27:17,2.8,50,93300
20240116,12:28:25,2.8,250,93300
20240116,12:28:36,2.8,100,93300
20240116,12:29:00,2.8,50,93300
20240116,12:32:02,2.8,1000,93300
20240116,12:33:01,2.75,50,93300
20240116,12:36:23,2.75,450,93300
20240116,12:40:06,2.75,100,93250
20240116,12:40:20,2.75,50,93250
20240116,12:41:34,2.75,50,93250
20240116,12:42:01,2.75,50,93250
20240116,12:53:41,2.75,100,93300
20240116,12:55:19,2.7,250,93300
20240116,12:55:40,2.75,250,93300
20240116,12:55:50,2.75,150,93300
20240116,12:56:00,2.7,500,93300
20240116,12:56:21,2.75,50,93300
20240116,12:57:21,2.7,250,93300
20240116,12:57:53,2.7,250,93300
20240116,12:59:32,2.7,250,93300
20240116,13:01:39,2.65,200,93300
20240116,13:01:50,2.65,50,93300
20240116,13:03:46,2.7,50,93300
20240116,13:03:57,2.65,350,93300
20240116,13:04:36,2.6,950,93300
20240116,13:05:59,2.6,1500,93300
20240116,13:06:28,2.65,550,93500
20240116,13:06:55,2.65,200,93500
20240116,13:07:50,2.65,50,93500
20240116,13:08:23,2.65,50,93500
20240116,13:08:33,2.65,250,93500
20240116,13:09:51,2.6,50,92800
20240116,13:10:57,2.6,50,92800
20240116,13:11:46,2.7,1100,92800
20240116,13:11:57,2.7,650,92800
20240116,13:12:08,2.7,350,91500
20240116,13:13:20,2.7,250,91500
20240116,13:13:37,2.7,250,91500
20240116,13:13:53,2.7,1200,91500
20240116,13:14:33,2.7,50,91500
20240116,13:15:18,2.7,1800,89950
20240116,13:15:28,2.65,1900,89950
20240116,13:15:39,2.6,3650,89950
20240116,13:15:51,2.6,2050,89950
20240116,13:16:02,2.65,300,89950
20240116,13:16:35,2.7,750,89950
20240116,13:16:47,2.75,100,89950
20240116,13:17:11,2.75,50,89950
20240116,13:17:23,2.75,500,89950
20240116,13:18:05,2.75,100,89950
20240116,13:20:25,2.7,50,85550
20240116,13:20:49,2.7,1800,85550
20240116,13:23:53,2.75,100,86150
20240116,13:25:31,2.7,50,86250
20240116,13:26:06,2.75,250,86250
20240116,13:29:36,2.7,1800,86500
20240116,13:30:22,2.75,100,88300
20240116,13:32:01,2.75,250,88300
20240116,13:32:36,2.75,50,88300
20240116,13:33:22,2.8,5550,88700
20240116,13:33:58,2.75,50,88700
20240116,13:35:02,2.75,500,88700
20240116,13:35:46,2.8,150,88700
20240116,13:36:00,2.8,100,88700
20240116,13:36:47,2.75,1150,92000
20240116,13:37:20,2.75,2100,92000
20240116,13:37:35,2.75,50,92000
20240116,13:37:50,2.8,500,92000
20240116,13:39:06,2.8,50,92000
20240116,13:39:22,2.8,200,91500
20240116,13:39:37,2.75,50,91500
20240116,13:40:33,2.75,50,91500
20240116,13:40:59,2.75,100,91500
20240116,13:41:25,2.85,600,91500
20240116,13:42:04,2.8,50,91500
20240116,13:42:52,2.8,700,92100
20240116,13:43:16,2.85,50,92100
20240116,13:43:53,2.8,400,92100
20240116,13:44:30,2.85,800,92100
20240116,13:44:44,2.85,50,92100
20240116,13:45:23,2.8,3100,91300
20240116,13:45:35,2.85,50,91300
20240116,13:46:00,2.9,100,91300
20240116,13:46:26,2.85,50,91300
20240116,13:46:40,2.8,800,91300
20240116,13:47:06,2.75,900,91300
20240116,13:47:31,2.75,150,91300
20240116,13:47:56,2.8,150,91300
20240116,13:48:08,2.8,200,91300
20240116,13:51:06,2.85,50,91750
20240116,13:52:00,2.85,50,91750
20240116,13:52:25,2.85,50,91750
20240116,13:53:16,2.8,150,91750
20240116,13:53:28,2.8,250,91750
20240116,13:53:41,2.8,100,91750
20240116,13:55:04,2.85,200,91800
20240116,13:55:52,2.9,2000,91800
20240116,13:56:26,2.9,250,91800
20240116,13:57:51,2.85,700,92550
20240116,14:03:45,2.9,700,92150
20240116,14:04:18,2.9,250,92150
20240116,14:05:01,2.85,50,92150
20240116,14:05:46,2.85,50,92150
20240116,14:05:57,2.85,50,92150
20240116,14:06:43,2.8,500,92150
20240116,14:07:05,2.8,200,92150
20240116,14:07:28,2.85,50,92150
20240116,14:07:39,2.8,450,92150
20240116,14:07:50,2.8,450,92150
20240116,14:08:14,2.8,500,92150
20240116,14:08:25,2.8,450,92150
20240116,14:09:11,2.8,200,92150
20240116,14:09:23,2.8,100,94150
20240116,14:09:34,2.8,500,94150
20240116,14:09:45,2.8,500,94150
20240116,14:09:56,2.85,250,94150
20240116,14:10:06,2.9,550,94150
20240116,14:10:18,2.8,400,94150
20240116,14:11:24,2.85,50,94150
20240116,14:12:08,2.8,1000,94150
20240116,14:12:19,2.8,1000,96050
20240116,14:12:32,2.75,500,96050
20240116,14:12:45,2.75,750,96050
20240116,14:13:12,2.8,250,96050
20240116,14:13:38,2.8,50,96050
20240116,14:13:51,2.75,500,96050
20240116,14:14:16,2.75,50,96050
20240116,14:17:21,2.8,1950,96050
20240116,14:17:42,2.85,1800,96050
20240116,14:18:14,2.85,50,96050
20240116,14:18:46,2.9,900,98050
20240116,14:19:19,2.85,50,98050
20240116,14:19:40,2.8,250,98050
20240116,14:19:50,2.85,50,98050
20240116,14:20:23,2.8,1800,98050
20240116,14:20:34,2.8,150,98050
20240116,14:20:59,2.75,50,98050
20240116,14:24:18,2.75,100,98150
20240116,14:24:40,2.8,50,98150
20240116,14:25:11,2.8,1800,98150
20240116,14:29:53,2.8,100,100100
20240116,14:31:44,2.75,250,100200
20240116,14:32:07,2.75,50,100200
20240116,14:32:30,2.75,900,100200
20240116,14:32:41,2.75,100,100200
20240116,14:35:59,2.7,150,99200
20240116,14:36:28,2.7,50,99250
20240116,14:37:44,2.75,50,99250
20240116,14:39:26,2.8,50,99250
20240116,14:40:38,2.8,50,99250
20240116,14:43:37,2.75,250,99350
20240116,14:44:47,2.75,2000,99350
20240116,14:45:54,2.7,900,100100
20240116,14:46:16,2.75,50,100100
20240116,14:46:51,2.8,300,100100
20240116,14:47:44,2.7,150,100100
20240116,14:48:05,2.7,50,100100
20240116,14:48:15,2.7,250,100350
20240116,14:49:13,2.7,150,100350
20240116,14:49:35,2.7,50,100350
20240116,14:49:47,2.65,50,100350
20240116,14:50:10,2.65,50,100350
20240116,14:50:22,2.65,50,100350
20240116,14:50:33,2.65,150,100350
20240116,14:50:46,2.6,50,100350
20240116,14:50:57,2.6,50,100350
20240116,14:51:19,2.6,50,100350
20240116,14:51:42,2.6,50,100300
20240116,14:51:54,2.6,1300,100300
20240116,14:52:07,2.6,50,100300
20240116,14:52:32,2.6,50,100300
20240116,14:52:44,2.65,600,100300
20240116,14:53:31,2.6,50,100300
20240116,14:53:43,2.6,50,100300
20240116,14:53:55,2.65,2050,100300
20240116,14:54:06,2.6,50,100300
20240116,14:54:17,2.65,150,100300
20240116,14:54:28,2.6,100,102050
20240116,14:54:40,2.6,50,102050
20240116,14:54:53,2.6,50,102050
20240116,14:55:03,2.6,50,102050
20240116,14:55:14,2.6,50,102050
20240116,14:57:00,2.65,550,102050
20240116,14:57:43,2.7,100,102350
20240116,14:57:54,2.7,450,102350
20240116,14:58:05,2.7,50,102350
20240116,14:58:28,2.65,50,102350
20240116,14:59:13,2.65,50,102350
20240116,14:59:25,2.65,50,102350
20240116,15:00:16,2.6,250,102350
20240116,15:00:56,2.6,250,102000
20240116,15:01:20,2.65,150,102000
20240116,15:01:43,2.65,50,102000
20240116,15:02:09,2.6,1750,102000
20240116,15:02:47,2.65,50,102000
20240116,15:03:11,2.65,50,102000
20240116,15:03:33,2.65,50,101700
20240116,15:03:45,2.65,50,101700
20240116,15:04:30,2.7,50,101700
20240116,15:05:29,2.65,250,101700
20240116,15:07:33,2.7,2000,101750
20240116,15:08:07,2.7,1500,101750
20240116,15:08:19,2.7,200,101750
20240116,15:09:03,2.7,150,101750
20240116,15:09:15,2.7,50,101750
20240116,15:09:38,2.75,150,101650
20240116,15:09:48,2.75,50,101650
20240116,15:10:11,2.75,50,101650
20240116,15:12:06,2.65,2350,101650
20240116,15:12:31,2.65,600,103350
20240116,15:13:07,2.6,50,103350
20240116,15:13:18,2.65,300,103350
20240116,15:13:31,2.65,450,103350
20240116,15:13:56,2.65,1800,103350
20240116,15:14:31,2.65,100,103350
20240116,15:15:08,2.65,200,103350
20240116,15:15:21,2.6,150,105950
20240116,15:15:34,2.65,250,105950
20240116,15:15:47,2.65,600,105950
20240116,15:15:59,2.65,50,105950
20240116,15:16:11,2.6,100,105950
20240116,15:16:23,2.6,50,105950
20240116,15:16:36,2.6,100,105950
20240116,15:16:49,2.5,1000,105950
20240116,15:17:03,2.5,100,105950
20240116,15:17:17,2.5,2350,105950
20240116,15:17:29,2.55,150,105950
20240116,15:17:42,2.5,200,105950
20240116,15:17:54,2.55,150,105950
20240116,15:18:30,2.6,50,105150
20240116,15:18:42,2.55,50,105150
20240116,15:19:30,2.55,100,105150
20240116,15:19:43,2.6,500,105150
20240116,15:21:09,2.55,50,105150
20240116,15:21:44,2.55,100,105450
20240116,15:22:56,2.6,50,105450
20240116,15:24:15,2.55,50,105450
20240116,15:25:29,2.5,800,105450
20240116,15:25:42,2.45,50,105450
20240116,15:25:55,2.4,1350,105450
20240116,15:26:43,2.4,700,105450
20240116,15:26:55,2.35,500,105450
20240116,15:27:07,2.35,400,105450
20240116,15:27:19,2.4,50,105450
20240116,15:27:31,2.35,1550,104950
20240116,15:28:09,2.35,300,104950
20240116,15:28:45,2.35,400,104950
20240116,15:28:59,2.45,150,104950
20240116,15:29:12,2.5,1400,104950
20240116,15:29:38,2.35,50,104950
20240116,15:29:52,2.65,300,104950
20240117,09:15:14,2.5,1,104850
20240117,09:15:14,2.5,50,104850
20240117,09:15:27,2.15,1050,104850
20240117,09:15:39,2.15,100,104850
20240117,09:15:49,2.15,400,104850
20240117,09:16:00,2.15,50,104850
20240117,09:16:11,2.15,300,104850
20240117,09:16:22,2.9,200,104850
20240117,09:16:55,2.55,300,104850
20240117,09:17:08,3.2,4500,104850
20240117,09:17:20,2.55,1350,104850
20240117,09:17:32,2.6,4950,104850
20240117,09:17:57,2.6,350,107650
20240117,09:18:58,2.65,650,107650
20240117,09:19:10,2.6,1800,107650
20240117,09:19:22,2.6,500,107650
20240117,09:19:32,2.55,100,107650
20240117,09:19:42,2.55,2050,107650
20240117,09:19:53,2.5,2400,107650
20240117,09:20:03,2.5,100,107650
20240117,09:20:12,2.5,50,107650
20240117,09:20:32,2.55,250,107650
20240117,09:21:02,2.55,1300,101150
20240117,09:21:12,2.55,300,101150
20240117,09:21:24,2.65,700,101150
20240117,09:21:35,2.6,100,101150
20240117,09:21:46,2.6,1500,101150
20240117,09:21:58,2.65,1050,101150
20240117,09:22:09,2.75,650,101150
20240117,09:22:21,2.75,300,101150
20240117,09:22:41,2.8,2200,101150
20240117,09:22:51,2.85,200,101150
20240117,09:23:01,2.9,300,101150
20240117,09:23:12,2.95,750,101150
20240117,09:23:22,2.95,50,101150
20240117,09:23:33,3.0,200,101150
20240117,09:23:44,3.05,250,102500
20240117,09:23:55,3.05,50,102500
20240117,09:24:04,3.05,100,102500
20240117,09:24:25,3.15,350,102500
20240117,09:24:34,3.1,150,102500
20240117,09:24:44,3.1,50,102500
20240117,09:24:54,3.15,1750,102500
20240117,09:25:14,3.15,100,102500
20240117,09:25:25,3.15,200,102500
20240117,09:25:36,3.2,1050,102500
20240117,09:25:57,3.2,700,102500
20240117,09:26:18,3.2,600,102500
20240117,09:26:29,3.25,200,102500
20240117,09:26:50,3.25,250,104500
20240117,09:27:01,3.25,650,104500
20240117,09:27:12,3.25,1900,104500
20240117,09:27:23,3.2,100,104500
20240117,09:27:44,3.25,300,104500
20240117,09:27:54,3.2,5850,104500
20240117,09:28:14,3.2,750,104500
20240117,09:28:24,3.2,100,104500
20240117,09:28:45,3.2,100,104500
20240117,09:28:55,3.15,50,104500
20240117,09:29:06,3.2,150,104500
20240117,09:29:16,3.15,100,104500
20240117,09:29:26,3.15,50,104500
20240117,09:29:36,3.15,750,104500
20240117,09:29:47,3.15,50,103800
20240117,09:29:56,3.15,50,103800
20240117,09:30:06,3.2,2000,103800
20240117,09:30:47,3.2,850,103800
20240117,09:31:18,3.25,3050,103800
20240117,09:31:29,3.2,1250,103800
20240117,09:31:49,3.2,50,103800
20240117,09:32:41,3.25,50,100100
20240117,09:33:03,3.25,550,100100
20240117,09:33:14,3.2,3300,100100
20240117,09:33:26,3.25,4100,100100
20240117,09:33:37,3.25,900,100100
20240117,09:33:47,3.25,250,100100
20240117,09:34:28,3.3,250,100100
20240117,09:34:58,3.3,250,100100
20240117,09:35:09,3.25,100,100100
20240117,09:35:22,3.25,400,100100
20240117,09:35:41,3.25,200,97900
20240117,09:35:51,3.25,1800,97900
20240117,09:36:11,3.25,100,97900
20240117,09:36:20,3.3,100,97900
20240117,09:36:59,3.25,50,97900
20240117,09:37:08,3.3,200,97900
20240117,09:37:37,3.3,500,97900
20240117,09:38:06,3.25,1600,97900
20240117,09:38:26,3.25,150,97900
20240117,09:38:53,3.2,1800,97850
20240117,09:39:32,3.25,50,97850
20240117,09:39:42,3.2,1000,97850
20240117,09:40:01,3.2,100,97850
20240117,09:40:21,3.2,500,97850
20240117,09:40:30,3.2,50,97850
20240117,09:40:40,3.2,200,97850
20240117,09:41:08,3.15,350,97850
20240117,09:41:19,3.15,950,97850
20240117,09:41:30,3.15,50,97850
20240117,09:42:09,3.15,100,99250
20240117,09:42:19,3.1,6400,99250
20240117,09:42:39,3.1,1750,99250
20240117,09:42:49,3.1,500,99250
20240117,09:43:18,3.1,50,99250
20240117,09:43:28,3.15,200,99250
20240117,09:44:29,3.2,3600,99250
20240117,09:44:39,3.15,50,99250
20240117,09:44:49,3.2,50,100850
20240117,09:44:59,3.15,50,100850
20240117,09:45:08,3.2,500,100850
20240117,09:45:37,3.2,200,100850
20240117,09:46:05,3.15,50,100850
20240117,09:46:41,3.15,100,100850
20240117,09:47:26,3.1,1500,100850
20240117,09:47:35,3.15,50,100850
20240117,09:47:44,3.1,2850,102350
20240117,09:47:55,3.05,350,102350
20240117,09:48:07,3.1,250,102350
20240117,09:48:19,3.05,250,102350
20240117,09:48:56,3.1,50,102350
20240117,09:49:26,3.05,50,102350
20240117,09:49:44,3.05,50,102350
20240117,09:49:53,3.1,2050,102350
20240117,09:50:02,3.1,200,102350
20240117,09:50:36,3.15,2100,102350
20240117,09:50:44,3.15,150,104150
20240117,09:50:52,3.05,300,104150
20240117,09:52:37,3.15,200,104150
20240117,09:52:47,3.2,50,104150
20240117,09:53:30,3.2,200,104150
20240117,09:54:18,3.2,2000,104050
20240117,09:54:28,3.25,100,104050
20240117,09:54:48,3.2,200,104050
20240117,09:54:58,3.2,700,104050
20240117,09:55:38,3.15,550,104050
20240117,09:56:10,3.1,550,104050
20240117,09:57:22,3.15,300,103900
20240117,09:58:40,3.05,2050,103900
20240117,09:58:50,3.05,1100,103900
20240117,09:59:00,3.0,300,103900
20240117,09:59:21,3.0,250,103900
20240117,10:00:02,3.0,1400,106800
20240117,10:00:12,3.0,950,106800
20240117,10:00:24,3.0,100,106800
20240117,10:00:34,3.0,500,106800
20240117,10:00:53,3.05,250,106800
20240117,10:01:22,3.0,800,106800
20240117,10:01:31,3.0,250,106800
20240117,10:01:41,3.0,150,106800
20240117,10:02:01,3.0,2000,106800
20240117,10:02:30,3.0,1250,106800
20240117,10:02:40,3.0,400,106800
20240117,10:03:40,2.95,1150,107250
20240117,10:04:22,2.9,300,107250
20240117,10:04:34,2.9,150,107250
20240117,10:05:26,2.9,1700,107250
20240117,10:05:38,2.9,200,107250
20240117,10:06:04,2.85,2950,108200
20240117,10:06:19,2.9,2500,108200
20240117,10:06:32,2.9,700,108200
20240117,10:06:44,2.9,100,108200
20240117,10:07:09,2.85,1800,108200
20240117,10:07:33,2.9,1900,108200
20240117,10:08:36,2.95,350,108200
20240117,10:09:12,2.9,100,117550
20240117,10:09:37,2.9,50,117550
20240117,10:09:49,2.85,550,117550
20240117,10:10:25,2.85,50,117550
20240117,10:11:14,2.85,4250,117550
20240117,10:11:50,2.85,750,116900
20240117,10:12:25,2.9,50,116900
20240117,10:12:37,2.9,50,116900
20240117,10:13:12,2.9,400,116900
20240117,10:13:24,2.95,3300,116900
20240117,10:13:36,2.95,4500,116900
20240117,10:13:48,3.0,6000,116900
20240117,10:14:00,3.0,4800,116900
20240117,10:14:11,3.0,4850,116900
20240117,10:14:23,3.0,50,116900
20240117,10:14:58,3.0,1500,125100
20240117,10:15:22,3.0,300,125100
20240117,10:15:33,3.05,400,125100
20240117,10:16:10,3.0,50,125100
20240117,10:16:23,3.05,250,125100
20240117,10:16:35,3.05,300,125100
20240117,10:16:47,3.1,2400,125100
20240117,10:17:46,3.05,500,125100
20240117,10:17:58,3.05,100,127800
20240117,10:19:58,3.0,250,127800
20240117,10:20:10,3.05,100,127800
20240117,10:20:34,3.1,50,127800
20240117,10:21:35,3.05,200,127800
20240117,10:21:58,3.05,100,127800
20240117,10:22:21,3.05,50,127800
20240117,10:22:45,3.0,50,127800
20240117,10:22:57,3.0,150,127800
20240117,10:24:00,3.05,200,127900
20240117,10:24:13,3.05,50,127900
20240117,10:24:37,3.0,400,127900
20240117,10:24:49,3.0,500,127900
20240117,10:26:29,3.05,550,127900
20240117,10:27:06,3.05,650,129200
20240117,10:27:19,3.1,1200,129200
20240117,10:27:34,3.1,2000,129200
20240117,10:27:48,3.05,1000,129200
20240117,10:28:00,3.1,800,129200
20240117,10:28:12,3.1,100,129200
20240117,10:28:38,3.05,150,129200
20240117,10:28:50,3.05,600,129200
20240117,10:29:40,3.0,600,129200
20240117,10:29:52,3.1,2200,131650
20240117,10:30:05,3.1,5400,131650
20240117,10:30:17,3.1,100,131650
20240117,10:30:30,3.1,800,131650
20240117,10:31:32,3.15,5050,131650
20240117,10:31:45,3.15,4400,131650
20240117,10:31:57,3.15,1000,131650
20240117,10:33:00,3.15,300,146850
20240117,10:33:12,3.15,100,146850
20240117,10:34:07,3.1,250,146850
20240117,10:37:26,3.15,2100,147500
20240117,10:37:41,3.15,1800,147500
20240117,10:37:55,3.15,750,147500
20240117,10:38:22,3.1,200,147500
20240117,10:38:35,3.15,50,147500
20240117,10:39:13,3.1,50,147900
20240117,10:39:26,3.15,1700,147900
20240117,10:39:39,3.2,3300,147900
20240117,10:39:54,3.25,4950,147900
20240117,10:40:08,3.3,850,147900
20240117,10:40:23,3.3,1600,147900
20240117,10:40:37,3.3,150,147900
20240117,10:41:04,3.3,500,147900
20240117,10:41:18,3.3,2150,147900
20240117,10:41:32,3.3,700,147900
20240117,10:41:46,3.25,4500,147900
20240117,10:42:00,3.3,100,153000
20240117,10:42:28,3.25,200,153000
20240117,10:42:42,3.25,100,153000
20240117,10:43:40,3.25,100,153000
20240117,10:44:37,3.25,250,153000
20240117,10:46:28,3.25,150,152950
20240117,10:46:42,3.3,1250,152950
20240117,10:46:55,3.35,50,152950
20240117,10:47:10,3.35,50,152950
20240117,10:47:51,3.35,2300,151650
20240117,10:48:04,3.4,3000,151650
20240117,10:49:50,3.4,2300,151650
20240117,10:50:05,3.4,200,151650
20240117,10:50:34,3.4,50,151650
20240117,10:51:01,3.4,1000,156400
20240117,10:52:48,3.4,400,156400
20240117,10:53:30,3.45,3200,156400
20240117,10:55:20,3.45,350,155000
20240117,10:55:50,3.45,400,155000
20240117,10:56:46,3.45,150,155000
20240117,11:00:01,3.45,50,154550
20240117,11:00:15,3.4,50,154550
20240117,11:01:53,3.45,200,154550
20240117,11:02:35,3.4,50,154550
20240117,11:04:37,3.5,50,154400
20240117,11:05:18,3.5,50,154400
20240117,11:07:10,3.5,550,154400
20240117,11:07:38,3.45,50,154400
20240117,11:08:33,3.5,50,154400
20240117,11:09:01,3.5,7700,153800
20240117,11:09:16,3.45,1000,153800
20240117,11:09:43,3.3,7500,153800
20240117,11:10:08,3.45,150,153800
20240117,11:10:47,3.45,50,153800
20240117,11:12:05,3.45,1350,146900
20240117,11:12:18,3.45,150,146900
20240117,11:12:31,3.4,200,146900
20240117,11:12:45,3.4,50,146900
20240117,11:12:58,3.45,50,146900
20240117,11:14:05,3.4,50,146900
20240117,11:15:12,3.35,50,146550
20240117,11:15:26,3.35,100,146550
20240117,11:15:39,3.35,1800,146550
20240117,11:16:34,3.4,250,146550
20240117,11:17:02,3.4,250,146550
20240117,11:18:29,3.4,950,146800
20240117,11:20:17,3.35,50,146800
20240117,11:21:09,3.4,1050,145850
20240117,11:21:22,3.35,2100,145850
20240117,11:21:35,3.35,1000,145850
20240117,11:21:48,3.35,1550,145850
20240117,11:22:01,3.3,2000,145850
20240117,11:22:14,3.3,1000,145850
20240117,11:22:26,3.25,1000,145850
20240117,11:22:40,3.3,1000,145850
20240117,11:23:50,3.35,1450,145850
20240117,11:24:41,3.35,100,152000
20240117,11:25:09,3.35,100,152000
20240117,11:25:34,3.35,150,152000
20240117,11:25:48,3.35,50,152000
20240117,11:26:28,3.3,100,152000
20240117,11:27:05,3.25,50,151950
20240117,11:27:44,3.35,1300,151950
20240117,11:27:57,3.35,50,151950
20240117,11:28:34,3.35,200,151950
20240117,11:28:46,3.35,500,151950
20240117,11:28:59,3.35,50,151950
20240117,11:29:48,3.3,500,151950
20240117,11:30:01,3.3,500,151450
20240117,11:30:15,3.25,1800,151450
20240117,11:30:28,3.25,500,151450
20240117,11:30:41,3.2,3800,151450
20240117,11:30:54,3.2,500,151450
20240117,11:31:47,3.3,500,151450
20240117,11:34:11,3.3,50,154250
20240117,11:34:27,3.3,500,154250
20240117,11:34:43,3.35,50,154250
20240117,11:35:36,3.35,250,154250
20240117,11:36:03,3.25,550,153650
20240117,11:36:17,3.2,300,153650
20240117,11:37:10,3.2,50,153650
20240117,11:37:24,3.2,1500,153650
20240117,11:37:50,3.3,1000,153650
20240117,11:38:03,3.3,650,153650
20240117,11:39:52,3.3,50,153650
20240117,11:40:05,3.35,650,155050
20240117,11:40:19,3.4,250,155050
20240117,11:40:33,3.45,350,155050
20240117,11:42:48,3.6,100,156100
20240117,11:43:50,3.8,200,156100
20240117,11:44:04,3.75,250,156100
20240117,11:44:46,3.75,100,156100
20240117,11:45:13,3.75,50,156050
20240117,11:45:53,3.8,150,156050
20240117,11:46:06,3.85,50,156050
20240117,11:47:38,3.85,1750,156050
20240117,11:48:05,3.85,1200,155300
20240117,11:49:11,3.85,600,155300
20240117,11:49:24,3.85,500,155300
20240117,11:49:37,3.9,250,155300
20240117,11:50:15,3.9,50,155300
20240117,11:50:28,3.95,100,155300
20240117,11:50:41,3.95,300,155300
20240117,11:50:54,3.9,2550,155300
20240117,11:51:07,3.95,3750,156050
20240117,11:51:32,3.95,100,156050
20240117,11:51:44,3.9,200,156050
20240117,11:52:23,3.9,1050,156050
20240117,11:52:38,3.95,650,156050
20240117,11:52:52,3.95,100,156050
20240117,11:53:30,3.9,1500,156050
20240117,11:54:23,3.9,50,160200
20240117,11:54:36,3.9,50,160200
20240117,11:54:49,3.85,50,160200
20240117,11:55:40,3.8,50,160200
20240117,11:56:19,3.8,100,160200
20240117,11:56:31,3.85,1150,160200
20240117,11:56:43,3.9,1000,160200
20240117,11:57:45,3.9,50,161250
20240117,11:58:10,3.85,300,161250
20240117,11:59:02,3.85,50,161250
20240117,11:59:15,3.85,250,161250
20240117,12:00:19,3.95,100,161200
20240117,12:01:10,3.85,300,161200
20240117,12:01:38,3.95,150,161200
20240117,12:02:34,3.95,800,161200
20240117,12:02:48,3.95,400,161200
20240117,12:03:03,4.0,900,160700
20240117,12:03:30,4.15,1500,160700
20240117,12:03:43,4.05,5200,160700
20240117,12:04:22,4.05,800,160700
20240117,12:04:35,4.05,300,160700
20240117,12:04:48,4.0,300,160700
20240117,12:05:12,4.0,1400,160700
20240117,12:05:50,3.95,50,160700
20240117,12:06:19,4.1,200,160300
20240117,12:06:35,4.1,6300,160300
20240117,12:07:02,4.05,300,160300
20240117,12:07:16,4.15,2600,160300
20240117,12:07:30,4.2,3250,160300
20240117,12:07:43,4.25,4700,160300
20240117,12:07:57,4.2,5400,160300
20240117,12:08:10,4.2,750,160300
20240117,12:08:24,4.2,2500,160300
20240117,12:08:38,4.3,2600,160300
20240117,12:09:31,4.3,5550,182700
20240117,12:09:44,4.2,300,182700
20240117,12:10:35,4.45,13250,182700
20240117,12:10:48,5.35,7450,182700
20240117,12:11:01,4.3,50,182700
20240117,12:11:53,4.25,300,182700
20240117,12:12:06,4.25,350,182700
20240117,12:13:12,4.25,200,201000
20240117,12:13:55,4.25,500,201000
20240117,12:14:33,4.25,50,201000
20240117,12:15:02,4.25,2950,201000
20240117,12:15:17,4.25,150,204700
20240117,12:15:32,4.25,4150,204700
20240117,12:15:47,4.25,750,204700
20240117,12:16:01,4.25,1250,204700
20240117,12:16:41,4.25,1550,204700
20240117,12:16:55,4.2,4000,204700
20240117,12:17:08,4.2,200,204700
20240117,12:17:34,4.15,50,204700
20240117,12:17:48,4.1,950,204700
20240117,12:19:59,4.0,50,202950
20240117,12:20:12,4.05,100,202950
20240117,12:20:25,4.0,2200,202950
20240117,12:20:40,4.0,50,202950
20240117,12:20:53,3.95,1800,202950
20240117,12:21:05,3.9,100,205000
20240117,12:21:17,3.9,1000,205000
20240117,12:21:30,3.95,900,205000
20240117,12:22:19,3.95,1300,205000
20240117,12:23:19,3.95,4800,205000
20240117,12:23:31,4.0,1200,205000
20240117,12:23:43,3.95,1500,205000
20240117,12:23:56,3.95,50,205000
20240117,12:24:09,3.95,50,205000
20240117,12:24:22,4.0,1550,211150
20240117,12:24:34,4.0,1850,211150
20240117,12:24:48,4.0,50,211150
20240117,12:25:01,4.0,1950,211150
20240117,12:25:14,4.0,300,211150
20240117,12:26:19,3.95,1500,211150
20240117,12:26:31,3.95,1000,211150
20240117,12:27:09,4.0,250,215650
20240117,12:27:21,3.95,8550,215650
20240117,12:27:34,4.0,5300,215650
20240117,12:28:11,4.05,50,215650
20240117,12:28:49,4.0,50,215650
20240117,12:29:16,4.05,50,215650
20240117,12:29:55,3.9,1000,215650
20240117,12:30:07,3.95,1250,205850
20240117,12:30:20,3.95,200,205850
20240117,12:30:32,4.0,500,205850
20240117,12:30:44,4.0,300,205850
20240117,12:31:22,4.1,250,205850
20240117,12:32:11,4.0,500,205850
20240117,12:32:23,4.0,750,205850
20240117,12:32:37,3.95,900,205850
20240117,12:32:51,3.95,2000,205850
20240117,12:33:26,3.9,700,205250
20240117,12:34:13,3.85,1800,205250
20240117,12:35:03,3.85,750,205250
20240117,12:36:02,3.85,2100,206450
20240117,12:36:14,3.85,50,206450
20240117,12:40:08,3.8,50,207900
20240117,12:40:55,3.8,200,207900
20240117,12:41:30,3.8,1900,207900
20240117,12:42:05,3.8,2050,207900
20240117,12:42:16,3.9,100,210250
20240117,12:42:29,3.9,300,210250
20240117,12:42:42,3.85,50,210250
20240117,12:43:18,3.9,50,210250
20240117,12:43:55,3.9,500,210250
20240117,12:44:08,3.9,250,210250
20240117,12:46:12,3.75,1800,210650
20240117,12:46:37,3.7,50,210650
20240117,12:46:49,3.7,50,210650
20240117,12:47:01,3.7,1800,210650
20240117,12:49:24,3.75,400,209300
20240117,12:49:36,3.65,50,209300
20240117,12:49:48,3.75,250,209300
20240117,12:52:24,3.7,300,209950
20240117,12:53:02,3.75,250,209950
20240117,12:53:39,3.7,950,209950
20240117,12:53:51,3.65,1100,209950
20240117,12:54:15,3.7,700,208550
20240117,12:54:28,3.7,900,208550
20240117,12:55:07,3.7,100,208550
20240117,12:55:58,3.7,550,208550
20240117,12:57:40,3.65,500,208350
20240117,12:58:04,3.65,50,208350
20240117,12:58:15,3.65,50,208350
20240117,12:59:03,3.7,500,208350
20240117,12:59:50,3.65,650,208350
20240117,13:00:03,3.65,100,208350
20240117,13:00:15,3.7,300,208250
20240117,13:01:05,3.65,300,208250
20240117,13:01:18,3.7,650,208250
20240117,13:01:42,3.7,400,208250
20240117,13:01:54,3.7,200,208250
20240117,13:02:43,3.65,100,208250
20240117,13:03:44,3.75,300,207950
20240117,13:03:56,3.75,500,207950
20240117,13:04:09,3.75,250,207950
20240117,13:04:20,3.75,250,207950
20240117,13:04:45,3.7,1000,207950
20240117,13:06:19,3.75,550,208950
20240117,13:06:54,3.75,250,208950
20240117,13:07:06,3.75,50,208950
20240117,13:07:17,3.75,1150,208950
20240117,13:07:28,3.75,2300,208950
20240117,13:07:40,3.75,300,208950
20240117,13:09:02,3.7,1000,208950
20240117,13:09:25,3.75,3050,209700
20240117,13:09:36,3.7,3600,209700
20240117,13:10:43,3.65,1000,209700
20240117,13:10:55,3.65,500,209700
20240117,13:11:07,3.65,1650,209700
20240117,13:11:18,3.65,250,209700
20240117,13:11:41,3.7,2700,209700
20240117,13:11:53,3.75,1500,209700
20240117,13:12:05,3.7,400,209700
20240117,13:12:17,3.7,1500,214600
20240117,13:12:28,3.75,500,214600
20240117,13:13:19,3.75,150,214600
20240117,13:13:32,3.75,1550,214600
20240117,13:13:44,3.75,600,214600
20240117,13:13:56,3.7,600,214600
20240117,13:14:31,3.75,200,214600
20240117,13:14:57,3.75,3150,214600
20240117,13:15:10,3.75,1050,214600
20240117,13:15:22,3.7,450,218800
20240117,13:15:34,3.75,250,218800
20240117,13:16:12,3.75,250,218800
20240117,13:16:49,3.75,300,218800
20240117,13:17:58,3.7,50,218800
20240117,13:18:09,3.7,5200,218800
20240117,13:18:20,3.75,1250,223350
20240117,13:19:05,3.75,2350,223350
20240117,13:21:14,3.7,50,222800
20240117,13:21:49,3.6,1000,222800
20240117,13:22:13,3.6,200,222800
20240117,13:23:32,3.6,500,222800
20240117,13:23:54,3.65,200,222800
20240117,13:28:00,3.7,200,221900
20240117,13:28:11,3.6,200,221900
20240117,13:28:21,3.65,200,221900
20240117,13:30:43,3.65,4000,221900
20240117,13:30:53,3.8,16550,221900
20240117,13:31:05,3.85,6400,221900
20240117,13:31:16,4.15,11500,221900
20240117,13:31:27,4.25,9100,221900
20240117,13:31:39,4.3,400,221900
20240117,13:31:51,4.35,350,221900
20240117,13:32:02,4.3,1050,221900
20240117,13:32:13,4.3,1800,221900
20240117,13:32:35,4.3,1050,221900
20240117,13:33:09,4.3,2100,221900
20240117,13:33:19,4.2,16750,257550
20240117,13:33:29,4.2,350,257550
20240117,13:33:40,4.2,1750,257550
20240117,13:33:51,4.15,1250,257550
20240117,13:34:01,4.15,2700,257550
20240117,13:34:21,4.15,300,257550
20240117,13:34:33,4.15,50,257550
20240117,13:34:44,4.2,3750,257550
20240117,13:34:55,4.2,250,257550
20240117,13:35:05,4.15,7550,257550
20240117,13:35:15,4.15,900,257550
20240117,13:35:26,4.15,50,257550
20240117,13:36:08,4.15,300,257550
20240117,13:36:18,4.1,1100,261950
20240117,13:37:34,4.1,900,261950
20240117,13:38:10,4.0,4300,261950
20240117,13:39:01,4.05,150,261950
20240117,13:39:34,4.1,250,266150
20240117,13:40:09,4.05,150,266150
20240117,13:40:59,4.0,150,266150
20240117,13:41:33,4.0,1900,266150
20240117,13:42:32,3.85,2000,267400
20240117,13:42:44,3.95,2300,267400
20240117,13:42:57,3.95,100,267400
20240117,13:43:19,3.9,350,267400
20240117,13:43:30,3.95,3100,267400
20240117,13:43:42,4.0,10600,267400
20240117,13:43:53,4.0,1350,267400
20240117,13:44:03,4.05,1350,267400
20240117,13:44:26,4.05,5000,267400
20240117,13:44:36,4.1,5000,267400
20240117,13:45:30,4.0,50,283250
20240117,13:46:01,3.95,250,283250
20240117,13:46:12,3.95,200,283250
20240117,13:47:05,4.0,450,283250
20240117,13:47:27,4.0,300,283250
20240117,13:47:47,4.0,250,283250
20240117,13:48:51,4.0,50,283550
20240117,13:49:44,4.0,250,283550
20240117,13:50:31,3.95,50,283550
20240117,13:51:37,3.95,50,283550
20240117,13:52:14,4.0,500,283550
20240117,13:52:27,3.95,50,283550
20240117,13:54:29,4.0,23950,283450
20240117,13:55:14,4.0,150,283450
20240117,13:55:47,4.0,250,283450
20240117,13:55:58,4.0,100,283450
20240117,13:56:21,4.0,5150,283450
20240117,13:56:54,3.95,300,283450
20240117,13:58:29,3.95,1100,308600
20240117,13:58:40,3.95,300,308600
20240117,13:59:15,3.9,50,308600
20240117,13:59:49,4.0,350,308600
20240117,14:00:11,4.0,100,308600
20240117,14:00:22,4.0,1250,308550
20240117,14:01:08,3.9,100,308550
20240117,14:05:54,4.0,50,308550
20240117,14:06:57,3.9,700,308600
20240117,14:08:00,3.9,50,308600
20240117,14:08:21,3.85,50,308600
20240117,14:11:35,3.9,3600,309000
20240117,14:11:56,3.85,12650,309000
20240117,14:12:07,3.85,500,309000
20240117,14:12:28,3.85,950,314650
20240117,14:12:38,3.85,200,314650
20240117,14:12:49,3.8,1000,314650
20240117,14:13:01,3.8,1350,314650
20240117,14:13:11,3.75,1150,314650
20240117,14:13:22,3.75,1800,314650
20240117,14:13:44,3.85,600,314650
20240117,14:13:55,3.85,400,314650
20240117,14:14:06,3.85,200,314650
20240117,14:14:16,3.85,100,314650
20240117,14:14:26,3.85,200,314650
20240117,14:14:48,3.85,200,314650
20240117,14:15:00,3.8,950,314650
20240117,14:16:40,3.75,1800,319200
20240117,14:17:25,3.7,1500,319200
20240117,14:18:33,3.65,300,318600
20240117,14:19:43,3.65,50,318600
20240117,14:19:56,3.65,300,318600
20240117,14:20:29,3.65,50,318600
20240117,14:21:18,3.65,400,319100
20240117,14:21:55,3.6,100,319100
20240117,14:22:17,3.6,500,319100
20240117,14:24:38,3.6,50,318700
20240117,14:25:58,3.65,500,318700
20240117,14:26:11,3.5,500,318700
20240117,14:26:24,3.6,100,318700
20240117,14:26:38,3.6,1000,318700
20240117,14:27:04,3.6,100,318700
20240117,14:27:16,3.6,100,318700
20240117,14:27:40,3.6,550,318750
20240117,14:27:55,3.55,700,318750
20240117,14:28:08,3.55,150,318750
20240117,14:28:22,3.6,500,318750
20240117,14:28:34,3.55,200,318750
20240117,14:28:59,3.6,850,318750
20240117,14:29:14,3.6,6100,318750
20240117,14:29:27,3.6,250,318750
20240117,14:30:28,3.6,300,319350
20240117,14:30:52,3.55,200,319350
20240117,14:31:06,3.65,5650,319350
20240117,14:31:43,3.7,50,319350
20240117,14:32:11,3.7,2450,319350
20240117,14:32:23,3.7,10900,319350
20240117,14:32:34,3.75,18600,319350
20240117,14:32:47,3.85,8950,319350
20240117,14:32:59,3.9,6700,319350
20240117,14:33:11,3.9,4000,319350
20240117,14:33:23,3.95,4000,372950
20240117,14:33:35,3.9,3500,372950
20240117,14:33:48,3.95,3750,372950
20240117,14:34:00,3.95,3050,372950
20240117,14:34:13,4.1,6400,372950
20240117,14:34:26,4.1,6900,372950
20240117,14:34:38,4.3,4050,372950
20240117,14:34:49,4.2,4300,372950
20240117,14:35:24,4.2,50,372950
20240117,14:35:58,4.15,1100,372950
20240117,14:36:10,4.2,50,372950
20240117,14:36:34,4.25,500,404450
20240117,14:36:57,4.15,2250,404450
20240117,14:37:09,4.15,7150,404450
20240117,14:37:22,4.25,2250,404450
20240117,14:37:46,4.15,400,404450
20240117,14:37:58,4.1,3600,404450
20240117,14:38:10,4.2,50,404450
20240117,14:38:46,4.2,300,404450
20240117,14:38:58,4.15,700,404450
20240117,14:39:10,4.25,600,404450
20240117,14:39:22,4.25,200,404450
20240117,14:39:58,4.2,50,406050
20240117,14:40:09,4.2,300,406050
20240117,14:40:21,4.2,350,406050
20240117,14:40:44,4.2,50,406050
20240117,14:40:55,4.1,5000,406050
20240117,14:41:07,4.15,24200,406050
20240117,14:41:31,4.15,50,406050
20240117,14:41:44,4.1,100,406050
20240117,14:41:57,4.1,50,406050
20240117,14:42:38,4.05,1700,411850
20240117,14:43:44,4.1,50,411850
20240117,14:43:57,4.0,100,411850
20240117,14:44:22,4.0,50,411850
20240117,14:45:25,4.0,300,410150
20240117,14:45:37,4.0,250,410150
20240117,14:46:02,4.0,300,410150
20240117,14:46:15,4.0,50,410150
20240117,14:46:28,4.1,50,410150
20240117,14:46:44,4.0,300,410150
20240117,14:47:38,4.05,50,410150
20240117,14:48:03,3.9,1800,410150
20240117,14:48:16,4.0,50,410150
20240117,14:48:46,3.9,100,411150
20240117,14:49:12,4.0,50,411150
20240117,14:49:25,3.95,350,411150
20240117,14:49:39,3.95,50,411150
20240117,14:50:22,4.05,1500,411150
20240117,14:50:36,4.0,350,411150
20240117,14:50:50,4.0,1450,411150
20240117,14:51:17,4.0,50,411150
20240117,14:51:30,3.95,100,412550
20240117,14:51:56,4.0,3500,412550
20240117,14:52:10,4.0,50,412550
20240117,14:52:36,4.0,1100,412550
20240117,14:53:03,4.0,250,412550
20240117,14:53:44,4.0,100,412550
20240117,14:53:57,4.0,50,412550
20240117,14:54:22,4.0,500,415450
20240117,14:54:49,4.05,50,415450
20240117,14:55:16,3.95,400,415450
20240117,14:55:30,4.05,5400,415450
20240117,14:55:43,4.05,5000,415450
20240117,14:55:57,4.05,2650,415450
20240117,14:56:36,4.05,1000,415450
20240117,14:56:48,4.0,100,415450
20240117,14:57:26,4.0,1800,427100
20240117,14:57:39,4.0,550,427100
20240117,14:57:53,4.0,500,427100
20240117,14:58:07,4.0,250,427100
20240117,14:58:21,4.0,2200,427100
20240117,14:58:35,4.0,50,427100
20240117,14:59:02,4.0,350,427100
20240117,14:59:15,4.25,9150,427100
20240117,14:59:29,4.4,8400,427100
20240117,14:59:42,4.4,5650,427100
20240117,14:59:55,4.4,1000,427100
20240117,15:00:09,4.4,1850,427100
20240117,15:00:22,4.4,700,427100
20240117,15:00:37,4.35,1800,445200
20240117,15:00:51,4.45,250,445200
20240117,15:01:05,4.4,550,445200
20240117,15:01:19,4.35,300,445200
20240117,15:01:33,4.3,1400,445200
20240117,15:01:48,4.35,3000,445200
20240117,15:02:02,4.35,600,445200
20240117,15:02:29,4.35,600,445200
20240117,15:02:43,4.35,1800,445200
20240117,15:02:56,4.4,3850,445200
20240117,15:03:10,4.4,5700,445200
20240117,15:03:22,4.4,250,445200
20240117,15:03:36,4.4,550,443200
20240117,15:03:48,4.4,500,443200
20240117,15:04:02,4.4,50,443200
20240117,15:04:15,4.45,150,443200
20240117,15:04:29,4.45,250,443200
20240117,15:04:43,4.45,400,443200
20240117,15:05:38,4.35,2700,443200
20240117,15:05:51,4.3,2950,443200
20240117,15:06:05,4.25,1250,443200
20240117,15:06:18,4.2,2050,443200
20240117,15:06:31,4.2,50,444100
20240117,15:06:45,4.2,3000,444100
20240117,15:06:59,4.1,100,444100
20240117,15:07:13,4.15,2500,444100
20240117,15:07:28,4.1,3750,444100
20240117,15:07:43,4.05,150,444100
20240117,15:07:57,4.1,50,444100
20240117,15:08:11,4.05,200,444100
20240117,15:08:39,4.0,300,444100
20240117,15:08:52,4.0,200,444100
20240117,15:09:06,3.95,1650,444100
20240117,15:09:20,3.9,5500,444100
20240117,15:09:35,3.85,1050,440550
20240117,15:09:49,3.8,300,440550
20240117,15:11:39,3.95,1800,440550
20240117,15:11:53,3.9,200,440550
20240117,15:12:21,3.85,200,440550
20240117,15:12:35,3.8,900,441350
20240117,15:12:49,3.85,1000,441350
20240117,15:14:14,3.9,300,441350
20240117,15:14:55,3.75,150,441350
20240117,15:15:23,3.75,500,441350
20240117,15:15:37,3.75,1150,442100
20240117,15:16:06,3.7,2000,442100
20240117,15:16:20,3.7,500,442100
20240117,15:16:35,3.65,50,442100
20240117,15:17:03,3.7,3100,442100
20240117,15:17:45,3.7,1000,442100
20240117,15:18:12,3.7,1850,442100
20240117,15:18:41,3.6,400,441800
20240117,15:18:55,3.6,1600,441800
20240117,15:19:09,3.5,2550,441800
20240117,15:19:22,3.5,4400,441800
20240117,15:19:37,3.55,400,441800
20240117,15:19:50,3.6,3350,441800
20240117,15:20:04,3.5,6050,441800
20240117,15:20:17,3.5,1550,441800
20240117,15:20:30,3.45,50,441800
20240117,15:20:44,3.5,2800,441800
20240117,15:20:58,3.55,100,441800
20240117,15:21:13,3.55,150,441800
20240117,15:21:27,3.5,2200,437100
20240117,15:21:41,3.5,400,437100
20240117,15:21:55,3.45,750,437100
20240117,15:22:08,3.45,3800,437100
20240117,15:22:22,3.4,700,437100
20240117,15:22:36,3.45,500,437100
20240117,15:22:49,3.45,1100,437100
20240117,15:23:03,3.45,50,437100
20240117,15:23:17,3.45,400,437100
20240117,15:23:31,3.5,6050,437100
20240117,15:23:44,3.55,2750,437100
20240117,15:23:59,3.5,1600,437100
20240117,15:24:13,3.5,2550,437100
20240117,15:24:27,3.5,300,437100
20240117,15:24:42,3.5,100,435200
20240117,15:25:24,3.55,1750,435200
20240117,15:25:38,3.55,600,435200
20240117,15:25:51,3.5,1000,435200
20240117,15:26:04,3.5,1450,435200
20240117,15:26:18,3.45,1800,435200
20240117,15:26:46,3.45,1700,435200
20240117,15:27:00,3.5,1800,435200
20240117,15:27:14,3.65,4950,435200
20240117,15:27:27,3.65,3800,435200
20240117,15:27:40,3.45,3000,444800
20240117,15:27:55,3.45,2900,444800
20240117,15:28:10,3.55,1000,444800
20240117,15:28:24,3.45,1900,444800
20240117,15:28:38,3.45,350,444800
20240117,15:28:53,3.4,2200,444800
20240117,15:29:08,3.3,3950,444800
20240117,15:29:22,3.35,50,444800
20240117,15:29:36,3.35,200,444800
20240117,15:29:50,3.25,1000,444800
20240117,15:30:02,3.35,800,444800
20240118,09:15:14,3.8,1,444300
20240118,09:15:14,3.5,400,444300
20240118,09:15:31,3.55,50,444300
20240118,09:15:48,2.65,800,444300
20240118,09:16:19,3.0,4400,444300
20240118,09:16:34,2.9,6650,444300
20240118,09:16:47,2.9,3350,444300
20240118,09:16:59,2.55,5100,444300
20240118,09:17:12,2.7,4200,444300
20240118,09:17:24,2.65,3750,444300
20240118,09:17:36,2.55,7600,441250
20240118,09:17:48,2.45,7850,441250
20240118,09:18:02,2.3,11050,441250
20240118,09:18:16,2.4,5550,441250
20240118,09:18:30,2.35,4850,441250
20240118,09:18:43,2.4,4000,441250
20240118,09:19:11,2.3,1300,441250
20240118,09:19:23,2.25,2200,441250
20240118,09:19:36,2.25,200,441250
20240118,09:20:00,2.2,250,441250
20240118,09:20:13,2.2,150,441250
20240118,09:20:26,2.2,3750,441250
20240118,09:20:55,2.2,18600,435200
20240118,09:21:08,2.3,9350,435200
20240118,09:21:22,2.3,4150,435200
20240118,09:21:36,2.15,12900,435200
20240118,09:21:51,1.9,59100,435200
20240118,09:22:06,2.0,23550,435200
20240118,09:22:20,2.05,6800,435200
20240118,09:22:34,2.0,2250,435200
20240118,09:23:03,2.0,250,435200
20240118,09:23:32,2.0,1750,435200
20240118,09:23:47,2.0,200,445350
20240118,09:24:02,2.0,1200,445350
20240118,09:24:16,2.05,1150,445350
20240118,09:24:30,2.0,250,445350
20240118,09:25:01,2.0,350,445350
20240118,09:25:29,2.05,850,445350
20240118,09:25:44,2.0,1250,445350
20240118,09:25:59,2.0,1900,445350
20240118,09:26:15,2.05,50,445350
20240118,09:26:30,2.05,250,445350
20240118,09:26:45,2.1,1300,448200
20240118,09:27:00,2.15,750,448200
20240118,09:27:15,2.1,1700,448200
20240118,09:27:29,2.15,950,448200
20240118,09:27:44,2.1,3150,448200
20240118,09:27:59,2.1,550,448200
20240118,09:28:13,2.05,7150,448200
20240118,09:28:28,2.05,100,448200
20240118,09:28:43,2.05,1300,448200
20240118,09:28:57,2.0,1000,448200
20240118,09:29:11,2.05,350,448200
20240118,09:29:25,1.95,2000,448200
20240118,09:29:39,2.0,1800,456250
20240118,09:30:09,1.95,150,456250
20240118,09:30:24,1.95,650,456250
20240118,09:30:54,1.95,250,456250
20240118,09:31:08,1.95,200,456250
20240118,09:31:23,1.95,10900,456250
20240118,09:31:51,1.95,900,456250
20240118,09:32:20,1.95,1000,456250
20240118,09:32:49,1.95,200,461500
20240118,09:33:03,1.9,1100,461500
20240118,09:33:18,1.95,100,461500
20240118,09:34:01,1.9,850,461500
20240118,09:34:42,1.95,100,461500
20240118,09:34:56,1.9,150,461500
20240118,09:35:10,1.9,2650,461500
20240118,09:35:23,1.9,900,461500
20240118,09:35:52,1.85,300,462000
20240118,09:36:07,1.85,21800,462000
20240118,09:36:21,1.95,2550,462000
20240118,09:36:36,1.95,9800,462000
20240118,09:36:50,1.95,2400,462000
20240118,09:37:18,1.9,500,462000
20240118,09:38:40,1.9,150,480400
20240118,09:39:36,1.9,350,480400
20240118,09:40:03,1.95,1450,480400
20240118,09:40:17,2.0,200,480400
20240118,09:41:10,2.05,2050,480400
20240118,09:41:23,2.05,750,480400
20240118,09:41:36,2.05,1700,480400
20240118,09:41:49,2.05,400,485600
20240118,09:43:47,2.1,200,485600
20240118,09:44:13,2.1,400,485600
20240118,09:44:26,2.15,50,485600
20240118,09:45:04,2.1,600,486000
20240118,09:45:28,2.05,1800,486000
20240118,09:45:41,2.05,2050,486000
20240118,09:46:19,2.0,2900,486000
20240118,09:46:31,2.1,50,486000
20240118,09:46:44,2.05,600,486000
20240118,09:46:59,2.05,600,486000
20240118,09:47:54,2.05,2950,482950
20240118,09:48:07,2.05,1050,482950
20240118,09:49:11,2.1,1800,482950
20240118,09:49:35,2.1,1800,482950
20240118,09:49:58,2.15,1900,482950
20240118,09:50:09,2.05,200,482950
20240118,09:50:20,2.05,50,482950
20240118,09:50:57,2.0,650,488650
20240118,09:51:09,1.95,2950,488650
20240118,09:51:21,1.95,2700,488650
20240118,09:51:35,1.95,12800,488650
20240118,09:51:48,1.95,100,488650
20240118,09:52:00,1.95,100,488650
20240118,09:52:25,1.95,100,488650
20240118,09:52:37,2.0,100,488650
20240118,09:53:41,1.9,9200,488650
20240118,09:53:52,1.85,3350,487850
20240118,09:54:04,1.85,3000,487850
20240118,09:54:50,1.85,100,487850
20240118,09:55:02,1.85,1900,487850
20240118,09:55:14,1.9,1350,487850
20240118,09:56:50,1.85,1100,483850
20240118,09:57:03,1.85,550,483850
20240118,09:57:18,1.95,50,483850
20240118,09:58:55,2.0,200,483850
20240118,09:59:09,2.05,2100,483850
20240118,09:59:22,2.1,35400,483850
20240118,09:59:35,2.15,7850,483850
20240118,09:59:48,2.2,18000,503700
20240118,10:00:01,2.25,20050,503700
20240118,10:00:14,2.25,400,503700
20240118,10:00:27,2.2,6000,503700
20240118,10:00:41,2.2,100,503700
20240118,10:00:54,2.2,100,503700
20240118,10:01:08,2.2,5400,503700
20240118,10:01:22,2.2,1500,503700
20240118,10:01:36,2.25,5700,503700
20240118,10:01:50,2.2,900,503700
20240118,10:02:04,2.2,4700,503700
20240118,10:02:17,2.2,18500,503700
20240118,10:02:55,2.2,100,575950
20240118,10:03:08,2.25,550,575950
20240118,10:03:34,2.25,1500,575950
20240118,10:03:46,2.2,1550,575950
20240118,10:04:11,2.2,100,575950
20240118,10:04:24,2.25,100,575950
20240118,10:04:50,2.2,1000,575950
20240118,10:05:16,2.2,600,575950
20240118,10:05:29,2.2,1600,575950
20240118,10:05:42,2.2,1000,575950
20240118,10:05:55,2.2,400,583600
20240118,10:06:07,2.2,1500,583600
20240118,10:06:34,2.2,200,583600
20240118,10:07:01,2.2,1000,583600
20240118,10:07:16,2.15,2900,583600
20240118,10:08:01,2.15,200,583600
20240118,10:08:29,2.15,550,583600
20240118,10:08:43,2.15,1050,583600
20240118,10:09:12,2.15,400,588000
20240118,10:09:57,2.1,2000,588000
20240118,10:10:13,2.1,1750,588000
20240118,10:10:29,2.1,2200,588000
20240118,10:10:44,2.05,950,588000
20240118,10:10:59,2.0,4000,588000
20240118,10:11:14,2.0,1450,588000
20240118,10:11:29,2.05,50,588000
20240118,10:12:13,2.05,2550,583750
20240118,10:12:27,2.05,1750,583750
20240118,10:12:41,2.05,400,583750
20240118,10:12:55,2.05,800,583750
20240118,10:13:10,2.0,600,583750
20240118,10:13:24,2.0,1700,583750
20240118,10:13:51,2.0,50,583750
20240118,10:14:06,2.05,900,583750
20240118,10:14:21,2.05,2650,583750
20240118,10:14:50,2.05,500,589300
20240118,10:15:04,2.05,5800,589300
20240118,10:15:19,2.05,1600,589300
20240118,10:15:34,2.1,2300,589300
20240118,10:15:48,2.15,1150,589300
20240118,10:16:03,2.2,650,589300
20240118,10:16:16,2.15,1450,589300
20240118,10:16:29,2.1,1000,589300
20240118,10:16:44,2.1,1550,589300
20240118,10:16:59,2.05,1800,589300
20240118,10:17:27,2.05,750,589300
20240118,10:17:41,2.05,1850,589300
20240118,10:17:55,2.0,850,594600
20240118,10:18:09,2.05,1650,594600
20240118,10:18:22,2.05,1800,594600
20240118,10:18:36,2.05,200,594600
20240118,10:19:03,2.0,450,594600
20240118,10:19:17,1.95,350,594600
20240118,10:19:31,2.0,100,594600
20240118,10:20:24,2.05,250,594600
20240118,10:20:37,2.05,2800,594600
20240118,10:20:50,2.05,4400,599000
20240118,10:21:04,2.0,2600,599000
20240118,10:21:17,2.0,4750,599000
20240118,10:21:30,2.0,700,599000
20240118,10:21:44,1.95,350,599000
20240118,10:21:58,1.95,450,599000
20240118,10:22:12,1.95,2200,599000
20240118,10:22:26,1.95,50,599000
20240118,10:22:39,1.95,100,599000
20240118,10:22:53,1.95,250,599000
20240118,10:23:06,1.95,100,599000
20240118,10:23:19,1.9,100,599000
20240118,10:23:46,1.9,6150,601250
20240118,10:23:59,1.9,150,601250
20240118,10:24:12,1.9,1250,601250
20240118,10:24:25,1.9,400,601250
20240118,10:24:52,1.85,600,601250
20240118,10:25:04,1.85,5400,601250
20240118,10:25:17,1.9,50,601250
20240118,10:26:11,1.9,400,601250
20240118,10:28:17,1.9,1250,612650
20240118,10:29:11,1.9,500,612650
20240118,10:29:25,1.9,1400,612650
20240118,10:29:39,1.9,1800,612650
20240118,10:30:07,1.9,500,612400
20240118,10:30:35,1.9,50,612400
20240118,10:30:49,1.85,150,612400
20240118,10:31:18,1.85,300,612400
20240118,10:31:46,1.85,500,612400
20240118,10:32:00,1.9,500,612400
20240118,10:32:28,1.9,4400,612400
20240118,10:33:35,1.9,400,612450
20240118,10:33:49,1.9,700,612450
20240118,10:34:30,1.95,50,612450
20240118,10:35:00,1.95,1800,612450
20240118,10:35:15,1.95,1800,612450
20240118,10:35:41,1.95,1400,612450
20240118,10:36:08,1.95,600,614150
20240118,10:36:36,1.9,1400,614150
20240118,10:36:50,1.85,1300,614150
20240118,10:37:04,1.9,50,614150
20240118,10:37:32,1.85,3650,614150
20240118,10:37:46,1.8,2950,614150
20240118,10:38:01,1.8,650,614150
20240118,10:38:44,1.85,50,614150
20240118,10:39:13,1.8,2100,617950
20240118,10:39:41,1.75,1000,617950
20240118,10:39:57,1.75,3300,617950
20240118,10:40:26,1.75,350,617950
20240118,10:40:41,1.75,550,617950
20240118,10:41:54,1.75,1700,617950
20240118,10:43:55,1.75,2000,621150
20240118,10:44:40,1.7,1050,621150
20240118,10:44:56,1.65,550,621150
20240118,10:45:41,1.75,2150,621650
20240118,10:46:11,1.7,50,621650
20240118,10:46:26,1.7,1600,621650
20240118,10:46:40,1.65,8400,621650
20240118,10:46:55,1.65,3150,621650
20240118,10:47:35,1.65,450,621650
20240118,10:47:48,1.65,2650,621650
20240118,10:48:02,1.6,100,618400
20240118,10:48:18,1.6,300,618400
20240118,10:48:33,1.6,250,618400
20240118,10:48:48,1.55,300,618400
20240118,10:50:08,1.55,900,618400
20240118,10:50:21,1.65,300,618400
20240118,10:51:13,1.5,9000,618350
20240118,10:52:19,1.5,2750,618350
20240118,10:52:32,1.6,1600,618350
20240118,10:53:22,1.6,500,618350
20240118,10:53:35,1.6,100,618350
20240118,10:54:23,1.55,7000,627600
20240118,10:54:46,1.6,100,627600
20240118,10:55:49,1.6,150,627600
20240118,10:56:26,1.55,3950,627600
20240118,10:57:54,1.6,500,638800
20240118,10:58:19,1.6,3650,638800
20240118,10:58:32,1.6,50,638800
20240118,10:58:58,1.55,4300,638800
20240118,11:00:02,1.55,2700,642750
20240118,11:00:15,1.6,100,642750
20240118,11:00:28,1.6,900,642750
20240118,11:01:09,1.6,2000,642750
20240118,11:01:23,1.6,1550,642750
20240118,11:01:36,1.6,200,642750
20240118,11:01:49,1.6,300,642750
20240118,11:02:02,1.6,2400,642750
20240118,11:02:14,1.65,450,642750
20240118,11:02:27,1.65,300,642750
20240118,11:02:39,1.6,800,642750
20240118,11:02:51,1.6,550,642750
20240118,11:03:39,1.6,550,644800
20240118,11:04:28,1.6,250,644800
20240118,11:05:05,1.55,2300,644800
20240118,11:05:28,1.6,50,644800
20240118,11:06:14,1.55,800,647050
20240118,11:06:38,1.55,100,647050
20240118,11:07:42,1.55,800,647050
20240118,11:08:07,1.55,550,647050
20240118,11:08:31,1.6,50,647050
20240118,11:08:43,1.55,100,647050
20240118,11:09:07,1.55,950,647050
20240118,11:10:03,1.55,1500,647050
20240118,11:10:17,1.6,1500,647050
20240118,11:10:43,1.6,50,647050
20240118,11:11:08,1.6,300,647050
20240118,11:11:47,1.55,50,647050
20240118,11:12:25,1.55,1100,647050
20240118,11:12:38,1.55,50,647050
20240118,11:16:17,1.55,5600,647050
20240118,11:17:07,1.55,250,647050
20240118,11:17:20,1.5,1300,647050
20240118,11:18:25,1.55,50,653700
20240118,11:19:24,1.55,100,653700
20240118,11:19:36,1.55,1250,653700
20240118,11:19:48,1.6,3600,653700
20240118,11:20:00,1.6,3100,653700
20240118,11:20:12,1.6,400,653700
20240118,11:20:24,1.6,350,653700
20240118,11:20:36,1.6,550,653700
20240118,11:20:48,1.6,550,653700
20240118,11:21:00,1.6,650,657500
20240118,11:21:11,1.6,1150,657500
20240118,11:21:23,1.65,600,657500
20240118,11:21:34,1.6,700,657500
20240118,11:21:46,1.55,50,657500
20240118,11:21:58,1.55,350,657500
20240118,11:22:10,1.6,2850,657500
20240118,11:22:35,1.65,100,657500
20240118,11:22:47,1.65,150,657500
20240118,11:23:00,1.65,150,657500
20240118,11:23:25,1.65,200,657500
20240118,11:23:38,1.65,200,657500
20240118,11:23:52,1.6,600,657500
20240118,11:24:20,1.6,100,656300
20240118,11:24:47,1.65,50,656300
20240118,11:26:42,1.6,550,656300
20240118,11:26:54,1.6,1650,656300
20240118,11:27:17,1.6,500,657750
20240118,11:28:30,1.65,700,657750
20240118,11:28:41,1.65,2950,657750
20240118,11:29:16,1.65,200,657750
20240118,11:29:40,1.65,800,657750
20240118,11:29:52,1.6,600,657750
20240118,11:30:03,1.65,50,656150
20240118,11:31:40,1.6,50,656150
20240118,11:31:54,1.65,200,656150
20240118,11:32:24,1.65,100,656150
20240118,11:32:39,1.65,150,656150
20240118,11:32:54,1.65,350,656150
20240118,11:33:07,1.65,250,656650
20240118,11:33:20,1.7,100,656650
20240118,11:34:13,1.7,450,656650
20240118,11:36:19,1.6,1400,656750
20240118,11:36:54,1.65,900,656750
20240118,11:38:18,1.7,50,656750
20240118,11:38:53,1.7,50,656750
20240118,11:39:27,1.65,1000,658300
20240118,11:40:02,1.7,100,658300
20240118,11:40:48,1.7,1000,658300
20240118,11:40:59,1.65,300,658300
20240118,11:41:10,1.65,250,658300
20240118,11:41:22,1.65,200,658300
20240118,11:41:33,1.65,200,658300
20240118,11:42:06,1.7,300,659850
20240118,11:42:18,1.6,150,659850
20240118,11:42:31,1.6,600,659850
20240118,11:42:46,1.65,50,659850
20240118,11:43:01,1.65,700,659850
20240118,11:43:15,1.7,1750,659850
20240118,11:43:29,1.7,350,659850
20240118,11:43:43,1.7,300,659850
20240118,11:43:57,1.7,550,659850
20240118,11:44:10,1.7,100,659850
20240118,11:44:23,1.7,250,659850
20240118,11:44:37,1.7,500,659850
20240118,11:45:15,1.65,150,660300
20240118,11:45:28,1.65,150,660300
20240118,11:45:41,1.65,50,660300
20240118,11:45:53,1.65,150,660300
20240118,11:46:06,1.65,150,660300
20240118,11:46:19,1.65,550,660300
20240118,11:46:32,1.65,50,660300
20240118,11:46:44,1.7,100,660300
20240118,11:46:56,1.7,100,660300
20240118,11:47:08,1.7,100,660300
20240118,11:47:31,1.7,100,660300
20240118,11:47:43,1.7,800,660300
20240118,11:47:56,1.7,200,660300
20240118,11:48:08,1.65,100,659550
20240118,11:48:20,1.7,2100,659550
20240118,11:48:32,1.7,650,659550
20240118,11:48:44,1.7,900,659550
20240118,11:48:55,1.7,100,659550
20240118,11:49:07,1.65,500,659550
20240118,11:49:31,1.65,1050,659550
20240118,11:49:54,1.65,2300,659550
20240118,11:50:06,1.65,400,659550
20240118,11:50:18,1.65,100,659550
20240118,11:50:29,1.6,100,659550
20240118,11:50:41,1.6,300,659550
20240118,11:50:53,1.65,200,659550
20240118,11:51:17,1.65,100,658200
20240118,11:51:29,1.6,200,658200
20240118,11:54:05,1.6,900,658300
20240118,11:54:18,1.6,550,658300
20240118,11:56:31,1.65,1050,658300
20240118,11:56:42,1.65,1000,658300
20240118,11:56:56,1.7,1000,658300
20240118,11:57:09,1.65,5000,658100
20240118,11:57:21,1.65,3650,658100
20240118,11:57:35,1.7,1100,658100
20240118,11:57:49,1.7,1000,658100
20240118,11:58:03,1.7,1400,658100
20240118,11:58:16,1.7,300,658100
20240118,11:58:30,1.7,900,658100
20240118,11:58:44,1.7,1100,658100
20240118,11:58:58,1.7,500,658100
20240118,11:59:13,1.7,100,658100
20240118,11:59:42,1.7,50,658100
20240118,11:59:55,1.7,200,658100
20240118,12:00:08,1.7,2550,659750
20240118,12:00:22,1.7,1000,659750
20240118,12:00:36,1.7,1400,659750
20240118,12:00:49,1.7,2100,659750
20240118,12:01:03,1.7,1150,659750
20240118,12:01:17,1.8,3550,659750
20240118,12:01:31,1.7,1250,659750
20240118,12:02:51,1.7,900,659750
20240118,12:03:04,1.7,1750,659750
20240118,12:03:43,1.7,2450,656600
20240118,12:03:56,1.65,1500,656600
20240118,12:04:09,1.65,2600,656600
20240118,12:04:22,1.7,150,656600
20240118,12:04:34,1.65,2850,656600
20240118,12:04:46,1.7,350,656600
20240118,12:04:58,1.7,50,656600
20240118,12:05:12,1.7,200,656600
20240118,12:05:25,1.7,850,656600
20240118,12:05:38,1.7,150,656600
20240118,12:05:51,1.75,1400,656600
20240118,12:06:06,1.75,550,663300
20240118,12:06:20,1.75,1700,663300
20240118,12:06:34,1.75,1000,663300
20240118,12:07:17,1.75,1900,663300
20240118,12:07:31,1.9,1350,663300
20240118,12:07:43,1.85,50,663300
20240118,12:08:11,1.85,200,663300
20240118,12:08:25,1.85,200,663300
20240118,12:08:39,1.85,450,663300
20240118,12:08:54,1.8,6800,663300
20240118,12:09:08,1.9,50,663300
20240118,12:09:21,1.8,800,667100
20240118,12:10:30,1.75,3600,667100
20240118,12:10:44,1.7,950,667100
20240118,12:11:28,1.7,100,667100
20240118,12:11:43,1.7,750,667100
20240118,12:11:58,1.7,750,667100
20240118,12:12:13,1.7,100,666400
20240118,12:13:09,1.75,200,666400
20240118,12:13:23,1.7,550,666400
20240118,12:13:38,1.7,550,666400
20240118,12:14:37,1.7,1200,666400
20240118,12:15:38,1.75,400,668300
20240118,12:17:06,1.75,200,668300
20240118,12:20:07,1.7,500,668500
20240118,12:21:04,1.65,350,668500
20240118,12:22:50,1.65,850,668600
20240118,12:23:05,1.6,600,668600
20240118,12:23:19,1.65,200,668600
20240118,12:23:47,1.65,100,668600
20240118,12:24:02,1.65,250,668350
20240118,12:24:17,1.65,50,668350
20240118,12:24:33,1.65,350,668350
20240118,12:24:47,1.6,200,668350
20240118,12:25:15,1.65,650,668350
20240118,12:25:43,1.65,500,668350
20240118,12:26:11,1.65,1350,668350
20240118,12:26:24,1.6,350,668350
20240118,12:26:51,1.6,50,668350
20240118,12:27:31,1.65,3000,670600
20240118,12:28:30,1.65,950,670600
20240118,12:28:58,1.7,50,670600
20240118,12:29:12,1.65,2250,670600
20240118,12:29:26,1.65,300,670600
20240118,12:29:40,1.65,50,670600
20240118,12:30:35,1.65,50,670200
20240118,12:31:30,1.65,500,670200
20240118,12:32:10,1.6,400,670200
20240118,12:33:41,1.6,850,670600
20240118,12:33:56,1.6,1200,670600
20240118,12:34:11,1.6,550,670600
20240118,12:34:57,1.6,50,670600
20240118,12:35:58,1.6,100,670600
20240118,12:36:56,1.55,150,670150
20240118,12:37:26,1.6,2000,670150
20240118,12:37:55,1.6,50,670150
20240118,12:39:03,1.55,800,670150
20240118,12:39:44,1.6,100,669200
20240118,12:39:57,1.6,200,669200
20240118,12:40:10,1.55,2000,669200
20240118,12:43:19,1.55,750,671350
20240118,12:44:21,1.6,50,671350
20240118,12:44:52,1.55,100,671350
20240118,12:45:07,1.6,50,671350
20240118,12:45:21,1.6,50,672150
20240118,12:46:01,1.6,50,672150
20240118,12:49:59,1.6,6700,672150
20240118,12:50:14,1.6,3450,672150
20240118,12:50:28,1.6,500,672150
20240118,12:50:42,1.65,650,672150
20240118,12:50:56,1.6,2450,672150
20240118,12:51:11,1.65,1650,677100
20240118,12:51:24,1.65,1300,677100
20240118,12:51:38,1.65,350,677100
20240118,12:51:51,1.65,300,677100
20240118,12:52:04,1.6,450,677100
20240118,12:52:17,1.65,250,677100
20240118,12:52:43,1.65,50,677100
20240118,12:53:22,1.6,150,677100
20240118,12:53:35,1.65,100,677100
20240118,12:54:02,1.6,300,677100
20240118,12:54:16,1.6,50,678600
20240118,12:55:38,1.6,350,678600
20240118,12:55:52,1.6,5300,678600
20240118,12:56:05,1.6,350,678600
20240118,12:56:33,1.6,1800,678600
20240118,12:56:58,1.6,1500,678600
20240118,12:57:11,1.6,400,684250
20240118,12:57:24,1.55,2100,684250
20240118,12:59:01,1.55,50,684250
20240118,13:00:10,1.6,2150,686350
20240118,13:00:24,1.6,1850,686350
20240118,13:02:20,1.6,2500,686350
20240118,13:03:59,1.65,100,688000
20240118,13:04:41,1.6,300,688000
20240118,13:05:48,1.6,300,688000
20240118,13:06:02,1.6,500,688000
20240118,13:06:16,1.6,500,688000
20240118,13:06:30,1.6,50,689100
20240118,13:06:43,1.65,150,689100
20240118,13:06:56,1.65,150,689100
20240118,13:07:09,1.65,300,689100
20240118,13:07:24,1.65,100,689100
20240118,13:07:37,1.65,600,689100
20240118,13:07:50,1.65,50,689100
20240118,13:08:03,1.65,100,689100
20240118,13:08:32,1.65,350,689100
20240118,13:08:58,1.65,5000,689100
20240118,13:10:04,1.7,900,692100
20240118,13:10:17,1.65,650,692100
20240118,13:10:45,1.65,100,692100
20240118,13:12:43,1.7,200,692750
20240118,13:12:58,1.65,300,692750
20240118,13:13:13,1.65,2800,692750
20240118,13:15:55,1.65,250,693100
20240118,13:16:08,1.6,150,693100
20240118,13:16:22,1.55,150,693100
20240118,13:16:47,1.55,500,693100
20240118,13:17:00,1.6,650,693100
20240118,13:17:13,1.55,300,693100
20240118,13:17:26,1.55,350,693100
20240118,13:17:39,1.6,750,693100
20240118,13:17:53,1.55,550,693100
20240118,13:18:06,1.55,500,693100
20240118,13:18:20,1.55,1000,693150
20240118,13:18:33,1.55,300,693150
20240118,13:18:46,1.55,300,693150
20240118,13:18:59,1.55,1150,693150
20240118,13:19:12,1.55,200,693150
20240118,13:19:25,1.55,50,693150
20240118,13:19:52,1.6,750,693150
20240118,13:20:19,1.55,150,693150
20240118,13:21:16,1.55,1400,693150
20240118,13:21:29,1.55,1000,694450
20240118,13:21:42,1.5,1600,694450
20240118,13:22:59,1.6,1950,694450
20240118,13:24:04,1.6,100,694450
20240118,13:24:19,1.6,100,694450
20240118,13:28:05,1.6,50,696050
20240118,13:28:17,1.6,550,696050
20240118,13:28:43,1.6,1500,696050
20240118,13:29:08,1.6,1550,696050
20240118,13:29:35,1.55,450,696050
20240118,13:29:51,1.55,150,696050
20240118,13:30:16,1.55,400,697900
20240118,13:30:54,1.55,200,697900
20240118,13:31:08,1.55,400,697900
20240118,13:31:20,1.55,150,697900
20240118,13:31:45,1.6,100,697900
20240118,13:32:59,1.55,900,697900
20240118,13:33:24,1.55,100,698150
20240118,13:33:48,1.6,1500,698150
20240118,13:34:00,1.6,100,698150
20240118,13:35:09,1.55,700,698150
20240118,13:35:34,1.55,250,698150
20240118,13:38:09,1.55,800,697900
20240118,13:38:36,1.55,2550,697900
20240118,13:38:50,1.55,350,697900
20240118,13:39:31,1.6,3000,699200
20240118,13:40:36,1.55,250,699200
20240118,13:41:28,1.55,600,699200
20240118,13:42:35,1.5,350,701300
20240118,13:43:02,1.5,350,701300
20240118,13:45:41,1.5,1800,701650
20240118,13:46:43,1.5,50,701650
20240118,13:47:30,1.5,1800,701650
20240118,13:47:42,1.5,600,701650
20240118,13:49:07,1.5,1000,703100
20240118,13:50:30,1.55,3600,703100
20240118,13:51:21,1.55,50,703100
20240118,13:52:55,1.55,1800,699950
20240118,13:53:06,1.55,1650,699950
20240118,13:53:42,1.55,1050,699950
20240118,13:53:56,1.5,3700,699950
20240118,13:54:10,1.5,2000,699950
20240118,13:54:23,1.5,200,699950
20240118,13:55:02,1.5,700,704700
20240118,13:55:15,1.5,1600,704700
20240118,13:55:27,1.5,1300,704700
20240118,13:57:57,1.55,3600,706450
20240118,13:58:20,1.55,300,706450
20240118,13:58:33,1.55,600,706450
20240118,13:58:46,1.55,150,706450
20240118,13:58:58,1.55,400,706450
20240118,13:59:09,1.55,450,706450
20240118,13:59:20,1.55,50,706450
20240118,14:01:12,1.45,8800,708250
20240118,14:01:50,1.55,9000,708250
20240118,14:02:03,1.55,5000,708250
20240118,14:02:16,1.55,400,708250
20240118,14:02:29,1.55,700,708250
20240118,14:02:42,1.55,650,708250
20240118,14:02:55,1.5,3850,708250
20240118,14:03:08,1.55,1500,708250
20240118,14:03:20,1.55,850,721650
20240118,14:03:32,1.55,200,721650
20240118,14:03:44,1.5,700,721650
20240118,14:03:56,1.5,2000,721650
20240118,14:04:08,1.5,700,721650
20240118,14:04:20,1.55,2250,721650
20240118,14:04:33,1.5,4600,721650
20240118,14:05:22,1.5,250,721650
20240118,14:05:46,1.5,500,721650
20240118,14:05:58,1.5,4000,721650
20240118,14:06:57,1.5,750,729150
20240118,14:07:10,1.55,2100,729150
20240118,14:07:24,1.55,2350,729150
20240118,14:07:38,1.55,1900,729150
20240118,14:08:02,1.55,250,729150
20240118,14:08:14,1.6,1400,729150
20240118,14:08:27,1.6,100,729150
20240118,14:08:39,1.6,500,729150
20240118,14:08:51,1.55,1050,729150
20240118,14:09:03,1.55,100,729150
20240118,14:09:26,1.55,100,727500
20240118,14:09:38,1.5,1100,727500
20240118,14:10:25,1.5,300,727500
20240118,14:11:14,1.5,250,727500
20240118,14:11:50,1.5,250,727500
20240118,14:12:02,1.5,1350,727500
20240118,14:13:11,1.5,50,730850
20240118,14:13:35,1.5,1900,730850
20240118,14:13:48,1.5,1650,730850
20240118,14:15:12,1.5,1250,730850
20240118,14:16:46,1.5,250,730900
20240118,14:17:21,1.55,50,730900
20240118,14:17:33,1.55,150,730900
20240118,14:17:46,1.55,50,730900
20240118,14:17:59,1.55,50,730900
20240118,14:18:11,1.5,1250,730900
20240118,14:18:23,1.55,150,732250
20240118,14:20:22,1.55,7000,732250
20240118,14:20:46,1.55,200,732250
20240118,14:20:58,1.6,2350,732250
20240118,14:21:11,1.6,1200,732250
20240118,14:21:24,1.6,3450,743800
20240118,14:21:36,1.6,1450,743800
20240118,14:21:48,1.6,1000,743800
20240118,14:22:00,1.6,700,743800
20240118,14:22:11,1.6,250,743800
20240118,14:22:23,1.6,100,743800
20240118,14:22:35,1.6,50,743800
20240118,14:22:58,1.55,500,743800
20240118,14:23:10,1.55,250,743800
20240118,14:23:21,1.55,3700,743800
20240118,14:23:32,1.55,1950,743800
20240118,14:24:06,1.55,2000,743800
20240118,14:24:18,1.5,200,743800
20240118,14:25:29,1.55,900,746500
20240118,14:26:07,1.55,1000,746500
20240118,14:26:33,1.55,50,746500
20240118,14:26:57,1.5,150,746500
20240118,14:27:11,1.5,300,746500
20240118,14:27:25,1.5,300,746450
20240118,14:27:39,1.55,100,746450
20240118,14:27:54,1.6,11100,746450
20240118,14:28:09,1.6,5050,746450
20240118,14:28:22,1.6,5450,746450
20240118,14:28:36,1.6,600,746450
20240118,14:28:51,1.6,2800,746450
20240118,14:29:05,1.55,3300,746450
20240118,14:29:19,1.55,700,746450
20240118,14:29:32,1.55,200,746450
20240118,14:29:45,1.55,700,746450
20240118,14:29:58,1.55,100,746450
20240118,14:30:12,1.5,150,746450
20240118,14:30:25,1.5,1800,746450
20240118,14:30:51,1.55,1800,742050
20240118,14:31:05,1.65,15150,742050
20240118,14:31:20,1.65,10200,742050
20240118,14:31:33,1.6,1700,742050
20240118,14:31:46,1.65,1100,742050
20240118,14:32:00,1.65,10100,742050
20240118,14:32:13,1.65,4550,742050
20240118,14:32:27,1.7,3650,742050
20240118,14:32:41,1.7,7100,742050
20240118,14:32:53,1.7,2450,742050
20240118,14:33:06,1.7,3750,742050
20240118,14:33:19,1.7,150,742050
20240118,14:33:32,1.7,600,788300
20240118,14:33:44,1.65,6900,788300
20240118,14:33:57,1.65,200,788300
20240118,14:34:09,1.65,150,788300
20240118,14:34:21,1.6,5350,788300
20240118,14:34:34,1.65,8000,788300
20240118,14:34:59,1.65,20050,788300
20240118,14:35:11,1.65,550,788300
20240118,14:35:23,1.65,1200,788300
20240118,14:35:35,1.65,400,788300
20240118,14:35:46,1.65,2600,788300
20240118,14:35:58,1.65,2800,788300
20240118,14:36:10,1.7,9550,788300
20240118,14:36:22,1.65,3450,788450
20240118,14:36:34,1.65,3000,788450
20240118,14:36:45,1.65,14250,788450
20240118,14:36:57,1.7,12250,788450
20240118,14:37:09,1.7,2000,788450
20240118,14:37:21,1.7,2150,788450
20240118,14:37:34,1.7,3200,788450
20240118,14:37:46,1.7,4500,788450
20240118,14:38:00,1.7,14650,788450
20240118,14:38:14,1.75,16750,788450
20240118,14:38:26,1.75,850,788450
20240118,14:38:39,1.75,14250,788450
20240118,14:38:53,1.75,35100,788450
20240118,14:39:08,1.8,32300,788450
20240118,14:39:21,1.75,9800,788450
20240118,14:39:35,1.8,7050,885650
20240118,14:39:48,1.8,1200,885650
20240118,14:40:00,1.95,27950,885650
20240118,14:40:12,1.85,9650,885650
20240118,14:40:25,1.9,4400,885650
20240118,14:40:37,1.9,11450,885650
20240118,14:40:50,2.0,71900,885650
20240118,14:41:03,2.0,81750,885650
20240118,14:41:16,2.0,65400,885650
20240118,14:41:31,2.05,94900,885650
20240118,14:41:46,2.05,98500,885650
20240118,14:42:02,2.15,243450,885650
20240118,14:42:17,2.2,103650,885650
20240118,14:42:33,2.1,84650,1345400
20240118,14:42:49,2.05,24050,1345400
20240118,14:43:04,2.0,23600,1345400
20240118,14:43:20,2.0,19950,1345400
20240118,14:43:35,1.95,3800,1345400
20240118,14:43:50,1.95,17850,1345400
20240118,14:44:04,1.95,12100,1345400
20240118,14:44:20,1.95,21050,1345400
20240118,14:44:35,1.95,10850,1345400
20240118,14:44:50,1.9,10150,1345400
20240118,14:45:05,1.9,11650,1345400
20240118,14:45:19,1.95,31650,1345400
20240118,14:45:33,1.95,7650,1367950
20240118,14:45:49,1.95,28450,1367950
20240118,14:46:02,1.95,9600,1367950
20240118,14:46:17,1.95,19850,1367950
20240118,14:46:31,1.9,16200,1367950
20240118,14:46:46,1.9,1850,1367950
20240118,14:47:00,1.9,7750,1367950
20240118,14:47:14,1.95,6050,1367950
20240118,14:47:28,1.95,4450,1367950
20240118,14:47:42,1.9,13250,1367950
20240118,14:47:55,1.95,10750,1367950
20240118,14:48:09,1.9,3600,1367950
20240118,14:48:22,1.9,27900,1366150
20240118,14:48:35,1.85,6700,1366150
20240118,14:48:48,1.85,14500,1366150
20240118,14:49:01,1.85,10500,1366150
20240118,14:49:14,1.85,4850,1366150
20240118,14:49:27,1.85,2550,1366150
20240118,14:49:40,1.85,15300,1366150
20240118,14:49:53,1.8,14750,1366150
20240118,14:50:06,1.8,2000,1366150
20240118,14:50:19,1.85,3950,1366150
20240118,14:50:34,1.8,900,1366150
20240118,14:50:48,1.8,11600,1366150
20240118,14:51:02,1.75,14050,1366150
20240118,14:51:16,1.8,20100,1366150
20240118,14:51:30,1.8,2150,1366450
20240118,14:51:44,1.8,19200,1366450
20240118,14:51:57,1.8,8850,1366450
20240118,14:52:11,1.85,7100,1366450
20240118,14:52:26,1.8,8600,1366450
20240118,14:52:40,1.85,7900,1366450
20240118,14:52:54,2.0,129200,1366450
20240118,14:53:08,2.0,74500,1366450
20240118,14:53:21,2.0,36500,1366450
20240118,14:53:35,2.0,11700,1366450
20240118,14:53:49,2.0,52300,1366450
20240118,14:54:03,2.0,41800,1366450
20240118,14:54:17,2.0,34050,1366450
20240118,14:54:46,1.95,12150,1666300
20240118,14:55:00,1.95,23750,1666300
20240118,14:55:14,1.95,11850,1666300
20240118,14:55:28,1.9,9000,1666300
20240118,14:55:43,1.9,12250,1666300
20240118,14:55:56,1.9,1400,1666300
20240118,14:56:09,1.9,7600,1666300
20240118,14:56:22,1.9,7700,1666300
20240118,14:56:35,1.95,15550,1666300
20240118,14:56:48,1.95,29250,1666300
20240118,14:57:01,1.95,7600,1666300
20240118,14:57:15,1.95,10250,1666300
20240118,14:57:29,1.95,2700,1666300
20240118,14:57:42,1.95,14500,1684600
20240118,14:57:55,1.95,2400,1684600
20240118,14:58:09,1.95,18150,1684600
20240118,14:58:22,1.95,17800,1684600
20240118,14:58:34,1.95,600,1684600
20240118,14:58:47,2.0,2250,1684600
20240118,14:59:01,1.95,9150,1684600
20240118,14:59:14,1.95,5900,1684600
20240118,14:59:27,1.95,5850,1684600
20240118,14:59:40,1.9,14250,1684600
20240118,14:59:52,1.9,9500,1684600
20240118,15:00:05,1.9,2800,1684600
20240118,15:00:18,1.9,3700,1684600
20240118,15:00:31,1.9,15000,1695350
20240118,15:00:44,1.9,2000,1695350
20240118,15:00:58,1.9,200,1695350
20240118,15:01:11,1.85,13250,1695350
20240118,15:01:25,1.85,9050,1695350
20240118,15:01:39,1.85,3700,1695350
20240118,15:01:53,1.85,150,1695350
20240118,15:02:07,1.85,6550,1695350
20240118,15:02:20,1.8,30750,1695350
20240118,15:02:33,1.8,14400,1695350
20240118,15:02:46,1.8,19850,1695350
20240118,15:03:00,1.8,1650,1695350
20240118,15:03:13,1.8,7200,1695350
20240118,15:03:26,1.8,3800,1696050
20240118,15:03:39,1.85,8000,1696050
20240118,15:03:52,1.8,1400,1696050
20240118,15:04:06,1.85,2000,1696050
20240118,15:04:19,1.8,6000,1696050
20240118,15:04:33,1.8,10200,1696050
20240118,15:04:45,1.75,3850,1696050
20240118,15:04:58,1.8,6000,1696050
20240118,15:05:11,1.85,2950,1696050
20240118,15:05:23,1.9,10800,1696050
20240118,15:05:36,1.9,900,1696050
20240118,15:05:49,1.9,20950,1696050
20240118,15:06:02,1.9,9600,1696050
20240118,15:06:16,1.9,15300,1696050
20240118,15:06:31,1.9,21750,1723000
20240118,15:06:45,1.95,8450,1723000
20240118,15:06:59,1.9,21450,1723000
20240118,15:07:13,1.85,33400,1723000
20240118,15:07:27,1.85,6100,1723000
20240118,15:07:40,1.85,10350,1723000
20240118,15:07:54,1.9,5800,1723000
20240118,15:08:21,1.85,3100,1723000
20240118,15:08:34,1.95,43000,1723000
20240118,15:08:48,1.95,120850,1723000
20240118,15:09:03,1.9,26450,1723000
20240118,15:09:17,1.9,18100,1723000
20240118,15:09:31,1.95,11450,1881000
20240118,15:09:44,1.9,7500,1881000
20240118,15:09:58,1.9,4400,1881000
20240118,15:10:11,1.85,6100,1881000
20240118,15:10:25,1.85,4900,1881000
20240118,15:10:38,1.85,28650,1881000
20240118,15:10:51,1.85,4200,1881000
20240118,15:11:04,1.8,9950,1881000
20240118,15:11:19,1.8,6800,1881000
20240118,15:11:32,1.8,15400,1881000
20240118,15:11:45,1.8,9650,1881000
20240118,15:11:58,1.8,10900,1881000
20240118,15:12:12,1.75,2600,1881000
20240118,15:12:26,1.8,7100,1881000
20240118,15:12:38,1.8,8950,1899750
20240118,15:12:51,1.8,5050,1899750
20240118,15:13:06,1.75,12550,1899750
20240118,15:13:21,1.75,10000,1899750
20240118,15:13:35,1.8,14950,1899750
20240118,15:13:48,1.75,1050,1899750
20240118,15:14:02,1.75,18000,1899750
20240118,15:14:16,1.75,3900,1899750
20240118,15:14:31,1.75,12950,1899750
20240118,15:14:45,1.8,7750,1899750
20240118,15:14:59,1.8,12750,1899750
20240118,15:15:13,1.75,25850,1899750
20240118,15:15:27,1.8,7950,1947100
20240118,15:15:42,1.8,14300,1947100
20240118,15:15:55,1.8,13350,1947100
20240118,15:16:09,1.8,25250,1947100
20240118,15:16:23,1.8,20350,1947100
20240118,15:16:37,1.8,5400,1947100
20240118,15:16:51,1.8,5650,1947100
20240118,15:17:05,1.8,3000,1947100
20240118,15:17:18,1.75,9300,1947100
20240118,15:17:32,1.75,16500,1947100
20240118,15:17:46,1.75,13150,1947100
20240118,15:18:00,1.75,40050,1947100
20240118,15:18:14,1.8,7700,1947100
20240118,15:18:27,1.8,29100,1932250
20240118,15:18:40,1.85,48600,1932250
20240118,15:18:54,1.85,24100,1932250
20240118,15:19:07,1.85,67100,1932250
20240118,15:19:22,1.9,170350,1932250
20240118,15:19:37,2.0,143500,1932250
20240118,15:19:51,1.85,119950,1932250
20240118,15:20:05,1.95,122900,1932250
20240118,15:20:19,1.95,68150,1932250
20240118,15:20:33,2.0,54650,1932250
20240118,15:20:47,2.0,37650,1932250
20240118,15:21:00,2.0,42800,1932250
20240118,15:21:14,1.95,30750,1932250
20240118,15:21:27,2.0,44900,2365800
20240118,15:21:41,1.95,27350,2365800
20240118,15:21:54,2.0,36050,2365800
20240118,15:22:09,1.95,31950,2365800
20240118,15:22:23,2.0,26100,2365800
20240118,15:22:37,1.95,7950,2365800
20240118,15:22:51,1.95,8700,2365800
20240118,15:23:04,1.95,43050,2365800
20240118,15:23:18,1.95,43450,2365800
20240118,15:23:32,1.95,35750,2365800
20240118,15:23:46,2.0,94500,2365800
20240118,15:23:59,2.0,32750,2365800
20240118,15:24:13,2.0,43600,2365800
20240118,15:24:28,2.05,34400,2583100
20240118,15:24:41,1.95,28850,2583100
20240118,15:24:55,2.0,32100,2583100
20240118,15:25:08,2.0,21300,2583100
20240118,15:25:22,2.0,11600,2583100
20240118,15:25:36,2.0,38050,2583100
20240118,15:25:50,1.95,33750,2583100
20240118,15:26:04,1.95,8800,2583100
20240118,15:26:18,2.0,26050,2583100
20240118,15:26:32,1.95,20650,2583100
20240118,15:26:45,2.0,24550,2583100
20240118,15:26:59,2.0,47400,2583100
20240118,15:27:13,2.05,91200,2583100
20240118,15:27:27,2.15,83850,2583100
20240118,15:27:41,2.15,103300,2677800
20240118,15:27:53,2.1,50100,2677800
20240118,15:28:07,2.05,50600,2677800
20240118,15:28:21,2.0,34450,2677800
20240118,15:28:34,2.1,55550,2677800
20240118,15:28:48,2.1,52650,2677800
20240118,15:29:03,2.05,26000,2677800
20240118,15:29:18,2.05,25500,2677800
20240118,15:29:32,1.9,19900,2677800
20240118,15:29:47,1.95,24350,2677800
20240118,15:30:02,2.0,5950,2677800
20240119,09:15:01,1.5,1,2805300
20240119,09:15:01,1.45,1,2805300
20240119,09:15:01,1.5,11700,2805300
20240119,09:15:03,1.5,14150,2805300
20240119,09:15:05,1.5,3800,2805300
20240119,09:15:06,1.5,3450,2805300
20240119,09:15:08,1.5,10450,2805300
20240119,09:15:09,1.4,3050,2805300
20240119,09:15:11,1.4,2050,2805300
20240119,09:15:13,1.5,2000,2805300
20240119,09:15:14,1.5,4100,2805300
20240119,09:15:16,1.5,10600,2805300
20240119,09:15:18,1.5,12800,2805300
20240119,09:15:19,1.5,8550,2805300
20240119,09:15:21,1.5,21850,2805300
20240119,09:15:22,1.5,100,2805300
20240119,09:15:24,1.55,3300,2805300
20240119,09:15:26,1.55,2900,2805300
20240119,09:15:27,1.5,200,2805300
20240119,09:15:30,1.55,1850,2805300
20240119,09:15:34,1.5,1800,2805300
20240119,09:15:35,1.5,2100,2805300
20240119,09:15:37,1.75,32950,2805300
20240119,09:15:39,1.6,2350,2805300
20240119,09:15:40,1.6,5450,2805300
20240119,09:15:42,1.6,2800,2805300
20240119,09:15:43,1.55,1800,2805300
20240119,09:15:47,1.6,1850,2805300
20240119,09:15:48,1.6,100,2805300
20240119,09:15:50,1.6,500,2805300
20240119,09:15:51,1.6,400,2805300
20240119,09:15:53,1.55,6800,2805300
20240119,09:15:56,1.55,3000,2805300
20240119,09:15:58,1.55,1850,2805300
20240119,09:15:59,1.6,50,2805300
20240119,09:16:01,1.5,1500,2805300
20240119,09:16:03,1.55,2300,2805300
20240119,09:16:04,1.6,750,2805300
20240119,09:16:06,1.55,250,2805300
20240119,09:16:07,1.55,5350,2805300
20240119,09:16:09,1.55,100,2805300
20240119,09:16:11,1.55,4050,2805300
20240119,09:16:12,1.55,2850,2805300
20240119,09:16:14,1.55,3400,2805300
20240119,09:16:15,1.55,100,2805300
20240119,09:16:17,1.5,150,2805300
20240119,09:16:18,1.55,900,2805300
20240119,09:16:20,1.55,100,2805300
20240119,09:16:22,1.5,3900,2805300
20240119,09:16:23,1.55,4800,2805300
20240119,09:16:25,1.55,13700,2805300
20240119,09:16:28,1.55,1050,2805300
20240119,09:16:30,1.6,6900,2805300
20240119,09:16:31,1.6,5400,2805300
20240119,09:16:33,1.6,350,2805300
20240119,09:16:34,1.55,1950,2805300
20240119,09:16:36,1.6,200,2805300
20240119,09:16:38,1.6,950,2805300
20240119,09:16:39,1.6,150,2805300
20240119,09:16:41,1.6,350,2805300
20240119,09:16:43,1.6,1850,2805300
20240119,09:16:44,1.6,350,2805300
20240119,09:16:46,1.6,200,2805300
