date,time,tick_price,volume,open_interest
20231229,09:20:07,5.95,100,100
20231229,09:20:14,6.6,4050,100
20231229,09:20:20,5.7,2000,100
20231229,09:20:27,5.7,250,100
20231229,09:20:45,5.6,200,100
20231229,09:20:52,5.35,1000,100
20231229,09:21:10,5.35,150,100
20231229,09:21:29,5.6,50,100
20231229,09:21:41,5.3,100,100
20231229,09:21:54,5.55,150,100
20231229,09:22:14,5.5,150,100
20231229,09:23:02,5.3,100,100
20231229,09:23:50,5.15,50,5400
20231229,09:24:11,5.15,150,5400
20231229,09:24:31,5.35,50,5400
20231229,09:24:50,5.35,50,5400
20231229,09:25:02,5.35,50,5400
20231229,09:25:15,5.35,100,5400
20231229,09:25:35,5.4,100,5400
20231229,09:26:07,5.5,50,5400
20231229,09:26:14,5.5,200,5700
20231229,09:26:59,5.5,100,5700
20231229,09:27:38,5.55,550,5700
20231229,09:28:02,5.45,100,5700
20231229,09:28:54,5.4,1650,5700
20231229,09:29:01,5.45,50,5700
20231229,09:29:07,5.4,150,5700
20231229,09:29:13,5.4,100,6750
20231229,09:29:20,5.4,100,6750
20231229,09:29:45,5.45,200,6750
20231229,09:29:51,5.5,150,6750
20231229,09:29:58,5.5,150,6750
20231229,09:30:05,5.55,50,6750
20231229,09:30:18,5.5,200,6750
20231229,09:30:31,5.55,50,6750
20231229,09:32:05,5.55,100,6750
20231229,09:32:11,5.65,350,7300
20231229,09:32:31,5.65,450,7300
20231229,09:33:04,5.6,100,7300
20231229,09:33:30,5.25,1800,7300
20231229,09:34:02,5.2,50,7300
20231229,09:34:29,5.35,150,7300
20231229,09:35:04,5.35,50,7300
20231229,09:35:11,5.4,250,7300
20231229,09:35:50,5.45,100,8600
20231229,09:35:57,5.45,50,8600
20231229,09:36:17,5.45,50,8600
20231229,09:36:25,5.45,100,8600
20231229,09:36:58,5.45,100,8600
20231229,09:37:31,5.45,150,8600
20231229,09:37:37,5.45,50,8600
20231229,09:38:30,5.35,50,8900
20231229,09:38:51,5.4,50,8900
20231229,09:38:58,5.4,50,8900
20231229,09:39:12,5.35,50,8900
20231229,09:39:51,5.4,50,8900
20231229,09:40:05,5.4,1900,8900
20231229,09:40:11,5.45,100,8900
20231229,09:40:26,5.4,1850,8900
20231229,09:40:55,5.3,100,8900
20231229,09:41:02,5.3,100,8900
20231229,09:41:51,5.35,50,11050
20231229,09:42:25,5.1,850,11050
20231229,09:43:05,5.1,100,11050
20231229,09:43:31,5.1,2050,11050
20231229,09:44:02,5.25,450,11050
20231229,09:44:20,5.2,250,11050
20231229,09:44:39,5.15,200,14100
20231229,09:45:12,5.15,50,14100
20231229,09:45:50,5.15,50,14100
20231229,09:46:41,5.15,200,14100
20231229,09:47:20,5.1,50,14050
20231229,09:47:26,5.1,50,14050
20231229,09:47:38,5.1,50,14050
20231229,09:47:50,5.1,50,14050
20231229,09:47:56,5.1,50,14050
20231229,09:48:01,5.1,50,14050
20231229,09:48:14,5.15,250,14050
20231229,09:48:32,5.15,100,14050
20231229,09:48:39,5.15,250,14050
20231229,09:49:03,5.15,100,14050
20231229,09:50:18,5.15,100,14700
20231229,09:51:26,5.2,550,14700
20231229,09:51:32,5.3,250,14700
20231229,09:51:39,5.35,1500,14700
20231229,09:51:51,5.35,100,14700
20231229,09:51:58,5.35,300,14700
20231229,09:52:38,5.35,300,14700
20231229,09:52:51,5.35,100,14700
20231229,09:53:17,5.4,300,15200
20231229,09:55:34,5.4,50,15200
20231229,09:56:00,5.4,50,15200
20231229,09:57:56,5.3,250,15250
20231229,09:58:09,5.3,800,15250
20231229,09:58:36,5.25,50,15250
20231229,09:58:42,5.25,550,15250
20231229,10:00:13,5.25,200,16450
20231229,10:00:19,5.15,750,16450
20231229,10:00:26,5.25,400,16450
20231229,10:02:09,5.3,350,16450
20231229,10:02:21,5.25,100,17150
20231229,10:03:10,5.15,700,17150
20231229,10:05:35,5.15,750,17850
20231229,10:05:41,5.1,400,17850
20231229,10:05:47,5.05,250,17850
20231229,10:05:53,5.0,1000,17850
20231229,10:06:15,5.15,100,17850
20231229,10:06:38,5.15,100,17850
20231229,10:07:00,5.2,150,17850
20231229,10:07:06,5.15,350,17850
20231229,10:07:12,5.2,500,17850
20231229,10:07:18,5.2,300,17850
20231229,10:07:24,5.2,100,17850
20231229,10:07:42,5.15,400,17850
20231229,10:07:55,5.25,400,17850
20231229,10:08:02,5.25,200,17850
20231229,10:08:09,5.15,400,17850
20231229,10:08:22,5.1,50,20450
20231229,10:08:35,5.1,50,20450
20231229,10:08:48,5.1,250,20450
20231229,10:08:59,5.1,450,20450
20231229,10:09:05,5.1,100,20450
20231229,10:09:24,5.15,50,20450
20231229,10:09:59,5.15,100,20450
20231229,10:10:11,5.15,50,20450
20231229,10:10:56,5.1,150,20450
20231229,10:11:03,5.1,150,20450
20231229,10:11:10,5.05,200,20450
20231229,10:11:17,5.05,100,20450
20231229,10:12:31,5.05,50,20450
20231229,10:12:50,5.05,100,19800
20231229,10:12:56,5.05,50,19800
20231229,10:13:35,5.05,50,19800
20231229,10:14:34,5.0,300,19700
20231229,10:14:47,4.95,50,19700
20231229,10:15:22,4.95,50,19700
20231229,10:16:09,5.0,500,19700
20231229,10:16:23,4.95,500,19700
20231229,10:16:42,5.05,50,19700
20231229,10:16:49,5.05,300,19700
20231229,10:16:55,5.1,100,19700
20231229,10:17:02,5.05,400,19700
20231229,10:17:48,5.1,50,20650
20231229,10:17:54,5.05,100,20650
20231229,10:18:00,5.05,200,20650
20231229,10:19:34,5.0,50,20650
20231229,10:20:47,4.95,100,20650
20231229,10:21:01,4.7,6000,20650
20231229,10:21:24,4.95,100,20650
20231229,10:21:45,4.95,50,20650
20231229,10:22:03,4.95,600,20650
20231229,10:22:27,5.0,3000,20650
20231229,10:22:52,5.0,100,20650
20231229,10:23:16,5.0,4000,20650
20231229,10:24:06,4.9,250,23650
20231229,10:24:40,4.95,100,23650
20231229,10:24:47,4.95,100,23650
20231229,10:25:14,4.95,100,23650
20231229,10:27:39,5.0,450,23900
20231229,10:27:45,5.0,200,23900
20231229,10:28:22,5.0,250,23900
20231229,10:28:40,5.05,50,23900
20231229,10:28:59,5.0,500,23900
20231229,10:31:09,4.95,200,24950
20231229,10:34:26,4.95,50,25150
20231229,10:36:12,4.9,500,25150
20231229,10:36:17,4.9,250,25150
20231229,10:38:15,4.95,450,25150
20231229,10:41:25,4.95,50,26150
20231229,10:43:04,4.9,50,26150
20231229,10:44:22,4.95,250,26250
20231229,10:44:27,4.95,4200,26250
20231229,10:44:32,4.9,1300,26250
20231229,10:44:42,4.9,250,26250
20231229,10:44:57,4.9,50,26250
20231229,10:46:05,4.9,250,26250
20231229,10:47:19,4.9,200,26250
20231229,10:47:37,4.85,1050,27600
20231229,10:47:42,4.85,650,27600
20231229,10:48:19,4.8,3300,27600
20231229,10:48:24,4.8,1250,27600
20231229,10:48:33,4.8,250,27600
20231229,10:48:56,4.8,100,27600
20231229,10:49:01,4.8,400,27600
20231229,10:49:07,4.8,50,27600
20231229,10:50:44,4.8,1150,31900
20231229,10:50:58,4.8,250,31900
20231229,10:51:45,4.8,100,31900
20231229,10:52:53,4.8,50,31900
20231229,10:54:06,4.75,200,33100
20231229,10:54:12,4.75,500,33100
20231229,10:54:19,4.8,250,33100
20231229,10:54:44,4.8,250,33100
20231229,10:55:06,4.8,250,33100
20231229,10:55:22,4.8,1200,33100
20231229,10:58:18,4.8,1200,35000
20231229,10:58:38,4.8,600,35000
20231229,11:00:14,4.8,1750,36800
20231229,11:00:36,4.75,50,36800
20231229,11:00:54,4.75,1500,36800
20231229,11:01:18,4.7,2350,36800
20231229,11:01:54,4.65,1500,36800
20231229,11:02:08,4.65,1500,36800
20231229,11:02:19,4.65,1000,36800
20231229,11:02:27,4.65,500,45650
20231229,11:02:40,4.65,1600,45650
20231229,11:03:04,4.65,1600,45650
20231229,11:05:32,4.65,2400,47400
20231229,11:05:35,4.65,2050,47400
20231229,11:05:46,4.65,1500,47400
20231229,11:06:46,4.65,500,47400
20231229,11:07:08,4.7,1050,47400
20231229,11:07:20,4.65,1000,47400
20231229,11:07:47,4.65,450,47400
20231229,11:08:47,4.65,600,55600
20231229,11:08:55,4.65,1000,55600
20231229,11:08:59,4.65,1850,55600
20231229,11:09:25,4.6,1800,55600
20231229,11:11:19,4.5,6200,55600
20231229,11:11:24,4.45,1050,67000
20231229,11:12:06,4.45,250,67000
20231229,11:13:12,4.4,250,67000
20231229,11:14:59,4.4,250,68300
20231229,11:15:04,4.45,250,68300
20231229,11:15:20,4.4,50,68300
20231229,11:15:26,4.4,50,68300
20231229,11:15:31,4.45,300,68300
20231229,11:15:40,4.45,250,68300
20231229,11:15:45,4.45,250,68300
20231229,11:16:29,4.45,50,68300
20231229,11:20:37,4.45,2100,68050
20231229,11:21:03,4.5,50,68050
20231229,11:21:25,4.5,250,68050
20231229,11:21:33,4.4,50,68050
20231229,11:22:20,4.5,50,68050
20231229,11:23:26,4.5,100,68050
20231229,11:23:53,4.5,50,68050
20231229,11:24:54,4.35,6000,68050
20231229,11:29:58,4.45,50,68050
20231229,11:30:10,4.3,6000,68050
20231229,11:32:34,4.4,550,68050
20231229,11:33:25,4.4,250,68050
20231229,11:33:36,4.4,850,68050
20231229,11:33:48,4.45,150,68050
20231229,11:34:18,4.5,2000,68050
20231229,11:34:30,4.55,400,68050
20231229,11:34:43,4.55,750,68050
20231229,11:36:35,4.55,2400,66650
20231229,11:36:39,4.5,1000,66650
20231229,11:36:44,4.5,1000,66650
20231229,11:36:48,4.5,500,66650
20231229,11:37:31,4.5,600,66650
20231229,11:37:35,4.5,500,66650
20231229,11:38:01,4.6,1000,66650
20231229,11:38:16,4.6,1000,66650
20231229,11:38:49,4.65,50,70650
20231229,11:38:57,4.65,50,70650
20231229,11:39:12,4.6,1000,70650
20231229,11:39:15,4.6,1300,70650
20231229,11:39:19,4.55,1500,70650
20231229,11:39:30,4.55,1200,70650
20231229,11:40:03,4.6,50,70650
20231229,11:40:57,4.55,1800,70650
20231229,11:41:19,4.6,650,70650
20231229,11:43:33,4.65,250,76800
20231229,11:44:12,4.65,1650,76800
20231229,11:46:48,4.65,250,78450
20231229,11:47:24,4.65,1800,78450
20231229,11:47:57,4.65,1000,78450
20231229,11:47:59,4.7,100,80250
20231229,11:48:15,4.7,1000,80250
20231229,11:49:02,4.65,250,80250
20231229,11:50:27,4.65,250,80250
20231229,11:52:07,4.65,50,81500
20231229,11:53:02,4.65,1000,81500
20231229,11:55:41,4.65,550,82050
20231229,11:58:49,4.6,200,82050
20231229,12:01:50,4.6,250,82250
20231229,12:01:53,4.6,550,82250
20231229,12:01:57,4.55,250,82250
20231229,12:03:48,4.35,100,82250
20231229,12:05:43,4.35,200,82350
20231229,12:06:59,4.4,50,82350
20231229,12:10:39,4.4,50,82350
20231229,12:10:59,4.3,1800,82350
20231229,12:11:55,4.3,1800,84150
20231229,12:14:09,4.3,1500,84150
20231229,12:16:28,4.3,4250,87450
20231229,12:16:42,4.3,250,87450
20231229,12:16:47,4.3,250,87450
20231229,12:16:52,4.3,350,87450
20231229,12:18:21,4.3,750,83450
20231229,12:18:29,4.35,650,83450
20231229,12:20:55,4.4,50,82550
20231229,12:23:31,4.3,400,82550
20231229,12:23:36,4.3,450,82550
20231229,12:23:53,4.25,250,82550
20231229,12:24:06,4.25,50,82550
20231229,12:26:20,4.2,300,82550
20231229,12:26:55,4.2,50,82550
20231229,12:28:02,4.2,2000,82550
20231229,12:28:12,4.15,250,82550
20231229,12:28:37,4.15,350,82550
20231229,12:29:27,4.15,650,82550
20231229,12:29:53,4.15,50,79900
20231229,12:29:58,4.15,400,79900
20231229,12:30:53,4.15,350,79900
20231229,12:31:18,4.15,450,79900
20231229,12:31:44,4.1,50,79900
20231229,12:31:56,4.1,50,79900
20231229,12:32:11,4.1,350,79900
20231229,12:32:37,4.1,1000,79550
20231229,12:32:43,4.1,1000,79550
20231229,12:32:47,4.1,1000,79550
20231229,12:34:29,4.05,350,79550
20231229,12:34:35,4.05,50,79550
20231229,12:35:49,3.9,300,76550
20231229,12:35:52,3.9,50,76550
20231229,12:36:03,3.9,250,76550
20231229,12:37:58,3.9,250,76550
20231229,12:38:55,3.9,250,76800
20231229,12:40:23,3.75,2200,76800
20231229,12:40:50,3.75,50,76800
20231229,12:42:44,3.8,250,76700
20231229,12:44:20,3.75,100,76700
20231229,12:44:35,3.8,250,76700
20231229,12:45:13,3.75,250,76700
20231229,12:45:48,3.7,1850,76700
20231229,12:53:58,3.6,50,74900
20231229,12:54:11,3.6,500,74900
20231229,12:55:20,3.6,50,74900
20231229,12:58:16,3.6,250,74400
20231229,13:00:23,3.6,300,74400
20231229,13:03:24,3.6,250,74400
20231229,13:04:43,3.55,50,74400
20231229,13:06:26,3.55,750,74400
20231229,13:06:30,3.55,100,74400
20231229,13:06:35,3.55,250,74400
20231229,13:07:14,3.55,100,74400
20231229,13:09:13,3.5,150,74450
20231229,13:09:21,3.45,1800,74450
20231229,13:11:44,3.45,100,74450
20231229,13:12:07,3.45,250,74450
20231229,13:13:15,3.4,350,74450
20231229,13:14:54,3.35,150,74450
20231229,13:14:58,3.35,150,74450
20231229,13:15:02,3.35,300,74450
20231229,13:16:02,3.35,350,74450
20231229,13:16:09,3.35,250,74450
20231229,13:16:16,3.35,250,74450
20231229,13:17:35,3.35,250,74450
20231229,13:18:07,3.35,250,74200
20231229,13:20:13,3.35,250,74200
20231229,13:22:37,3.35,50,74200
20231229,13:22:53,3.35,100,74200
20231229,13:23:58,3.35,250,74200
20231229,13:24:18,3.35,300,74200
20231229,13:24:22,3.35,250,74200
20231229,13:24:25,3.35,300,74200
20231229,13:24:29,3.35,550,74200
20231229,13:24:44,3.35,500,74200
20231229,13:24:56,3.35,550,74200
20231229,13:25:07,3.35,250,74200
20231229,13:25:18,3.35,250,74200
20231229,13:25:46,3.35,50,74200
20231229,13:29:06,3.35,600,74150
20231229,13:29:10,3.35,150,74150
20231229,13:29:27,3.35,300,74150
20231229,13:29:51,3.35,200,74000
20231229,13:30:08,3.35,550,74000
20231229,13:30:13,3.35,550,74000
20231229,13:30:18,3.35,300,74000
20231229,13:31:04,3.35,500,74000
20231229,13:35:58,3.35,1550,73800
20231229,13:38:35,3.35,450,73800
20231229,13:39:33,3.4,50,73800
20231229,13:44:49,3.4,150,73800
20231229,13:46:10,3.4,100,73800
20231229,13:50:55,3.4,50,73800
20231229,13:52:57,3.35,600,73800
20231229,13:54:24,3.4,50,74400
20231229,13:55:22,3.4,3000,74400
20231229,13:56:33,3.45,1800,74400
20231229,13:56:39,3.45,1800,74400
20231229,13:56:57,3.4,250,67800
20231229,13:58:35,3.45,150,67800
20231229,13:59:21,3.45,1200,67800
20231229,13:59:43,3.45,1000,67800
20231229,14:00:07,3.45,1200,65350
20231229,14:00:13,3.4,850,65350
20231229,14:00:26,3.45,1950,65350
20231229,14:00:36,3.4,250,65350
20231229,14:00:40,3.4,250,65350
20231229,14:00:43,3.4,1000,65350
20231229,14:00:48,3.4,100,65350
20231229,14:05:28,3.35,100,62250
20231229,14:07:04,3.35,200,62250
20231229,14:07:25,3.35,100,62250
20231229,14:08:27,3.3,250,62250
20231229,14:08:35,3.3,250,62250
20231229,14:08:39,3.3,450,62250
20231229,14:09:47,3.3,50,62250
20231229,14:12:25,3.3,150,62250
20231229,14:12:48,3.25,500,62250
20231229,14:13:01,3.25,600,62250
20231229,14:14:47,3.25,350,62250
20231229,14:14:54,3.25,250,62350
20231229,14:15:02,3.25,1750,62350
20231229,14:16:25,3.2,200,62350
20231229,14:19:47,3.15,1800,61850
20231229,14:22:38,3.15,250,61850
20231229,14:24:31,3.1,600,61850
20231229,14:24:47,3.1,300,61850
20231229,14:25:12,3.1,1750,61850
20231229,14:26:10,3.2,800,61850
20231229,14:26:19,3.25,500,61850
20231229,14:26:29,3.25,300,61850
20231229,14:27:46,3.25,500,61850
20231229,14:28:24,3.25,100,61850
20231229,14:28:28,3.25,50,61850
20231229,14:28:44,3.25,250,61850
20231229,14:28:48,3.25,1100,61850
20231229,14:29:30,3.3,5800,61850
20231229,14:30:24,3.35,1800,57750
20231229,14:31:16,3.4,2600,57750
20231229,14:31:21,3.4,250,57750
20231229,14:31:25,3.45,1800,57750
20231229,14:31:43,3.45,50,57750
20231229,14:35:44,3.45,600,52450
20231229,14:38:24,3.45,50,51850
20231229,14:40:01,3.4,250,51850
20231229,14:40:24,3.4,250,51850
20231229,14:41:29,3.45,850,51850
20231229,14:41:38,3.45,250,51850
20231229,14:42:37,3.45,200,51750
20231229,14:44:02,3.45,50,51750
20231229,14:48:15,3.45,50,51750
20231229,14:53:11,3.45,550,51750
20231229,14:53:16,3.45,1100,51750
20231229,14:53:22,3.45,800,51750
20231229,14:53:27,3.45,1000,51750
20231229,14:53:32,3.45,250,51750
20231229,14:53:53,3.45,250,51750
20231229,14:54:03,3.45,1150,55700
20231229,14:54:46,3.45,850,55700
20231229,14:54:51,3.45,800,55700
20231229,14:54:56,3.45,250,55700
20231229,14:55:01,3.5,750,55700
20231229,14:55:06,3.45,350,55700
20231229,14:55:51,3.5,200,55700
20231229,14:56:02,3.6,300,55700
20231229,14:56:18,3.6,50,55700
20231229,14:57:13,3.6,500,55700
20231229,14:57:18,3.55,100,53100
20231229,14:57:28,3.6,400,53100
20231229,14:57:33,3.6,100,53100
20231229,14:57:38,3.65,100,53100
20231229,14:59:30,3.65,6000,53100
20231229,14:59:35,3.65,2000,53100
20231229,15:00:29,3.7,150,51750
20231229,15:01:10,3.75,250,51750
20231229,15:01:24,3.75,500,51750
20231229,15:01:47,3.75,950,51750
20231229,15:02:05,3.75,50,51750
20231229,15:02:14,3.75,500,51750
20231229,15:02:23,3.7,250,51750
20231229,15:02:31,3.65,150,51750
20231229,15:02:39,3.65,900,51750
20231229,15:03:46,3.65,300,52350
20231229,15:07:06,3.7,800,52600
20231229,15:07:58,3.7,500,52600
20231229,15:09:11,3.75,500,53000
20231229,15:09:16,3.7,250,53000
20231229,15:09:37,3.7,100,53000
20231229,15:10:20,3.65,250,53000
20231229,15:10:30,3.65,600,53000
20231229,15:10:40,3.65,250,53000
20231229,15:10:45,3.65,750,53000
20231229,15:11:47,3.7,500,53000
20231229,15:12:47,3.6,500,53900
20231229,15:12:59,3.6,900,53900
20231229,15:15:04,3.55,100,55300
20231229,15:16:26,3.5,50,55300
20231229,15:17:49,3.6,50,55300
20231229,15:19:17,3.6,50,55350
20231229,15:20:42,3.55,750,55350
20231229,15:21:51,3.55,500,55050
20231229,15:22:40,3.55,50,55050
20231229,15:22:56,3.55,50,55050
20231229,15:24:33,3.45,800,55550
20231229,15:24:44,3.45,850,55550
20231229,15:24:49,3.45,400,55550
20231229,15:25:43,3.4,750,55550
20231229,15:26:36,3.3,500,55550
20231229,15:27:02,3.25,1300,56800
20231229,15:27:32,3.25,2150,56800
20231229,15:28:00,3.3,1000,56800
20231229,15:28:24,3.3,900,56800
20231229,15:28:52,3.3,500,56800
20231229,15:29:34,3.3,250,56800
20231229,15:29:41,3.25,1000,56800
20231229,15:29:47,3.25,400,56800
20240101,09:15:03,3.55,1,53800
20240101,09:15:03,3.5,1,53800
20240101,09:15:03,3.65,200,53800
20240101,09:15:14,3.6,300,53800
20240101,09:15:26,3.5,1900,53800
20240101,09:16:11,3.3,50,53800
20240101,09:16:18,3.2,150,53800
20240101,09:16:25,3.0,100,53800
20240101,09:16:59,3.0,450,53800
20240101,09:17:10,2.95,450,53800
20240101,09:17:17,3.1,50,53800
20240101,09:17:34,3.1,50,56400
20240101,09:18:14,3.0,200,56400
20240101,09:18:30,3.05,550,56400
20240101,09:18:37,3.0,50,56400
20240101,09:18:50,3.05,750,56400
20240101,09:18:58,3.15,50,56400
20240101,09:19:52,3.1,50,56400
20240101,09:20:14,3.1,250,56400
20240101,09:20:33,3.05,300,57050
20240101,09:20:51,3.05,150,57050
20240101,09:23:14,3.1,150,57050
20240101,09:24:00,3.05,100,57450
20240101,09:24:06,3.05,50,57450
20240101,09:24:32,3.05,50,57450
20240101,09:25:54,3.05,50,57450
20240101,09:27:02,3.05,100,57500
20240101,09:28:06,3.0,350,57500
20240101,09:28:33,3.0,50,57500
20240101,09:28:47,2.95,300,57500
20240101,09:29:15,3.0,50,57500
20240101,09:30:03,3.0,50,57700
20240101,09:30:17,2.9,300,57700
20240101,09:30:58,2.8,50,57700
20240101,09:31:19,2.8,500,57700
20240101,09:31:53,2.8,100,57700
20240101,09:31:59,2.8,350,57700
20240101,09:32:06,2.8,100,57700
20240101,09:32:26,2.85,50,57950
20240101,09:32:51,2.85,50,57950
20240101,09:33:11,2.8,200,57950
20240101,09:34:36,2.8,50,57950
20240101,09:36:23,2.7,50,58100
20240101,09:36:31,2.6,850,58100
20240101,09:36:53,2.6,100,58100
20240101,09:37:43,2.7,100,58100
20240101,09:39:06,2.75,250,58100
20240101,09:40:12,2.75,300,58100
20240101,09:43:25,2.75,50,58050
20240101,09:43:46,2.75,50,58050
20240101,09:44:05,2.75,50,58050
20240101,09:44:11,2.75,50,58050
20240101,09:46:24,2.7,50,58050
20240101,09:46:37,2.75,50,58050
20240101,09:46:52,2.7,50,58050
20240101,09:47:39,2.75,50,58100
20240101,09:48:16,2.65,150,58100
20240101,09:48:55,2.65,50,58100
20240101,09:50:39,2.65,250,58100
20240101,09:51:16,2.7,150,58100
20240101,09:51:43,2.7,850,58100
20240101,09:52:55,2.75,50,58100
20240101,09:53:04,2.75,50,58100
20240101,09:53:30,2.65,800,57700
20240101,09:53:58,2.65,850,57700
20240101,09:54:37,3.0,4900,57700
20240101,09:55:04,3.0,500,57700
20240101,09:55:31,3.0,100,57700
20240101,09:55:49,2.95,250,57700
20240101,09:56:16,2.9,100,57700
20240101,09:56:43,2.9,250,59250
20240101,09:56:52,2.9,250,59250
20240101,09:57:01,2.85,250,59250
20240101,09:57:09,2.85,450,59250
20240101,09:59:14,2.85,50,59250
20240101,10:00:54,2.95,50,59800
20240101,10:01:26,2.95,250,59800
20240101,10:02:50,2.95,250,60100
20240101,10:02:58,2.9,250,60100
20240101,10:03:53,3.15,6600,60100
20240101,10:04:01,3.15,1400,60100
20240101,10:04:08,3.1,50,60100
20240101,10:04:48,3.0,1850,60100
20240101,10:04:56,2.95,100,60100
20240101,10:05:12,3.0,1250,60100
20240101,10:05:20,3.0,250,60100
20240101,10:05:50,2.95,250,68050
20240101,10:05:58,3.0,1150,68050
20240101,10:07:25,2.95,1100,68050
20240101,10:07:57,2.9,1200,68050
20240101,10:08:53,2.95,1800,67500
20240101,10:09:01,3.0,50,67500
20240101,10:09:09,2.95,850,67500
20240101,10:11:13,2.95,100,67500
20240101,10:11:54,2.85,50,69100
20240101,10:13:04,2.95,300,69100
20240101,10:15:01,2.85,300,69100
20240101,10:21:33,2.95,50,69000
20240101,10:21:42,2.95,100,69000
20240101,10:21:49,2.95,200,69000
20240101,10:21:58,2.95,400,69000
20240101,10:23:13,3.0,500,69000
20240101,10:23:52,3.0,3500,68800
20240101,10:24:40,3.0,200,68800
20240101,10:25:12,3.0,50,68800
20240101,10:26:33,2.9,100,69900
20240101,10:27:31,2.9,1800,69900
20240101,10:27:39,2.9,3100,69900
20240101,10:27:47,2.9,50,69900
20240101,10:28:02,2.9,100,69900
20240101,10:28:16,2.9,100,69900
20240101,10:28:39,2.9,150,69900
20240101,10:29:02,2.85,1900,69900
20240101,10:29:19,2.85,1050,69900
20240101,10:29:51,2.8,100,68250
20240101,10:31:03,2.85,50,68250
20240101,10:32:33,2.85,50,68250
20240101,10:32:41,2.85,150,68250
20240101,10:34:14,2.85,700,68250
20240101,10:36:08,2.9,250,68100
20240101,10:38:56,2.9,50,68100
20240101,10:40:37,2.85,100,68100
20240101,10:41:28,2.85,100,68100
20240101,10:42:38,2.85,100,68300
20240101,10:43:21,2.85,100,68300
20240101,10:43:36,2.9,250,68300
20240101,10:45:15,2.9,500,68300
20240101,10:53:17,2.9,500,68500
20240101,10:53:37,2.9,500,68500
20240101,10:54:51,2.9,50,68500
20240101,11:03:27,2.85,100,68500
20240101,11:03:34,2.9,500,68500
20240101,11:06:21,2.85,100,69000
20240101,11:06:38,2.9,50,69000
20240101,11:08:30,2.9,350,69000
20240101,11:08:44,2.9,100,69500
20240101,11:09:44,2.85,250,69500
20240101,11:09:54,2.85,250,69500
20240101,11:12:08,2.85,250,70100
20240101,11:14:00,2.85,50,70100
20240101,11:17:07,2.85,1450,70350
20240101,11:18:36,2.85,50,71800
20240101,11:18:52,2.8,50,71800
20240101,11:19:17,2.8,1650,71800
20240101,11:23:25,2.65,10300,73500
20240101,11:23:40,2.6,50,72350
20240101,11:23:45,2.6,50,72350
20240101,11:24:09,2.6,50,72350
20240101,11:26:00,2.6,50,72350
20240101,11:26:52,2.55,250,72350
20240101,11:28:17,2.55,50,72350
20240101,11:28:23,2.55,50,72350
20240101,11:29:01,2.55,500,72350
20240101,11:29:11,2.55,300,72350
20240101,11:29:48,2.55,50,72100
20240101,11:31:06,2.55,50,72100
20240101,11:31:49,2.6,3300,72100
20240101,11:32:29,2.6,200,72100
20240101,11:32:50,2.5,100,72100
20240101,11:33:17,2.5,650,72100
20240101,11:35:13,2.6,900,72100
20240101,11:35:51,2.65,500,71200
20240101,11:38:24,2.6,200,71200
20240101,11:39:29,2.6,500,71400
20240101,11:40:01,2.55,250,71400
20240101,11:40:15,2.6,100,71400
20240101,11:41:14,2.55,250,71400
20240101,11:41:20,2.55,250,71400
20240101,11:41:32,2.55,250,71400
20240101,11:41:38,2.6,50,71400
20240101,11:43:01,2.6,100,71450
20240101,11:44:49,2.5,300,71400
20240101,11:45:29,2.55,50,71400
20240101,11:46:21,2.55,50,71400
20240101,11:46:34,2.5,250,71400
20240101,11:46:42,2.55,450,71400
20240101,11:47:44,2.55,100,71400
20240101,11:47:48,2.5,400,71400
20240101,11:47:56,2.5,250,71400
20240101,11:48:00,2.5,350,71400
20240101,11:48:14,2.55,100,71400
20240101,11:49:27,2.5,150,71400
20240101,11:49:53,2.55,50,71400
20240101,11:50:13,2.5,50,71400
20240101,11:50:40,2.55,50,71400
20240101,11:50:48,2.55,50,71400
20240101,11:50:51,2.55,50,71500
20240101,11:51:04,2.55,50,71500
20240101,11:51:08,2.55,200,71500
20240101,11:54:27,2.5,400,71500
20240101,11:54:44,2.5,200,71500
20240101,11:54:48,2.5,250,71500
20240101,11:54:53,2.5,850,71500
20240101,11:56:34,2.45,1000,71500
20240101,11:57:22,2.45,1000,72500
20240101,11:58:19,2.45,500,72500
20240101,12:00:53,2.45,1200,72450
20240101,12:01:27,2.55,500,72450
20240101,12:03:37,2.5,300,72450
20240101,12:04:06,2.55,500,72450
20240101,12:04:26,2.55,200,72450
20240101,12:04:52,2.45,350,72450
20240101,12:05:43,2.55,100,72150
20240101,12:06:43,2.45,250,72150
20240101,12:06:56,2.5,150,72150
20240101,12:07:55,2.45,1150,72150
20240101,12:08:00,2.5,100,72150
20240101,12:08:13,2.5,50,72150
20240101,12:09:01,2.45,1300,71500
20240101,12:09:30,2.35,550,71500
20240101,12:10:48,2.35,400,71500
20240101,12:14:03,2.35,250,71500
20240101,12:14:22,2.45,50,71500
20240101,12:14:39,2.35,100,71500
20240101,12:15:20,2.4,550,71500
20240101,12:15:31,2.4,650,71500
20240101,12:16:33,2.4,250,71500
20240101,12:18:04,2.45,150,71500
20240101,12:18:12,2.4,50,70050
20240101,12:22:57,2.45,50,70000
20240101,12:23:05,2.45,50,70000
20240101,12:23:15,2.45,50,70000
20240101,12:23:28,2.45,50,70000
20240101,12:23:42,2.45,50,70000
20240101,12:23:52,2.45,50,70000
20240101,12:23:56,2.5,3600,70000
20240101,12:23:59,2.55,1400,70000
20240101,12:24:20,2.5,50,70000
20240101,12:24:51,2.5,200,70000
20240101,12:26:08,2.4,700,70000
20240101,12:26:36,2.4,300,70000
20240101,12:27:34,2.5,50,72800
20240101,12:31:48,2.45,100,72850
20240101,12:31:52,2.5,50,72850
20240101,12:34:35,2.5,1000,72900
20240101,12:35:01,2.4,1800,72900
20240101,12:35:31,2.4,1300,72900
20240101,12:35:53,2.4,250,75250
20240101,12:36:02,2.4,200,75250
20240101,12:36:24,2.4,250,75250
20240101,12:39:42,2.45,50,75050
20240101,12:41:47,2.35,300,75050
20240101,12:48:50,2.35,2200,74850
20240101,12:54:08,2.35,150,72700
20240101,12:57:13,2.4,50,72700
20240101,12:58:08,2.4,250,72700
20240101,13:05:34,2.35,150,72700
20240101,13:07:43,2.2,4500,72700
20240101,13:08:05,2.2,1800,72700
20240101,13:08:27,2.25,100,72700
20240101,13:09:10,2.1,2050,76250
20240101,13:09:44,2.2,1400,76250
20240101,13:10:45,2.2,1550,76250
20240101,13:11:51,2.1,200,76250
20240101,13:12:02,2.1,50,76650
20240101,13:13:11,2.15,1600,76650
20240101,13:16:34,2.2,1050,76650
20240101,13:17:44,2.25,1800,76650
20240101,13:18:02,2.25,750,75700
20240101,13:18:06,2.2,50,75700
20240101,13:18:24,2.2,400,75700
20240101,13:19:26,2.2,50,75700
20240101,13:25:11,2.25,250,74900
20240101,13:25:54,2.25,200,74900
20240101,13:26:34,2.25,100,74900
20240101,13:27:11,2.25,200,74550
20240101,13:30:05,2.25,250,74350
20240101,13:32:05,2.3,150,74350
20240101,13:34:03,2.3,100,74150
20240101,13:34:51,2.3,150,74150
20240101,13:36:34,2.35,100,74000
20240101,13:37:06,2.35,1400,74000
20240101,13:45:45,2.35,300,73850
20240101,13:48:15,2.35,250,73850
20240101,13:49:22,2.35,250,73850
20240101,13:49:31,2.4,50,73850
20240101,13:50:46,2.35,250,73850
20240101,13:51:26,2.3,450,73850
20240101,13:51:53,2.3,100,73850
20240101,13:52:00,2.3,100,73850
20240101,13:52:30,2.3,100,73850
20240101,13:52:39,2.3,50,73850
20240101,13:53:04,2.3,100,73850
20240101,13:53:24,2.25,50,73850
20240101,13:56:06,2.25,1800,74650
20240101,13:58:14,2.25,550,76450
20240101,13:59:32,2.25,250,76450
20240101,14:01:23,2.3,50,76700
20240101,14:02:11,2.2,2200,76700
20240101,14:02:19,2.1,3600,76700
20240101,14:03:34,2.2,1800,75000
20240101,14:03:46,2.2,50,75000
20240101,14:03:52,2.2,50,75000
20240101,14:03:57,2.2,50,75000
20240101,14:04:02,2.2,50,75000
20240101,14:04:17,2.2,1800,75000
20240101,14:04:22,2.2,300,75000
20240101,14:04:34,2.2,250,75000
20240101,14:04:46,2.25,50,75000
20240101,14:04:52,2.25,50,75000
20240101,14:04:57,2.25,50,75000
20240101,14:05:17,2.25,50,75000
20240101,14:05:29,2.25,50,75000
20240101,14:05:40,2.15,50,75000
20240101,14:05:47,2.25,50,75000
20240101,14:06:30,2.2,200,71700
20240101,14:06:35,2.2,250,71700
20240101,14:06:49,2.2,100,71700
20240101,14:07:30,2.2,150,71700
20240101,14:07:51,2.15,850,71700
20240101,14:08:06,2.15,1900,71700
20240101,14:08:11,2.2,50,71700
20240101,14:08:40,2.1,3000,71700
20240101,14:08:45,2.2,3000,71700
20240101,14:08:55,2.05,3000,71700
20240101,14:09:06,2.05,450,72550
20240101,14:09:11,2.15,4000,72550
20240101,14:11:10,2.05,100,72550
20240101,14:11:15,2.1,100,72550
20240101,14:13:21,2.15,400,73100
20240101,14:16:26,2.15,300,73500
20240101,14:18:20,2.1,1700,73500
20240101,14:19:11,2.1,3500,73500
20240101,14:20:32,2.15,950,73500
20240101,14:21:15,2.15,800,72050
20240101,14:22:49,2.15,50,72050
20240101,14:24:50,2.25,200,72000
20240101,14:25:11,2.15,200,72000
20240101,14:31:10,2.2,100,72000
20240101,14:31:57,2.2,1050,72000
20240101,14:35:48,2.2,250,72600
20240101,14:36:23,2.25,100,72350
20240101,14:37:56,2.2,250,72350
20240101,14:41:52,2.2,250,72100
20240101,14:42:05,2.2,250,71850
20240101,14:42:40,2.2,250,71850
20240101,14:42:50,2.25,150,71850
20240101,14:45:05,2.25,2100,71350
20240101,14:45:38,2.25,50,71350
20240101,14:48:57,2.35,350,73250
20240101,14:49:02,2.25,2000,73250
20240101,14:49:18,2.25,100,73250
20240101,14:49:43,2.4,1800,73250
20240101,14:49:50,2.45,13850,73250
20240101,14:50:00,2.35,3600,73250
20240101,14:50:35,2.4,50,73250
20240101,14:53:01,2.35,250,76600
20240101,14:53:54,2.35,1800,76600
20240101,14:53:58,2.3,50,76600
20240101,14:54:08,2.35,1950,78600
20240101,14:54:13,2.45,1800,78600
20240101,14:54:28,2.45,2050,78600
20240101,14:54:33,2.5,2050,78600
20240101,14:54:37,2.35,2050,78600
20240101,14:54:42,2.55,2050,78600
20240101,14:54:50,2.55,1800,78600
20240101,14:54:59,2.5,3350,78600
20240101,14:55:05,2.55,200,78600
20240101,14:56:01,2.5,250,78600
20240101,14:56:11,2.55,50,78600
20240101,14:56:21,2.4,1000,78600
20240101,14:56:59,2.6,450,78600
20240101,14:58:11,2.4,9200,87700
20240101,14:58:15,2.4,1400,87700
20240101,14:58:24,2.45,550,87700
20240101,14:58:34,2.45,500,87700
20240101,15:00:00,2.45,50,87700
20240101,15:00:54,2.4,200,79000
20240101,15:01:37,2.35,250,79000
20240101,15:01:48,2.35,250,79000
20240101,15:01:56,2.25,500,79000
20240101,15:03:52,2.25,450,78200
20240101,15:06:13,2.25,1800,77950
20240101,15:06:37,2.25,1800,77950
20240101,15:07:00,2.2,100,77950
20240101,15:07:12,2.3,50,77950
20240101,15:08:52,2.25,50,77950
20240101,15:09:22,2.25,1750,79250
20240101,15:09:46,2.3,450,79250
20240101,15:10:43,2.3,50,79250
20240101,15:11:05,2.25,100,79250
20240101,15:11:54,2.3,400,79250
20240101,15:12:04,2.35,50,79250
20240101,15:13:08,2.4,1150,78750
20240101,15:14:43,2.35,700,78750
20240101,15:15:01,2.35,450,78750
20240101,15:15:12,2.3,50,78750
20240101,15:15:43,2.35,50,79100
20240101,15:16:02,2.35,200,79100
20240101,15:16:33,2.3,350,79100
20240101,15:16:55,2.35,50,79100
20240101,15:17:06,2.35,200,79100
20240101,15:18:06,2.3,100,79100
20240101,15:18:16,2.3,300,79750
20240101,15:19:17,2.35,100,79750
20240101,15:20:08,2.4,450,79750
20240101,15:21:00,2.4,550,79750
20240101,15:21:10,2.4,250,79750
20240101,15:21:22,2.4,300,80100
20240101,15:21:45,2.45,400,80100
20240101,15:22:17,2.45,200,80100
20240101,15:22:29,2.4,650,80100
20240101,15:22:51,2.35,200,80100
20240101,15:23:56,2.35,300,80100
20240101,15:24:06,2.4,250,80100
20240101,15:24:36,2.35,350,80750
20240101,15:25:26,2.4,500,80750
20240101,15:25:37,2.35,200,80750
20240101,15:25:48,2.35,300,80750
20240101,15:26:23,2.4,150,80750
20240101,15:27:22,2.25,1000,80350
20240101,15:27:46,2.3,200,80350
20240101,15:28:10,2.25,1200,80350
20240101,15:28:21,2.2,1150,80350
20240101,15:28:33,2.25,500,80350
20240101,15:29:52,2.3,100,80350
20240102,09:15:36,2.4,1,80800
20240102,09:15:36,2.4,100,80800
20240102,09:15:45,2.4,200,80800
20240102,09:15:54,2.4,400,80800
20240102,09:16:21,2.45,1200,80800
20240102,09:17:00,2.45,150,80800
20240102,09:17:10,2.45,150,80800
20240102,09:18:05,2.35,3150,81700
20240102,09:18:59,2.45,50,81700
20240102,09:19:25,2.4,150,81700
20240102,09:20:07,2.5,1300,81700
20240102,09:20:15,2.55,1000,81700
20240102,09:20:30,2.45,1050,84950
20240102,09:20:55,2.4,100,84950
20240102,09:21:18,2.4,800,84950
20240102,09:22:04,2.35,600,84950
20240102,09:22:16,2.35,100,84950
20240102,09:24:05,2.35,100,85050
20240102,09:24:48,2.35,50,85050
20240102,09:24:59,2.45,5000,85050
20240102,09:26:40,2.4,250,89100
20240102,09:27:39,2.4,250,89100
20240102,09:27:50,2.4,850,89100
20240102,09:28:01,2.4,1550,89100
20240102,09:28:26,2.55,850,89100
20240102,09:28:38,3.1,3450,89100
20240102,09:28:50,3.1,1050,89100
20240102,09:29:13,2.5,3950,89100
20240102,09:29:36,2.55,700,87450
20240102,09:29:48,2.5,1200,87450
20240102,09:30:00,2.45,200,87450
20240102,09:30:11,2.45,1400,87450
20240102,09:30:23,2.35,250,87450
20240102,09:35:09,2.35,250,87600
20240102,09:35:40,2.45,200,87350
20240102,09:36:13,2.45,150,87350
20240102,09:37:08,2.45,300,87350
20240102,09:37:18,2.45,50,87350
20240102,09:37:59,2.45,800,87350
20240102,09:38:09,2.45,50,87350
20240102,09:38:30,2.45,250,87350
20240102,09:39:46,2.45,1000,88250
20240102,09:40:23,2.45,250,88250
20240102,09:40:35,2.5,50,88250
20240102,09:40:47,2.45,250,88250
20240102,09:41:12,2.45,350,88250
20240102,09:41:23,2.45,250,88250
20240102,09:41:56,2.45,100,89400
20240102,09:42:07,2.45,100,89400
20240102,09:42:18,2.45,50,89400
20240102,09:42:29,2.4,1050,89400
20240102,09:43:02,2.4,500,89400
20240102,09:43:24,2.45,50,89400
20240102,09:43:35,2.4,50,89400
20240102,09:44:09,2.4,100,89400
20240102,09:44:51,2.4,250,89400
20240102,09:45:02,2.4,50,89400
20240102,09:45:13,2.4,50,89400
20240102,09:45:24,2.4,700,89400
20240102,09:45:35,2.4,150,89400
20240102,09:46:51,2.45,50,89400
20240102,09:47:01,2.45,100,89400
20240102,09:48:16,2.45,50,89600
20240102,09:50:37,2.45,200,89650
20240102,09:50:48,2.45,500,89650
20240102,09:50:59,2.45,100,89650
20240102,09:51:09,2.45,200,89650
20240102,09:52:33,2.5,50,89650
20240102,09:53:04,2.5,50,89650
20240102,09:54:27,2.5,50,89250
20240102,09:54:38,2.5,100,89250
20240102,09:54:48,2.5,50,89250
20240102,09:55:01,2.5,100,89250
20240102,09:55:13,2.5,100,89250
20240102,09:55:48,2.55,50,89250
20240102,09:56:14,2.5,200,89250
20240102,09:56:28,2.5,100,89250
20240102,09:56:41,2.55,500,89450
20240102,09:56:54,2.55,50,89450
20240102,09:57:21,2.6,100,89450
20240102,09:57:58,2.5,100,89450
20240102,09:58:09,2.5,300,89450
20240102,09:58:32,2.55,50,89450
20240102,09:58:44,2.55,50,89450
20240102,09:59:06,2.55,50,89450
20240102,09:59:17,2.55,50,89450
20240102,09:59:28,2.55,250,89450
20240102,09:59:39,2.45,400,88800
20240102,10:00:13,2.5,250,88800
20240102,10:00:24,2.55,300,88800
20240102,10:01:10,2.6,5050,88800
20240102,10:01:33,2.6,100,88800
20240102,10:01:44,2.5,800,88800
20240102,10:03:12,2.5,300,88500
20240102,10:03:25,2.5,650,88500
20240102,10:04:22,2.5,250,88500
20240102,10:05:51,2.45,200,89350
20240102,10:06:25,2.5,50,89350
20240102,10:08:30,2.4,50,89250
20240102,10:08:52,2.4,100,89250
20240102,10:09:50,2.45,250,89250
20240102,10:10:01,2.45,250,89250
20240102,10:10:23,2.45,250,89250
20240102,10:10:46,2.45,150,89250
20240102,10:11:08,2.4,800,89250
20240102,10:11:30,2.4,1000,89550
20240102,10:11:41,2.4,1500,89550
20240102,10:12:02,2.4,1000,89550
20240102,10:12:23,2.4,1800,89550
20240102,10:12:33,2.45,400,89550
20240102,10:12:44,2.45,2250,89550
20240102,10:12:56,2.5,1050,89550
20240102,10:13:07,2.45,1000,89550
20240102,10:14:11,2.5,250,89550
20240102,10:15:54,2.5,1000,92250
20240102,10:16:15,2.55,250,92250
20240102,10:16:25,2.5,1000,92250
20240102,10:16:36,2.55,500,92250
20240102,10:17:18,2.55,150,92250
20240102,10:19:37,2.5,50,94000
20240102,10:20:16,2.55,500,94000
20240102,10:20:45,2.5,250,93500
20240102,10:22:04,2.55,50,93500
20240102,10:22:14,2.55,550,93500
20240102,10:22:44,2.6,100,93500
20240102,10:24:07,2.55,50,93750
20240102,10:24:17,2.55,100,93750
20240102,10:24:37,2.55,50,93750
20240102,10:24:46,2.55,50,93750
20240102,10:24:57,2.55,50,93750
20240102,10:25:18,2.55,50,93750
20240102,10:25:38,2.55,250,93750
20240102,10:27:34,2.55,100,93850
20240102,10:28:14,2.6,200,93850
20240102,10:31:44,2.55,700,93950
20240102,10:32:04,2.6,250,93950
20240102,10:32:24,2.6,250,93950
20240102,10:33:11,2.65,250,94150
20240102,10:33:20,2.65,50,94150
20240102,10:36:25,2.7,250,94050
20240102,10:36:36,2.7,250,94050
20240102,10:37:10,2.7,250,94050
20240102,10:37:21,2.7,150,94050
20240102,10:37:32,2.7,50,94050
20240102,10:37:43,2.75,1050,94050
20240102,10:39:43,2.7,50,94300
20240102,10:39:54,2.7,100,94300
20240102,10:40:16,2.65,700,94300
20240102,10:41:07,2.7,1600,94300
20240102,10:41:47,2.7,50,95900
20240102,10:41:57,2.7,50,95900
20240102,10:42:28,2.65,50,95900
20240102,10:42:48,2.65,50,95900
20240102,10:42:58,2.75,100,95900
20240102,10:43:08,2.65,50,95900
20240102,10:43:17,2.7,550,95900
20240102,10:43:37,2.7,1000,95900
20240102,10:43:47,2.65,800,95900
20240102,10:43:57,2.65,50,95900
20240102,10:44:07,2.6,150,95900
20240102,10:44:26,2.6,500,95900
20240102,10:45:16,2.6,250,97700
20240102,10:45:35,2.65,50,97700
20240102,10:45:45,2.65,100,97700
20240102,10:46:14,2.65,50,97700
20240102,10:47:03,2.75,3000,97700
20240102,10:47:22,2.7,2350,97700
20240102,10:47:41,2.75,500,97700
20240102,10:48:18,2.7,250,97650
20240102,10:48:37,2.7,250,97650
20240102,10:48:46,2.75,50,97650
20240102,10:48:56,2.7,2150,97650
20240102,10:49:06,2.7,1800,97650
20240102,10:49:26,2.7,250,97650
20240102,10:49:46,2.7,500,97650
20240102,10:49:55,2.7,50,97650
20240102,10:50:24,2.7,50,97650
20240102,10:50:33,2.7,50,97650
20240102,10:50:43,2.7,150,101950
20240102,10:50:53,2.7,350,101950
20240102,10:51:04,2.7,400,101950
20240102,10:51:24,2.7,50,101950
20240102,10:51:54,2.65,500,101950
20240102,10:52:03,2.7,250,101950
20240102,10:52:13,2.7,250,101950
20240102,10:52:32,2.65,50,101950
20240102,10:52:42,2.65,450,101950
20240102,10:52:51,2.65,100,101950
20240102,10:53:19,2.65,50,101950
20240102,10:55:48,2.7,150,102800
20240102,10:55:57,2.65,750,102800
20240102,10:56:42,2.65,150,102800
20240102,10:56:53,2.7,150,102800
20240102,10:57:04,2.65,500,102800
20240102,10:57:24,2.7,250,102800
20240102,10:57:54,2.7,50,102800
20240102,10:58:05,2.7,100,102800
20240102,10:58:25,2.7,1000,102800
20240102,10:58:52,2.75,50,102800
20240102,10:59:02,2.7,50,102800
20240102,10:59:20,2.7,100,102800
20240102,10:59:49,2.65,1550,102550
20240102,11:00:55,2.7,100,102550
20240102,11:01:04,2.65,100,102550
20240102,11:01:42,2.7,50,102550
20240102,11:01:52,2.65,500,102550
20240102,11:06:54,2.75,500,102550
20240102,11:07:04,2.7,250,102550
20240102,11:07:23,2.7,50,102550
20240102,11:07:32,2.7,50,102550
20240102,11:07:41,2.7,50,102550
20240102,11:07:50,2.7,50,102550
20240102,11:08:00,2.7,100,102550
20240102,11:10:27,2.7,100,102550
20240102,11:10:36,2.7,100,102550
20240102,11:10:44,2.7,50,102550
20240102,11:12:34,2.65,50,102550
20240102,11:13:10,2.7,50,102550
20240102,11:13:38,2.7,50,102550
20240102,11:13:58,2.7,50,102550
20240102,11:14:16,2.65,1000,102550
20240102,11:14:53,2.7,150,102550
20240102,11:15:53,2.7,600,102550
20240102,11:20:11,2.7,400,102050
20240102,11:20:20,2.65,50,102050
20240102,11:20:54,2.6,100,102050
20240102,11:21:03,2.6,50,102050
20240102,11:22:04,2.55,200,102050
20240102,11:22:13,2.55,50,102050
20240102,11:22:31,2.55,50,102050
20240102,11:24:19,2.6,50,102200
20240102,11:26:05,2.65,50,102200
20240102,11:27:33,2.65,50,102200
20240102,11:28:56,2.6,50,102200
20240102,11:29:04,2.6,500,102200
20240102,11:29:29,2.55,50,102200
20240102,11:29:45,2.55,150,102200
20240102,11:31:01,2.55,50,102050
20240102,11:31:55,2.55,50,102050
20240102,11:32:03,2.55,50,102050
20240102,11:32:11,2.55,200,102050
20240102,11:33:17,2.55,550,102050
20240102,11:36:13,2.45,5000,102050
20240102,11:36:44,2.55,550,102050
20240102,11:37:22,2.6,50,102050
20240102,11:37:29,2.5,1000,102050
20240102,11:38:01,2.55,1050,102050
20240102,11:38:40,2.55,550,102050
20240102,11:38:56,2.45,250,104450
20240102,11:39:10,2.45,50,104450
20240102,11:39:17,2.45,50,104450
20240102,11:39:42,2.5,50,104450
20240102,11:40:02,2.5,550,104450
20240102,11:41:05,2.45,300,104450
20240102,11:41:12,2.45,300,104450
20240102,11:41:18,2.45,100,104450
20240102,11:41:26,2.45,800,104450
20240102,11:41:43,2.5,1550,104450
20240102,11:42:16,2.5,1050,106250
20240102,11:42:24,2.5,500,106250
20240102,11:44:05,2.45,50,106250
20240102,11:44:26,2.45,50,106250
20240102,11:44:34,2.45,1500,106250
20240102,11:44:55,2.45,250,109250
20240102,11:45:01,2.45,250,109250
20240102,11:46:41,2.45,1550,109250
20240102,11:47:16,2.4,1750,109250
20240102,11:47:29,2.4,3100,109250
20240102,11:48:34,2.45,50,112250
20240102,11:49:49,2.45,50,112250
20240102,11:51:25,2.45,50,112250
20240102,11:53:04,2.4,50,112250
20240102,11:53:18,2.45,50,112250
20240102,11:54:20,2.45,50,112250
20240102,11:54:51,2.4,50,112250
20240102,11:55:20,2.4,50,112250
20240102,11:55:25,2.45,50,112250
20240102,11:55:41,2.45,50,112250
20240102,11:56:03,2.45,250,112250
20240102,11:56:25,2.45,50,112250
20240102,11:56:30,2.45,350,112250
20240102,11:57:15,2.45,300,112250
20240102,11:59:36,2.5,50,112250
20240102,11:59:59,2.45,250,111950
20240102,12:00:28,2.45,250,111950
20240102,12:01:53,2.45,550,111950
20240102,12:02:58,2.5,50,112250
20240102,12:03:10,2.5,100,112250
20240102,12:03:22,2.45,50,112250
20240102,12:03:51,2.45,250,112250
20240102,12:06:36,2.5,100,112250
20240102,12:06:58,2.5,50,112250
20240102,12:07:09,2.5,50,112250
20240102,12:07:33,2.45,250,112250
20240102,12:09:32,2.45,150,112250
20240102,12:09:58,2.5,50,112250
20240102,12:10:14,2.5,50,112250
20240102,12:11:20,2.5,50,112250
20240102,12:11:49,2.5,50,112250
20240102,12:13:16,2.5,300,112250
20240102,12:13:23,2.5,100,112250
20240102,12:14:53,2.5,50,112250
20240102,12:15:58,2.5,400,112250
20240102,12:16:05,2.5,250,112250
20240102,12:16:13,2.5,200,112250
20240102,12:17:01,2.5,50,112250
20240102,12:17:19,2.5,50,112250
20240102,12:18:08,2.55,100,112250
20240102,12:18:30,2.5,50,112250
20240102,12:19:23,2.5,50,112250
20240102,12:21:18,2.55,50,112250
20240102,12:21:24,2.55,50,112250
20240102,12:21:32,2.55,50,112250
20240102,12:21:47,2.55,50,112250
20240102,12:22:00,2.55,50,112250
20240102,12:23:23,2.5,50,112250
20240102,12:25:22,2.5,50,112250
20240102,12:25:56,2.5,50,112250
20240102,12:27:21,2.5,200,112250
20240102,12:27:45,2.45,2300,112250
20240102,12:29:52,2.4,50,114550
20240102,12:29:58,2.4,100,114550
20240102,12:30:28,2.4,150,114550
20240102,12:30:45,2.4,50,114550
20240102,12:32:04,2.45,250,114550
20240102,12:32:21,2.45,250,114550
20240102,12:32:27,2.45,750,114550
20240102,12:33:12,2.45,50,115850
20240102,12:36:01,2.45,250,115900
20240102,12:36:07,2.45,250,115900
20240102,12:36:26,2.45,650,115900
20240102,12:38:18,2.45,300,115900
20240102,12:38:24,2.45,250,115900
20240102,12:40:34,2.45,50,117250
20240102,12:41:20,2.45,50,117250
20240102,12:41:38,2.45,50,117250
20240102,12:42:07,2.45,50,117200
20240102,12:42:13,2.45,100,117200
20240102,12:42:19,2.45,250,117200
20240102,12:42:36,2.45,150,117200
20240102,12:42:49,2.45,50,117200
20240102,12:43:23,2.4,300,117200
20240102,12:43:48,2.45,50,117200
20240102,12:44:38,2.4,50,117200
20240102,12:45:15,2.45,150,117100
20240102,12:45:37,2.45,50,117100
20240102,12:46:51,2.45,100,117100
20240102,12:47:11,2.45,50,117100
20240102,12:47:44,2.45,100,117100
20240102,12:51:16,2.45,50,117100
20240102,12:53:30,2.45,150,117100
20240102,12:53:46,2.4,500,117100
20240102,12:54:00,2.35,1600,117600
20240102,12:54:19,2.35,500,117600
20240102,12:54:38,2.35,950,117600
20240102,12:56:13,2.4,50,117600
20240102,12:57:59,2.3,1800,120600
20240102,12:58:10,2.3,1500,120600
20240102,12:58:31,2.35,550,120600
20240102,12:59:17,2.35,50,120600
20240102,12:59:22,2.35,50,120600
20240102,12:59:47,2.35,50,120600
20240102,12:59:57,2.35,50,123600
20240102,13:02:41,2.4,500,123600
20240102,13:03:37,2.35,500,123600
20240102,13:05:15,2.45,50,123600
20240102,13:05:20,2.35,200,123600
20240102,13:06:51,2.35,50,124100
20240102,13:07:02,2.35,100,124100
20240102,13:11:11,2.4,200,124100
20240102,13:11:16,2.4,50,124100
20240102,13:12:14,2.4,200,124100
20240102,13:12:34,2.4,50,124100
20240102,13:14:07,2.35,2950,124100
20240102,13:15:11,2.3,50,126600
20240102,13:15:28,2.3,50,126600
20240102,13:15:33,2.3,50,126600
20240102,13:18:20,2.35,100,126600
20240102,13:18:26,2.3,800,126600
20240102,13:20:01,2.35,250,126600
20240102,13:20:06,2.35,200,126600
20240102,13:20:10,2.35,2000,126600
20240102,13:20:59,2.4,100,129400
20240102,13:23:18,2.3,250,129400
20240102,13:24:49,2.4,1550,129650
20240102,13:25:05,2.4,50,129650
20240102,13:25:49,2.35,50,129650
20240102,13:25:59,2.35,150,129650
20240102,13:27:52,2.4,800,129650
20240102,13:28:01,2.4,100,129650
20240102,13:28:09,2.45,1200,129650
20240102,13:28:23,2.5,500,129650
20240102,13:28:33,2.5,750,129650
20240102,13:28:38,2.6,3000,129650
20240102,13:29:37,2.6,50,129650
20240102,13:30:18,2.6,50,129750
20240102,13:30:56,2.6,50,129750
20240102,13:31:57,2.55,300,129750
20240102,13:32:52,2.55,50,129750
20240102,13:33:12,2.6,50,130000
20240102,13:34:24,2.55,250,130000
20240102,13:34:48,2.55,300,130000
20240102,13:36:21,2.5,250,130250
20240102,13:38:03,2.55,50,130250
20240102,13:38:09,2.55,500,130250
20240102,13:39:14,2.55,1900,130550
20240102,13:39:25,2.55,50,130550
20240102,13:39:30,2.55,50,130550
20240102,13:40:32,2.5,950,130550
20240102,13:42:06,2.55,550,129800
20240102,13:47:42,2.5,50,129800
20240102,13:48:27,2.55,50,129800
20240102,13:48:49,2.5,50,129800
20240102,13:50:29,2.55,50,129800
20240102,13:50:42,2.5,250,129800
20240102,13:57:09,2.5,50,129800
20240102,13:57:26,2.5,50,129800
20240102,13:57:31,2.5,50,129800
20240102,13:58:51,2.5,450,129800
20240102,13:59:20,2.5,50,129800
20240102,14:03:54,2.5,50,129850
20240102,14:04:28,2.5,50,129850
20240102,14:05:42,2.45,1800,129850
20240102,14:05:47,2.45,200,129850
20240102,14:08:22,2.4,100,129850
20240102,14:08:31,2.45,1000,129850
20240102,14:10:23,2.35,700,129850
20240102,14:10:30,2.4,50,129850
20240102,14:11:11,2.4,50,129850
20240102,14:11:19,2.45,600,129850
20240102,14:11:26,2.45,250,129850
20240102,14:11:33,2.4,600,129850
20240102,14:11:45,2.4,50,129850
20240102,14:12:16,2.45,50,130050
20240102,14:13:29,2.45,50,130050
20240102,14:14:45,2.45,50,130050
20240102,14:15:03,2.45,50,130050
20240102,14:15:49,2.45,1200,129950
20240102,14:16:14,2.5,800,129950
20240102,14:17:23,2.45,50,129950
20240102,14:17:50,2.4,150,129950
20240102,14:17:56,2.4,200,129950
20240102,14:18:02,2.4,50,129950
20240102,14:18:28,2.45,50,128950
20240102,14:18:35,2.45,50,128950
20240102,14:18:42,2.55,500,128950
20240102,14:18:48,2.55,800,128950
20240102,14:19:08,2.5,350,128950
20240102,14:19:15,2.45,650,128950
20240102,14:19:23,2.45,200,128950
20240102,14:19:30,2.45,800,128950
20240102,14:19:38,2.45,50,128950
20240102,14:19:58,2.45,300,128950
20240102,14:20:24,2.4,100,128950
20240102,14:20:42,2.4,50,128950
20240102,14:21:18,2.4,50,129150
20240102,14:21:24,2.4,50,129150
20240102,14:21:50,2.4,100,129150
20240102,14:21:56,2.4,50,129150
20240102,14:22:56,2.5,300,129150
20240102,14:23:08,2.4,50,129150
20240102,14:23:52,2.4,50,129150
20240102,14:28:43,2.45,550,129150
20240102,14:28:49,2.45,200,129150
20240102,14:29:55,2.4,50,129150
20240102,14:30:22,2.4,50,129400
20240102,14:30:44,2.45,150,129400
20240102,14:31:52,2.45,250,129400
20240102,14:32:35,2.45,50,129400
20240102,14:34:52,2.4,150,129400
20240102,14:35:04,2.4,200,129400
20240102,14:36:33,2.4,50,129400
20240102,14:36:51,2.35,400,129400
20240102,14:37:29,2.45,50,129400
20240102,14:38:04,2.4,250,129400
20240102,14:38:26,2.35,150,129400
20240102,14:38:34,2.4,450,129400
20240102,14:39:29,2.4,50,129550
20240102,14:40:30,2.3,600,129550
20240102,14:40:39,2.35,300,129550
20240102,14:41:01,2.3,450,129550
20240102,14:42:10,2.35,1150,129550
20240102,14:44:04,2.35,100,129100
20240102,14:44:11,2.35,150,129100
20240102,14:44:40,2.35,50,129100
20240102,14:46:32,2.35,50,128800
20240102,14:46:46,2.35,50,128800
20240102,14:46:53,2.35,50,128800
20240102,14:48:34,2.35,600,128800
20240102,14:49:01,2.45,50,128800
20240102,14:49:34,2.45,200,128800
20240102,14:49:40,2.4,150,128800
20240102,14:50:19,2.4,50,128800
20240102,14:54:06,2.4,100,129450
20240102,14:54:27,2.4,100,129450
20240102,14:54:48,2.35,50,129450
20240102,14:55:38,2.35,50,129450
20240102,14:58:13,2.25,6800,129450
20240102,14:59:23,2.2,3000,129450
20240102,14:59:30,2.1,7600,129450
20240102,14:59:39,2.15,3250,129450
20240102,15:00:11,2.2,200,129450
20240102,15:00:34,2.15,100,128300
20240102,15:00:41,2.15,1600,128300
20240102,15:00:55,2.2,1950,128300
20240102,15:01:03,2.25,1100,128300
20240102,15:01:26,2.3,1650,128300
20240102,15:01:41,2.35,4450,128300
20240102,15:03:35,2.4,200,128300
20240102,15:03:49,2.4,50,128300
20240102,15:03:56,2.4,150,128300
20240102,15:04:11,2.35,600,128300
20240102,15:04:27,2.35,50,128300
20240102,15:06:42,2.45,100,128100
20240102,15:06:58,2.45,50,128100
20240102,15:07:23,2.4,400,128100
20240102,15:07:32,2.4,1500,128100
20240102,15:07:42,2.4,300,128100
20240102,15:08:12,2.4,450,128100
20240102,15:08:23,2.4,100,128100
20240102,15:08:32,2.4,100,128100
20240102,15:08:41,2.4,300,128100
20240102,15:08:49,2.4,50,128100
20240102,15:09:09,2.4,2350,128100
20240102,15:09:19,2.4,1050,128100
20240102,15:09:59,2.4,1850,126500
20240102,15:11:22,2.45,50,126500
20240102,15:12:00,2.4,100,126500
20240102,15:13:38,2.35,1150,126500
20240102,15:14:05,2.4,50,126500
20240102,15:14:33,2.4,450,126500
20240102,15:14:42,2.4,1800,126500
20240102,15:14:58,2.4,1100,126500
20240102,15:15:24,2.45,600,126550
20240102,15:16:15,2.5,50,126550
20240102,15:16:44,2.45,50,126550
20240102,15:16:53,2.4,1450,126550
20240102,15:17:03,2.5,850,126550
20240102,15:18:14,2.5,2100,129250
20240102,15:18:38,2.5,400,129250
20240102,15:19:11,2.5,550,129250
20240102,15:20:19,2.5,650,129250
20240102,15:20:44,2.5,250,129250
20240102,15:20:51,2.5,500,129250
20240102,15:21:08,2.5,400,129250
20240102,15:21:41,2.5,100,130300
20240102,15:22:12,2.5,250,130300
20240102,15:22:35,2.5,100,130300
20240102,15:23:29,2.6,400,130300
20240102,15:24:07,2.6,200,130300
20240102,15:24:45,2.5,100,130050
20240102,15:26:05,2.5,1500,130050
20240102,15:26:14,2.55,400,130050
20240102,15:26:24,2.5,200,130050
20240102,15:26:34,2.55,100,130050
20240102,15:26:44,2.55,100,130050
20240102,15:26:53,2.5,450,130050
20240102,15:27:40,2.5,650,130600
20240102,15:27:49,2.15,3450,130600
20240102,15:27:57,2.0,3300,130600
20240102,15:28:06,2.0,2500,130600
20240102,15:28:16,2.0,500,130600
20240102,15:28:25,2.3,7700,130600
20240102,15:28:34,2.2,450,130600
20240102,15:28:43,2.4,1200,130600
20240102,15:28:52,2.35,50,130600
20240102,15:29:00,2.25,250,130600
20240102,15:29:08,2.35,1000,130600
20240102,15:29:27,2.35,2600,130600
20240102,15:29:37,2.4,2200,130600
20240102,15:29:48,2.45,700,130600
20240103,09:15:09,2.5,1,122000
20240103,09:15:09,2.4,250,122000
20240103,09:15:17,2.55,50,122000
20240103,09:15:25,2.55,400,122000
20240103,09:15:32,2.55,350,122000
20240103,09:15:38,2.35,500,122000
20240103,09:15:45,2.35,250,122000
20240103,09:15:57,2.4,150,122000
20240103,09:16:17,2.4,100,122000
20240103,09:16:25,2.4,50,122000
20240103,09:16:41,2.4,1400,122000
20240103,09:16:49,2.65,1300,122000
20240103,09:17:05,2.45,250,122000
20240103,09:17:12,2.55,2050,122000
20240103,09:17:19,2.5,50,122000
20240103,09:17:26,2.5,50,122000
20240103,09:17:33,2.5,150,126050
20240103,09:17:40,2.4,1800,126050
20240103,09:18:03,2.35,1050,126050
20240103,09:18:21,2.4,950,126050
20240103,09:18:28,2.5,4400,126050
20240103,09:18:35,2.5,100,126050
20240103,09:18:50,2.5,100,126050
20240103,09:18:59,2.5,50,126050
20240103,09:19:33,2.5,250,126050
20240103,09:19:39,2.5,350,126050
20240103,09:19:51,2.5,450,126050
20240103,09:20:02,2.55,900,126050
20240103,09:20:10,2.5,1850,126050
20240103,09:20:18,2.55,500,126050
20240103,09:20:23,2.5,100,126050
20240103,09:20:29,2.5,50,126050
20240103,09:20:35,2.5,50,129500
20240103,09:20:59,2.45,100,129500
20240103,09:21:04,2.5,400,129500
20240103,09:21:25,2.5,50,129500
20240103,09:21:37,2.5,50,129500
20240103,09:21:49,2.45,100,129500
20240103,09:22:06,2.45,1550,129500
20240103,09:22:24,2.5,2600,129500
20240103,09:22:43,2.5,200,129500
20240103,09:22:49,2.55,300,129500
20240103,09:23:01,2.55,50,129500
20240103,09:23:12,2.55,1500,129500
20240103,09:23:18,2.6,100,129500
20240103,09:23:23,2.6,250,129500
20240103,09:23:29,2.65,400,129500
20240103,09:23:35,2.6,1000,127450
20240103,09:23:41,2.6,1800,127450
20240103,09:23:52,2.65,200,127450
20240103,09:24:03,2.6,100,127450
20240103,09:24:14,2.65,50,127450
20240103,09:24:38,2.65,750,127450
20240103,09:24:44,2.6,1800,127450
20240103,09:24:55,2.6,200,127450
20240103,09:25:07,2.6,50,127450
20240103,09:25:30,2.6,2450,127450
20240103,09:25:42,2.55,1500,127450
20240103,09:25:47,2.6,50,127450
20240103,09:25:53,2.6,200,127450
20240103,09:26:22,2.6,50,127450
20240103,09:27:02,2.6,50,130250
20240103,09:27:08,2.55,200,130250
20240103,09:27:13,2.6,300,130250
20240103,09:27:29,2.6,250,130250
20240103,09:28:00,2.6,50,130250
20240103,09:28:33,2.6,350,130250
20240103,09:29:03,2.55,500,130250
20240103,09:29:44,2.55,50,130150
20240103,09:29:56,2.55,500,130150
20240103,09:30:09,2.55,200,130150
20240103,09:30:34,2.6,50,130150
20240103,09:31:05,2.55,50,130150
20240103,09:31:45,2.55,300,130150
20240103,09:32:02,2.5,200,130150
20240103,09:32:34,2.55,150,130150
20240103,09:32:40,2.5,50,131050
20240103,09:32:56,2.5,50,131050
20240103,09:33:13,2.5,1000,131050
20240103,09:33:39,2.5,200,131050
20240103,09:34:04,2.5,150,131050
20240103,09:34:11,2.5,50,131050
20240103,09:34:17,2.55,50,131050
20240103,09:34:24,2.5,300,131050
20240103,09:34:38,2.5,50,131050
20240103,09:35:11,2.45,250,131050
20240103,09:35:18,2.45,100,131050
20240103,09:36:24,2.5,500,131400
20240103,09:36:56,2.5,500,131400
20240103,09:37:02,2.5,2500,131400
20240103,09:37:15,2.5,700,131400
20240103,09:37:39,2.5,100,131400
20240103,09:38:02,2.45,50,131400
20240103,09:38:19,2.45,1000,131400
20240103,09:38:49,2.5,50,132750
20240103,09:39:03,2.5,2500,132750
20240103,09:39:10,2.5,1050,132750
20240103,09:39:31,2.55,800,132750
20240103,09:39:38,2.55,50,132750
20240103,09:39:50,2.6,650,132750
20240103,09:40:17,2.55,1800,132750
20240103,09:40:29,2.55,50,132750
20240103,09:40:46,2.55,50,132750
20240103,09:41:03,2.55,500,132750
20240103,09:41:34,2.55,650,132750
20240103,09:41:42,2.55,50,128550
20240103,09:41:51,2.5,200,128550
20240103,09:41:58,2.55,500,128550
20240103,09:42:12,2.55,400,128550
20240103,09:42:19,2.5,150,128550
20240103,09:44:38,2.5,1550,128250
20240103,09:45:23,2.55,400,128250
20240103,09:45:46,2.6,50,128250
20240103,09:45:53,2.5,1100,128250
20240103,09:47:13,2.55,50,128250
20240103,09:47:20,2.55,50,128250
20240103,09:48:33,2.5,1100,129850
20240103,09:48:52,2.5,50,129850
20240103,09:49:24,2.5,50,129850
20240103,09:49:30,2.5,1800,129850
20240103,09:50:46,2.5,250,127450
20240103,09:51:29,2.5,250,127450
20240103,09:54:01,2.45,1800,126950
20240103,09:54:29,2.45,1800,126950
20240103,09:54:35,2.45,2600,126950
20240103,09:54:42,2.45,3900,126950
20240103,09:54:54,2.45,1800,126950
20240103,09:55:00,2.45,1850,126950
20240103,09:56:11,2.45,150,126950
20240103,09:57:43,2.4,1400,126800
20240103,09:58:30,2.35,850,126800
20240103,09:58:48,2.4,150,126800
20240103,09:58:54,2.4,50,126800
20240103,10:00:19,2.4,400,126750
20240103,10:00:25,2.4,300,126750
20240103,10:01:00,2.45,150,126750
20240103,10:01:07,2.6,11050,126750
20240103,10:01:14,2.6,3000,126750
20240103,10:01:28,2.6,1000,126750
20240103,10:01:49,2.6,200,126750
20240103,10:02:10,2.5,1000,126750
20240103,10:02:17,2.6,500,126750
20240103,10:02:37,2.55,50,126750
20240103,10:03:03,2.55,50,129450
20240103,10:03:31,2.5,5000,129450
20240103,10:03:38,2.5,1000,129450
20240103,10:04:12,2.45,100,129450
20240103,10:04:25,2.45,250,129450
20240103,10:04:45,2.45,350,129450
20240103,10:05:31,2.45,50,129450
20240103,10:05:58,2.45,50,134150
20240103,10:08:04,2.45,500,134150
20240103,10:08:15,2.45,250,134150
20240103,10:08:21,2.45,150,134150
20240103,10:08:44,2.45,2650,135100
20240103,10:09:36,2.45,150,135100
20240103,10:09:47,2.4,50,135100
20240103,10:10:45,2.4,400,135100
20240103,10:11:46,2.4,150,137800
20240103,10:11:52,2.4,50,137800
20240103,10:12:56,2.4,50,137800
20240103,10:14:16,2.4,50,137800
20240103,10:15:12,2.4,150,137950
20240103,10:16:09,2.4,200,137950
20240103,10:16:23,2.4,50,137950
20240103,10:16:28,2.4,250,137950
20240103,10:16:38,2.35,3900,137950
20240103,10:17:15,2.3,7550,137950
20240103,10:17:20,2.3,14600,137950
20240103,10:17:26,2.3,4450,137950
20240103,10:17:32,2.3,3050,137950
20240103,10:18:02,2.3,750,163600
20240103,10:18:08,2.25,1300,163600
20240103,10:18:15,2.25,300,163600
20240103,10:18:21,2.25,150,163600
20240103,10:18:56,2.25,150,163600
20240103,10:19:09,2.25,50,163600
20240103,10:19:16,2.25,900,163600
20240103,10:19:58,2.3,16900,163600
20240103,10:20:05,2.3,3500,163600
20240103,10:20:13,2.3,3200,163600
20240103,10:20:26,2.25,3600,163600
20240103,10:20:40,2.25,650,169900
20240103,10:20:46,2.25,500,169900
20240103,10:21:00,2.3,1700,169900
20240103,10:21:09,2.3,300,169900
20240103,10:21:17,2.3,1300,169900
20240103,10:21:39,2.25,50,169900
20240103,10:22:21,2.3,50,169900
20240103,10:22:35,2.3,500,169900
20240103,10:22:43,2.3,1000,169900
20240103,10:22:58,2.3,300,169900
20240103,10:23:05,2.3,250,169900
20240103,10:23:12,2.3,350,169900
20240103,10:23:19,2.3,5400,169900
20240103,10:24:01,2.35,3850,180100
20240103,10:24:07,2.4,550,180100
20240103,10:24:14,2.4,300,180100
20240103,10:24:20,2.4,350,180100
20240103,10:24:27,2.4,300,180100
20240103,10:25:12,2.45,1150,180100
20240103,10:25:18,2.45,1150,180100
20240103,10:25:58,2.5,400,180100
20240103,10:26:09,2.5,1000,180100
20240103,10:26:15,2.5,550,180100
20240103,10:26:26,2.45,2050,180100
20240103,10:26:37,2.45,1000,180100
20240103,10:26:43,2.45,50,180100
20240103,10:27:04,2.45,1000,180100
20240103,10:27:27,2.45,2000,180100
20240103,10:27:33,2.45,1000,180100
20240103,10:27:46,2.5,100,180100
20240103,10:28:10,2.45,450,180100
20240103,10:28:16,2.45,550,180100
20240103,10:28:22,2.5,500,180100
20240103,10:28:33,2.45,1000,180100
20240103,10:29:07,2.45,200,180100
20240103,10:30:13,2.45,250,180100
20240103,10:30:24,2.45,450,180100
20240103,10:31:06,2.45,850,180100
20240103,10:31:19,2.45,50,180100
20240103,10:31:36,2.4,50,180100
20240103,10:31:47,2.45,50,180100
20240103,10:32:40,2.4,50,180100
20240103,10:33:43,2.4,300,180100
20240103,10:33:58,2.45,100,180100
20240103,10:34:33,2.4,250,180100
20240103,10:34:38,2.4,250,180100
20240103,10:35:00,2.45,50,180100
20240103,10:35:10,2.4,300,180100
20240103,10:37:57,2.45,50,180350
20240103,10:39:41,2.4,200,180350
20240103,10:39:46,2.45,50,180350
20240103,10:41:01,2.4,150,180350
20240103,10:42:32,2.45,50,180350
20240103,10:43:53,2.45,250,180350
20240103,10:44:03,2.45,250,180350
20240103,10:44:40,2.45,250,180350
20240103,10:45:08,2.45,250,180150
20240103,10:45:13,2.45,550,180150
20240103,10:45:32,2.45,250,180150
20240103,10:45:37,2.45,500,180150
20240103,10:45:42,2.45,300,180150
20240103,10:45:48,2.45,150,180150
20240103,10:46:23,2.45,50,180150
20240103,10:46:29,2.45,1000,180150
20240103,10:46:34,2.45,1250,180150
20240103,10:47:24,2.45,50,180150
20240103,10:47:48,2.45,50,180150
20240103,10:49:07,2.5,300,180150
20240103,10:49:21,2.5,300,180150
20240103,10:49:35,2.45,50,180150
20240103,10:51:28,2.45,600,180150
20240103,10:51:51,2.45,1000,180150
20240103,10:51:56,2.45,800,180150
20240103,10:52:46,2.5,150,180150
20240103,10:52:51,2.45,150,180150
20240103,10:52:56,2.5,100,180150
20240103,10:54:12,2.5,200,181850
20240103,10:55:03,2.5,4600,181850
20240103,10:55:07,2.5,1800,181850
20240103,10:55:44,2.5,50,181850
20240103,10:55:49,2.45,50,181850
20240103,10:56:06,2.5,2600,181850
20240103,10:56:11,2.5,2750,181850
20240103,10:57:39,2.5,400,182450
20240103,10:57:44,2.5,1450,182450
20240103,10:57:56,2.5,1550,182450
20240103,10:58:01,2.5,1200,182450
20240103,10:58:06,2.5,1200,182450
20240103,10:58:10,2.5,3400,182450
20240103,10:58:14,2.5,1050,182450
20240103,10:58:18,2.5,950,182450
20240103,10:58:22,2.5,400,182450
20240103,11:00:32,2.5,1500,190000
20240103,11:00:55,2.5,1000,190000
20240103,11:02:40,2.55,50,190000
20240103,11:02:44,2.55,550,190000
20240103,11:03:18,2.55,1550,192500
20240103,11:03:22,2.5,500,192500
20240103,11:04:14,2.5,1250,192500
20240103,11:04:18,2.5,750,192500
20240103,11:04:22,2.5,750,192500
20240103,11:04:25,2.5,900,192500
20240103,11:05:30,2.45,300,192500
20240103,11:05:54,2.45,600,192400
20240103,11:05:58,2.5,650,192400
20240103,11:06:25,2.45,300,192400
20240103,11:06:45,2.5,1150,192400
20240103,11:06:56,2.5,50,192400
20240103,11:08:02,2.45,1000,192400
20240103,11:08:10,2.4,50,192400
20240103,11:08:15,2.5,50,192400
20240103,11:08:20,2.5,500,192400
20240103,11:09:07,2.45,200,192850
20240103,11:09:15,2.45,100,192850
20240103,11:09:19,2.45,50,192850
20240103,11:09:39,2.45,500,192850
20240103,11:09:47,2.5,100,192850
20240103,11:09:51,2.45,150,192850
20240103,11:09:55,2.45,250,192850
20240103,11:11:46,2.45,100,192850
20240103,11:12:06,2.5,250,192850
20240103,11:12:14,2.45,500,192850
20240103,11:12:18,2.45,100,192850
20240103,11:13:19,2.55,50,192850
20240103,11:13:38,2.5,50,192850
20240103,11:13:59,2.55,2500,192850
20240103,11:14:02,2.6,800,192850
20240103,11:14:06,2.6,1800,192850
20240103,11:14:10,2.6,1800,192850
20240103,11:15:44,2.6,50,193350
20240103,11:15:47,2.55,250,193350
20240103,11:17:38,2.6,150,193350
20240103,11:18:24,2.6,300,193350
20240103,11:19:05,2.55,250,193350
20240103,11:19:13,2.55,600,193350
20240103,11:19:21,2.55,150,193350
20240103,11:19:48,2.55,2650,193350
20240103,11:20:02,2.6,1400,193350
20240103,11:20:06,2.6,350,193350
20240103,11:20:25,2.55,3600,193350
20240103,11:20:50,2.5,1800,198400
20240103,11:21:21,2.5,1800,198400
20240103,11:21:58,2.5,1400,198400
20240103,11:22:02,2.45,100,198400
20240103,11:22:12,2.5,2250,198400
20240103,11:22:19,2.5,2050,198400
20240103,11:22:23,2.5,50,198400
20240103,11:22:30,2.45,300,198400
20240103,11:22:53,2.45,300,198400
20240103,11:22:56,2.55,300,198400
20240103,11:23:10,2.45,250,198400
20240103,11:23:19,2.45,250,198400
20240103,11:23:32,2.45,100,198400
20240103,11:24:11,2.45,250,202500
20240103,11:24:21,2.45,500,202500
20240103,11:24:54,2.45,450,202500
20240103,11:24:57,2.45,600,202500
20240103,11:25:16,2.45,1850,202500
20240103,11:26:28,2.45,1900,202500
20240103,11:26:32,2.45,50,202500
20240103,11:26:44,2.45,50,202500
20240103,11:26:52,2.45,1000,201150
20240103,11:27:24,2.45,50,201150
20240103,11:27:34,2.45,50,201150
20240103,11:28:38,2.45,650,201150
20240103,11:28:45,2.5,650,201150
20240103,11:28:59,2.5,400,201150
20240103,11:30:21,2.45,750,201000
20240103,11:30:33,2.5,50,201000
20240103,11:30:44,2.5,200,201000
20240103,11:32:39,2.5,50,201000
20240103,11:32:49,2.5,100,201000
20240103,11:32:54,2.45,100,201100
20240103,11:33:23,2.5,550,201100
20240103,11:35:12,2.6,50,201100
20240103,11:35:44,2.6,50,201100
20240103,11:35:55,2.55,50,201250
20240103,11:36:39,2.55,50,201250
20240103,11:37:02,2.6,50,201250
20240103,11:37:38,2.6,50,201250
20240103,11:38:37,2.55,850,201250
20240103,11:39:08,2.55,500,201250
20240103,11:39:48,2.5,100,201250
20240103,11:39:58,2.55,50,201250
20240103,11:45:07,2.6,50,201250
20240103,11:46:31,2.55,50,201250
20240103,11:46:45,2.6,50,201250
20240103,11:47:06,2.55,3450,201250
20240103,11:47:11,2.55,50,201250
20240103,11:47:22,2.5,1800,201250
20240103,11:47:45,2.5,50,201250
20240103,11:48:03,2.55,50,206550
20240103,11:49:44,2.5,3050,206550
20240103,11:50:10,2.45,4650,206550
20240103,11:50:26,2.45,2200,206550
20240103,11:50:30,2.45,100,206550
20240103,11:50:54,2.4,3050,216350
20240103,11:50:58,2.45,2500,216350
20240103,11:51:25,2.4,50,216350
20240103,11:51:54,2.4,150,216350
20240103,11:52:40,2.35,400,216350
20240103,11:53:34,2.35,200,216350
20240103,11:54:16,2.35,350,216900
20240103,11:54:29,2.3,200,216900
20240103,11:54:33,2.4,100,216900
20240103,11:56:08,2.3,1200,216900
20240103,11:56:22,2.35,50,216900
20240103,11:57:06,2.35,100,216900
20240103,11:57:18,2.35,50,216900
20240103,11:57:21,2.3,150,216900
20240103,11:58:09,2.3,100,216900
20240103,11:58:14,2.35,550,216900
20240103,11:59:30,2.35,200,216900
20240103,12:00:08,2.3,200,216900
20240103,12:00:40,2.3,2250,216900
20240103,12:01:22,2.25,50,216900
20240103,12:01:35,2.25,150,216900
20240103,12:01:43,2.25,150,216900
20240103,12:03:00,2.35,250,216900
20240103,12:05:32,2.35,500,216900
20240103,12:06:18,2.3,300,216900
20240103,12:06:29,2.35,550,216900
20240103,12:06:54,2.35,50,216900
20240103,12:07:58,2.35,500,216900
20240103,12:08:39,2.3,50,216900
20240103,12:10:26,2.3,250,217100
20240103,12:11:32,2.35,50,217100
20240103,12:11:44,2.35,50,217100
20240103,12:12:27,2.3,250,217350
20240103,12:12:53,2.3,200,217350
20240103,12:13:00,2.3,500,217350
20240103,12:13:45,2.3,400,217350
20240103,12:13:49,2.3,200,217350
20240103,12:14:23,2.3,50,217350
20240103,12:16:53,2.35,3450,217550
20240103,12:16:58,2.35,1000,217550
20240103,12:17:03,2.4,50,217550
20240103,12:17:28,2.35,250,217550
20240103,12:20:19,2.4,150,217800
20240103,12:20:30,2.4,500,217800
20240103,12:21:47,2.4,500,217800
20240103,12:22:00,2.35,250,217800
20240103,12:22:15,2.4,300,217800
20240103,12:22:21,2.35,50,217800
20240103,12:22:57,2.35,200,217800
20240103,12:23:27,2.35,50,217800
20240103,12:23:55,2.3,100,217800
20240103,12:24:19,2.35,50,217500
20240103,12:25:01,2.3,100,217500
20240103,12:25:38,2.35,250,217500
20240103,12:26:29,2.35,250,217500
20240103,12:26:59,2.4,300,217200
20240103,12:28:43,2.45,150,217200
20240103,12:29:29,2.45,100,217200
20240103,12:31:18,2.45,400,216950
20240103,12:32:17,2.4,100,216950
20240103,12:35:36,2.4,300,216950
20240103,12:35:46,2.4,200,216950
20240103,12:36:35,2.4,150,217250
20240103,12:37:17,2.4,50,217250
20240103,12:37:51,2.45,400,217250
20240103,12:39:34,2.45,50,217000
20240103,12:40:01,2.4,250,217000
20240103,12:42:07,2.4,100,217250
20240103,12:45:16,2.4,50,217250
20240103,12:45:57,2.4,300,217250
20240103,12:48:23,2.35,300,217250
20240103,12:49:28,2.3,250,217250
20240103,12:50:09,2.3,100,217250
20240103,12:51:06,2.35,150,217250
20240103,12:52:05,2.3,250,217250
20240103,12:52:11,2.3,250,217250
20240103,12:52:40,2.3,250,217250
20240103,12:53:23,2.3,150,217250
20240103,12:53:59,2.3,100,217250
20240103,12:54:07,2.25,1000,218050
20240103,12:54:34,2.25,400,218050
20240103,12:54:47,2.25,550,218050
20240103,12:55:00,2.2,10000,218050
20240103,12:55:30,2.25,50,218050
20240103,12:56:30,2.3,150,218050
20240103,12:57:51,2.25,50,219450
20240103,12:58:19,2.25,100,219450
20240103,12:58:27,2.25,50,219450
20240103,13:01:09,2.2,250,219600
20240103,13:02:22,2.25,550,219600
20240103,13:08:02,2.25,550,219600
20240103,13:11:15,2.3,50,219600
20240103,13:12:58,2.2,50,219600
20240103,13:13:27,2.3,300,219600
20240103,13:18:18,2.25,50,219600
20240103,13:18:22,2.2,1200,219600
20240103,13:21:06,2.2,50,219600
20240103,13:21:18,2.2,200,219500
20240103,13:21:49,2.15,50,219500
20240103,13:24:20,2.15,250,219700
20240103,13:24:35,2.15,250,219700
20240103,13:25:08,2.15,1500,219700
20240103,13:26:22,2.2,250,219700
20240103,13:27:55,2.2,200,219700
20240103,13:29:45,2.2,50,219950
20240103,13:30:23,2.15,250,219950
20240103,13:30:38,2.15,500,219950
20240103,13:30:53,2.15,250,219950
20240103,13:32:14,2.2,50,219950
20240103,13:36:38,2.15,450,220100
20240103,13:39:22,2.15,150,220100
20240103,13:39:58,2.15,250,220100
20240103,13:41:45,2.2,50,220100
20240103,13:45:16,2.2,500,220050
20240103,13:45:46,2.25,500,220050
20240103,13:46:34,2.15,200,220050
20240103,13:46:38,2.2,200,220050
20240103,13:47:09,2.2,50,220050
20240103,13:48:15,2.2,100,220600
20240103,13:48:18,2.2,900,220600
20240103,13:54:33,2.1,1050,220750
20240103,13:56:04,2.1,50,220750
20240103,13:57:38,2.2,500,221250
20240103,13:58:08,2.2,1200,221250
20240103,13:58:34,2.2,50,221250
20240103,13:58:58,2.25,1250,221250
20240103,14:00:03,2.2,50,221250
20240103,14:03:17,2.2,50,221300
20240103,14:03:24,2.2,650,221300
20240103,14:03:59,2.2,1000,221300
20240103,14:04:23,2.2,150,221300
20240103,14:04:27,2.2,1000,221300
20240103,14:07:46,2.25,150,221150
20240103,14:07:53,2.25,1000,221150
20240103,14:08:09,2.25,150,221150
20240103,14:08:29,2.2,1000,221150
20240103,14:08:33,2.2,250,221150
20240103,14:13:05,2.25,50,221400
20240103,14:14:34,2.25,1750,221400
20240103,14:16:52,2.25,100,221400
20240103,14:18:23,2.3,100,221400
20240103,14:18:52,2.3,200,221400
20240103,14:19:03,2.25,50,221400
20240103,14:19:28,2.3,500,221400
20240103,14:20:06,2.3,100,221400
20240103,14:20:48,2.3,250,221400
20240103,14:20:52,2.3,250,221400
20240103,14:20:56,2.3,350,221400
20240103,14:21:14,2.25,500,221400
20240103,14:22:09,2.25,100,221650
20240103,14:23:33,2.25,250,221650
20240103,14:25:55,2.25,250,222000
20240103,14:27:27,2.3,1600,222000
20240103,14:27:30,2.3,5000,222000
20240103,14:31:30,2.3,100,222350
20240103,14:31:42,2.3,50,222350
20240103,14:32:18,2.25,550,222350
20240103,14:32:29,2.25,500,222350
20240103,14:33:05,2.3,500,222350
20240103,14:33:17,2.25,1750,222350
20240103,14:33:25,2.2,1500,221950
20240103,14:33:29,2.2,1800,221950
20240103,14:33:34,2.2,400,221950
20240103,14:33:39,2.15,1800,221950
20240103,14:33:43,2.1,1800,221950
20240103,14:33:54,2.1,3600,221950
20240103,14:33:58,2.15,1950,221950
20240103,14:34:05,2.15,700,221950
20240103,14:34:09,2.1,1800,221950
20240103,14:34:13,2.05,2800,221950
20240103,14:34:17,2.05,550,221950
20240103,14:34:22,2.0,1900,221950
20240103,14:34:51,2.0,50,221950
20240103,14:34:59,2.0,200,221950
20240103,14:35:03,1.95,1300,221950
20240103,14:35:12,1.95,50,221950
20240103,14:35:40,1.8,11100,221950
20240103,14:36:16,1.85,1450,221950
20240103,14:36:24,1.85,300,219800
20240103,14:36:58,1.9,550,219800
20240103,14:37:53,1.9,150,219800
20240103,14:38:04,1.9,200,219800
20240103,14:38:18,1.9,850,219800
20240103,14:38:31,1.9,50,219800
20240103,14:38:45,1.9,700,219800
20240103,14:39:04,1.9,100,219800
20240103,14:39:38,1.95,50,219150
20240103,14:39:58,1.95,500,219150
20240103,14:40:25,1.9,50,219150
20240103,14:41:07,1.95,700,219150
20240103,14:41:57,1.9,250,219150
20240103,14:42:14,1.9,250,219150
20240103,14:43:43,1.95,500,218450
20240103,14:47:55,1.85,4800,218450
20240103,14:47:59,1.8,4200,218450
20240103,14:48:49,1.95,700,218450
20240103,14:49:31,1.85,1350,218450
20240103,14:49:36,1.85,700,218450
20240103,14:49:45,1.85,1200,218450
20240103,14:49:49,1.8,1800,218450
20240103,14:50:35,1.8,1850,218450
20240103,14:50:38,1.75,6400,218450
20240103,14:50:42,1.7,5000,218450
20240103,14:50:47,1.7,50,218450
20240103,14:50:54,1.8,500,218450
20240103,14:50:58,1.8,250,218450
20240103,14:51:07,1.8,300,218450
20240103,14:51:16,1.8,750,218450
20240103,14:51:20,1.75,1050,222600
20240103,14:51:28,1.8,50,222600
20240103,14:51:32,1.8,500,222600
20240103,14:51:36,1.8,50,222600
20240103,14:52:10,1.8,250,222600
20240103,14:52:15,1.8,250,222600
20240103,14:52:19,1.8,550,222600
20240103,14:52:28,1.8,50,222600
20240103,14:52:32,1.8,800,222600
20240103,14:52:55,1.8,1150,222600
20240103,14:53:00,1.8,100,222600
20240103,14:53:05,1.8,50,222600
20240103,14:53:10,1.8,100,222600
20240103,14:54:31,1.75,1500,224550
20240103,14:54:39,1.8,100,224550
20240103,14:55:12,1.75,1500,224550
20240103,14:55:34,1.8,50,224550
20240103,14:56:06,1.75,300,224550
20240103,14:56:34,1.75,100,224550
20240103,14:57:29,1.8,4600,225950
20240103,14:57:37,1.8,250,225950
20240103,14:57:42,1.8,50,225950
20240103,14:58:05,1.8,350,225950
20240103,14:58:09,1.75,2500,225950
20240103,14:58:13,1.8,250,225950
20240103,14:59:03,1.8,50,225950
20240103,14:59:16,1.75,500,225950
20240103,14:59:20,1.75,1500,225950
20240103,14:59:32,1.7,2000,225950
20240103,14:59:49,1.7,500,225950
20240103,15:01:33,1.8,250,224500
20240103,15:02:14,1.8,900,224500
20240103,15:02:57,1.8,50,224500
20240103,15:03:07,1.8,50,224500
20240103,15:03:18,1.85,250,224500
20240103,15:03:23,1.8,100,224500
20240103,15:03:38,1.8,250,224500
20240103,15:03:43,1.8,50,224500
20240103,15:03:59,1.85,100,224500
20240103,15:04:19,1.85,50,224500
20240103,15:04:47,1.8,1500,224500
20240103,15:04:56,1.85,100,224500
20240103,15:05:01,1.8,1050,224500
20240103,15:05:26,1.75,1500,224500
20240103,15:05:33,1.75,300,224500
20240103,15:05:39,1.75,200,224500
20240103,15:05:46,1.75,50,224500
20240103,15:05:52,1.7,400,224500
20240103,15:06:16,1.7,900,224500
20240103,15:06:22,1.7,900,224500
20240103,15:06:33,1.7,200,228650
20240103,15:06:39,1.7,150,228650
20240103,15:06:49,1.7,450,228650
20240103,15:07:01,1.65,700,228650
20240103,15:07:06,1.7,250,228650
20240103,15:07:12,1.7,1200,228650
20240103,15:07:41,1.75,600,228650
20240103,15:08:27,1.75,50,228650
20240103,15:09:01,1.7,1000,228650
20240103,15:09:24,1.7,700,228650
20240103,15:10:04,1.65,1500,230800
20240103,15:10:32,1.7,800,230800
20240103,15:10:54,1.7,500,230800
20240103,15:11:09,1.7,250,230800
20240103,15:11:13,1.7,50,230800
20240103,15:11:29,1.65,1000,230800
20240103,15:11:39,1.7,100,230800
20240103,15:11:45,1.7,450,230800
20240103,15:12:07,1.7,2750,230800
20240103,15:12:12,1.7,2850,230800
20240103,15:12:18,1.7,700,230800
20240103,15:12:23,1.7,450,230800
20240103,15:13:11,1.65,250,233400
20240103,15:13:55,1.7,50,233400
20240103,15:14:15,1.7,900,233400
20240103,15:14:40,1.7,100,233400
20240103,15:14:50,1.65,600,233400
20240103,15:14:55,1.65,2850,233400
20240103,15:15:18,1.7,100,233400
20240103,15:15:54,1.7,2600,233400
20240103,15:16:05,1.7,250,233400
20240103,15:16:14,1.75,500,233400
20240103,15:16:26,1.75,50,233400
20240103,15:16:37,1.7,50,233400
20240103,15:16:54,1.75,50,233400
20240103,15:17:42,1.75,100,233400
20240103,15:17:52,1.75,1550,233400
20240103,15:18:36,1.7,250,232350
20240103,15:18:46,1.75,2200,232350
20240103,15:18:52,1.75,50,232350
20240103,15:19:02,1.7,250,232350
20240103,15:19:07,1.7,250,232350
20240103,15:20:15,1.75,550,232350
20240103,15:20:24,1.75,250,232350
20240103,15:20:29,1.7,250,232350
20240103,15:20:33,1.75,50,232350
20240103,15:20:41,1.75,450,232350
20240103,15:20:45,1.7,250,232350
20240103,15:20:55,1.7,250,232350
20240103,15:21:29,1.75,100,234050
20240103,15:21:42,1.75,350,234050
20240103,15:21:56,1.7,250,234050
20240103,15:22:23,1.7,200,234050
20240103,15:23:05,1.7,2750,234050
20240103,15:23:18,1.65,50,234050
20240103,15:23:23,1.7,800,234050
20240103,15:23:27,1.65,1600,234050
20240103,15:23:57,1.7,600,234050
20240103,15:24:18,1.65,1500,234050
20240103,15:24:38,1.65,1500,237750
20240103,15:25:00,1.65,1500,237750
20240103,15:25:09,1.65,50,237750
20240103,15:25:18,1.7,50,237750
20240103,15:25:23,1.7,1700,237750
20240103,15:26:12,1.7,350,237750
20240103,15:26:22,1.65,600,237750
20240103,15:26:37,1.65,500,237750
20240103,15:26:42,1.7,300,237750
20240103,15:26:47,1.7,750,237750
20240103,15:26:53,1.6,650,237750
20240103,15:27:05,1.6,200,237750
20240103,15:27:11,1.6,500,237750
20240103,15:27:16,1.6,600,237750
20240103,15:27:21,1.6,400,237750
20240103,15:27:27,1.6,500,237750
20240103,15:27:32,1.6,250,241950
20240103,15:27:37,1.6,500,241950
20240103,15:27:42,1.55,2050,241950
20240103,15:27:46,1.55,2300,241950
20240103,15:27:52,1.55,400,241950
20240103,15:27:57,1.55,500,241950
20240103,15:28:03,1.6,100,241950
20240103,15:28:13,1.55,900,241950
20240103,15:28:18,1.55,1800,241950
20240103,15:28:22,1.55,2150,241950
20240103,15:28:28,1.55,500,241950
20240103,15:28:32,1.55,50,241950
20240103,15:28:37,1.55,350,241950
20240103,15:28:42,1.5,800,241950
20240103,15:28:47,1.55,3200,241950
20240103,15:28:52,1.55,250,241950
20240103,15:28:58,1.55,3850,241950
20240103,15:29:03,1.55,350,241950
20240103,15:29:08,1.5,9850,241950
20240103,15:29:13,1.5,350,241950
20240103,15:29:18,1.5,500,241950
20240103,15:29:22,1.5,250,241950
20240103,15:29:27,1.5,2400,241950
20240103,15:29:38,1.4,2000,241950
20240103,15:29:44,1.4,1350,241950
20240103,15:29:51,1.5,350,241950
20240103,15:29:57,1.6,500,241950
20240104,09:15:08,1.7,1,239150
20240104,09:15:08,1.55,1,239150
20240104,09:15:08,1.7,2900,239150
20240104,09:15:19,1.7,400,239150
20240104,09:15:26,1.7,250,239150
20240104,09:15:33,1.7,150,239150
20240104,09:15:39,1.65,300,239150
20240104,09:15:46,1.65,2000,239150
20240104,09:15:52,1.65,50,239150
20240104,09:15:59,1.65,50,239150
20240104,09:16:07,1.7,50,239150
20240104,09:16:16,1.65,6950,239150
20240104,09:16:24,1.65,150,239150
20240104,09:16:33,1.65,250,239150
20240104,09:16:41,1.65,2800,239150
20240104,09:16:47,1.65,900,239150
20240104,09:16:56,1.7,100,239150
20240104,09:17:03,1.65,1800,239150
20240104,09:17:11,1.65,2800,239150
20240104,09:17:18,1.65,4050,239150
20240104,09:17:24,1.65,1850,239150
20240104,09:17:31,1.65,6200,241750
20240104,09:17:38,1.65,11400,241750
20240104,09:18:19,1.6,800,241750
20240104,09:18:33,1.55,500,241750
20240104,09:18:39,1.55,900,241750
20240104,09:18:48,1.55,50,241750
20240104,09:18:54,1.5,1800,241750
20240104,09:19:08,1.5,100,241750
20240104,09:19:16,1.5,2950,241750
20240104,09:19:22,1.5,550,241750
20240104,09:19:33,1.5,1050,241750
20240104,09:19:40,1.5,100,241750
20240104,09:19:45,1.5,450,241750
20240104,09:19:50,1.55,2500,241750
20240104,09:20:02,1.55,200,241750
20240104,09:20:08,1.5,950,241750
20240104,09:20:24,1.5,1600,241750
20240104,09:20:48,1.5,2000,250100
20240104,09:21:00,1.5,50,250100
20240104,09:21:17,1.5,100,250100
20240104,09:21:24,1.5,300,250100
20240104,09:21:42,1.55,50,250100
20240104,09:22:00,1.5,500,250100
20240104,09:22:06,1.5,950,250100
20240104,09:22:19,1.55,50,250100
20240104,09:22:25,1.65,20050,250100
20240104,09:22:42,1.6,4150,250100
20240104,09:22:48,1.55,200,250100
20240104,09:23:10,1.6,1000,250100
20240104,09:23:22,1.6,50,250100
20240104,09:23:43,1.6,1000,257000
20240104,09:23:53,1.55,1800,257000
20240104,09:24:25,1.6,350,257000
20240104,09:24:55,1.6,50,257000
20240104,09:25:05,1.55,150,257000
20240104,09:25:22,1.55,1150,257000
20240104,09:25:34,1.55,500,257000
20240104,09:25:39,1.55,100,257000
20240104,09:25:55,1.55,1650,257000
20240104,09:26:06,1.55,100,257000
20240104,09:26:23,1.55,50,257000
20240104,09:26:34,1.55,500,256500
20240104,09:26:55,1.55,500,256500
20240104,09:27:00,1.55,100,256500
20240104,09:27:11,1.55,100,256500
20240104,09:27:16,1.55,50,256500
20240104,09:27:24,1.5,1500,256500
20240104,09:27:41,1.5,1600,256500
20240104,09:27:59,1.5,1800,256500
20240104,09:28:08,1.5,300,256500
20240104,09:28:16,1.5,50,256500
20240104,09:28:25,1.5,100,256500
20240104,09:28:33,1.55,50,256500
20240104,09:28:57,1.5,5650,256500
20240104,09:30:22,1.45,2050,261150
20240104,09:31:51,1.45,1000,261150
20240104,09:32:14,1.3,20550,261150
20240104,09:32:22,1.3,1100,261150
20240104,09:34:03,1.4,250,263800
20240104,09:34:11,1.4,750,263800
20240104,09:34:55,1.4,1050,263800
20240104,09:35:02,1.4,150,263800
20240104,09:35:17,1.45,50,263800
20240104,09:35:25,1.4,300,263800
20240104,09:36:07,1.45,200,263800
20240104,09:36:31,1.45,50,262150
20240104,09:37:02,1.4,1200,262150
20240104,09:37:32,1.4,350,262150
20240104,09:38:07,1.35,1500,262150
20240104,09:38:37,1.35,50,265050
20240104,09:38:45,1.35,600,265050
20240104,09:38:53,1.35,150,265050
20240104,09:39:00,1.35,50,265050
20240104,09:39:16,1.35,150,265050
20240104,09:40:06,1.45,6850,265050
20240104,09:40:28,1.4,450,265050
20240104,09:40:51,1.4,950,265050
20240104,09:40:58,1.35,3600,265050
20240104,09:41:05,1.35,7200,265050
20240104,09:41:11,1.4,50,265050
20240104,09:41:53,1.4,800,279050
20240104,09:42:20,1.4,50,279050
20240104,09:42:47,1.4,250,279050
20240104,09:43:07,1.4,100,279050
20240104,09:43:42,1.4,150,279050
20240104,09:43:49,1.4,600,279050
20240104,09:46:19,1.35,150,279850
20240104,09:46:34,1.35,150,279850
20240104,09:46:42,1.35,300,279850
20240104,09:46:50,1.35,950,279850
20240104,09:46:57,1.35,100,279850
20240104,09:47:05,1.35,200,279850
20240104,09:47:13,1.35,400,279850
20240104,09:47:41,1.4,1250,279850
20240104,09:48:03,1.35,900,279850
20240104,09:48:10,1.35,350,279850
20240104,09:48:17,1.35,700,279850
20240104,09:48:25,1.3,9100,279850
20240104,09:48:33,1.3,1800,279850
20240104,09:48:41,1.3,50,279850
20240104,09:48:49,1.35,4650,279850
20240104,09:48:57,1.35,200,279850
20240104,09:49:05,1.35,1800,279850
20240104,09:49:52,1.35,11950,279850
20240104,09:50:19,1.4,50,279850
20240104,09:50:25,1.35,50,279850
20240104,09:51:00,1.35,850,274650
20240104,09:51:06,1.35,50,274650
20240104,09:51:45,1.35,100,274650
20240104,09:51:51,1.4,1600,274650
20240104,09:52:05,1.35,250,274650
20240104,09:52:18,1.35,300,274650
20240104,09:52:55,1.35,2500,274650
20240104,09:53:09,1.35,50,274650
20240104,09:53:17,1.35,100,274650
20240104,09:53:24,1.35,100,274650
20240104,09:53:46,1.35,1800,276950
20240104,09:53:54,1.35,2300,276950
20240104,09:54:01,1.4,100,276950
20240104,09:54:08,1.4,100,276950
20240104,09:54:55,1.4,150,276950
20240104,09:55:21,1.35,150,276950
20240104,09:56:06,1.35,300,276950
20240104,09:56:12,1.35,250,276950
20240104,09:56:19,1.35,100,276950
20240104,09:56:25,1.35,100,276950
20240104,09:56:39,1.35,400,280650
20240104,09:56:57,1.35,200,280650
20240104,09:57:29,1.35,1200,280650
20240104,09:57:35,1.35,50,280650
20240104,09:58:44,1.3,50,280650
20240104,09:58:59,1.3,250,280650
20240104,09:59:06,1.35,50,280650
20240104,09:59:27,1.3,50,280650
20240104,09:59:41,1.3,50,282500
20240104,10:00:15,1.3,50,282500
20240104,10:00:21,1.3,200,282500
20240104,10:00:48,1.3,50,282500
20240104,10:01:39,1.3,50,282500
20240104,10:01:46,1.35,350,282500
20240104,10:02:10,1.35,100,282500
20240104,10:02:42,1.3,50,282600
20240104,10:03:26,1.3,1800,282600
20240104,10:03:32,1.35,700,282600
20240104,10:03:39,1.3,1800,282600
20240104,10:03:52,1.3,1050,282600
20240104,10:04:17,1.3,50,282600
20240104,10:04:29,1.25,1000,282600
20240104,10:05:15,1.25,1400,282600
20240104,10:05:23,1.25,100,282600
20240104,10:05:31,1.25,2150,282600
20240104,10:05:39,1.25,1600,289100
20240104,10:05:54,1.2,200,289100
20240104,10:06:30,1.2,5500,289100
20240104,10:06:37,1.2,200,289100
20240104,10:06:53,1.2,600,289100
20240104,10:07:30,1.2,50,289100
20240104,10:07:59,1.2,50,289100
20240104,10:08:14,1.25,200,289100
20240104,10:08:28,1.25,100,289100
20240104,10:09:58,1.25,500,284450
20240104,10:10:12,1.25,50,284450
20240104,10:10:41,1.25,500,284450
20240104,10:11:08,1.25,200,284450
20240104,10:11:28,1.25,250,284450
20240104,10:13:23,1.25,200,284650
20240104,10:13:37,1.2,500,284650
20240104,10:14:19,1.25,1100,284650
20240104,10:14:28,1.25,400,284650
20240104,10:14:43,1.25,50,284950
20240104,10:15:28,1.25,650,284950
20240104,10:16:35,1.3,200,284950
20240104,10:16:42,1.25,600,284950
20240104,10:16:50,1.25,350,284950
20240104,10:18:01,1.3,150,285450
20240104,10:18:42,1.25,200,285450
20240104,10:19:04,1.25,800,285450
20240104,10:19:27,1.25,11950,285450
20240104,10:19:50,1.2,3650,285450
20240104,10:20:04,1.2,250,285450
20240104,10:20:34,1.2,250,285450
20240104,10:20:58,1.2,250,299250
20240104,10:21:26,1.2,1000,299250
20240104,10:21:51,1.2,100,299250
20240104,10:22:38,1.2,1500,299250
20240104,10:22:52,1.25,150,299250
20240104,10:22:59,1.2,1500,299250
20240104,10:23:14,1.2,250,299250
20240104,10:23:22,1.25,50,299250
20240104,10:23:58,1.2,100,303600
20240104,10:24:19,1.2,1500,303600
20240104,10:24:35,1.2,350,303600
20240104,10:24:43,1.2,250,303600
20240104,10:24:57,1.2,450,303600
20240104,10:25:38,1.2,150,303600
20240104,10:25:45,1.2,2800,303600
20240104,10:25:53,1.2,1800,303600
20240104,10:26:00,1.2,1800,303600
20240104,10:26:20,1.25,50,303600
20240104,10:26:27,1.2,400,303600
20240104,10:27:03,1.2,250,313000
20240104,10:28:04,1.2,12700,313000
20240104,10:28:10,1.2,1450,313000
20240104,10:30:18,1.15,1550,313250
20240104,10:30:25,1.15,1300,313250
20240104,10:30:32,1.2,750,313250
20240104,10:30:39,1.15,1000,313250
20240104,10:30:46,1.15,5400,313250
20240104,10:30:53,1.2,11950,313250
20240104,10:31:00,1.2,7250,313250
20240104,10:31:06,1.2,2050,313250
20240104,10:31:13,1.2,1500,313250
20240104,10:31:20,1.15,1000,313250
20240104,10:31:27,1.15,3600,313250
20240104,10:31:40,1.2,100,313250
20240104,10:31:59,1.2,1200,313250
20240104,10:32:25,1.2,500,313250
20240104,10:32:43,1.15,1500,322350
20240104,10:33:08,1.15,750,322350
20240104,10:33:40,1.2,50,322350
20240104,10:33:47,1.15,150,322350
20240104,10:33:52,1.15,50,322350
20240104,10:34:04,1.2,1500,322350
20240104,10:34:14,1.2,250,322350
20240104,10:34:19,1.15,2500,322350
20240104,10:34:39,1.15,300,322350
20240104,10:35:29,1.15,50,322350
20240104,10:36:01,1.15,1500,325350
20240104,10:36:25,1.2,1000,325350
20240104,10:36:32,1.15,1500,325350
20240104,10:37:18,1.2,50,325350
20240104,10:37:24,1.15,50,325350
20240104,10:38:10,1.2,1500,325350
20240104,10:38:16,1.15,1800,325350
20240104,10:38:22,1.15,9000,325350
20240104,10:39:05,1.15,100,339150
20240104,10:39:20,1.15,1800,339150
20240104,10:39:33,1.15,1800,339150
20240104,10:39:45,1.15,400,339150
20240104,10:40:15,1.2,50,339150
20240104,10:40:22,1.2,200,339150
20240104,10:41:11,1.15,650,339150
20240104,10:42:31,1.15,500,343400
20240104,10:42:53,1.2,600,343400
20240104,10:43:00,1.15,250,343400
20240104,10:43:05,1.2,100,343400
20240104,10:43:16,1.2,19500,343400
20240104,10:43:22,1.2,250,343400
20240104,10:43:28,1.2,550,343400
20240104,10:43:38,1.2,350,343400
20240104,10:44:39,1.2,250,346450
20240104,10:44:54,1.2,250,346450
20240104,10:45:04,1.2,200,346450
20240104,10:45:10,1.2,750,346450
20240104,10:45:15,1.2,100,346450
20240104,10:45:53,1.2,250,346450
20240104,10:46:34,1.2,250,346450
20240104,10:47:14,1.25,50,346450
20240104,10:47:24,1.25,150,346450
20240104,10:49:48,1.25,15800,346950
20240104,10:49:54,1.25,50,346950
20240104,10:50:06,1.3,50,346950
20240104,10:50:38,1.25,1800,346950
20240104,10:50:45,1.3,100,350750
20240104,10:50:52,1.25,1550,350750
20240104,10:51:43,1.25,1800,350750
20240104,10:51:49,1.25,3400,350750
20240104,10:51:56,1.25,4400,350750
20240104,10:52:19,1.3,1800,350750
20240104,10:52:58,1.3,6800,350750
20240104,10:53:03,1.3,250,350750
20240104,10:53:23,1.3,1500,350750
20240104,10:53:27,1.3,1500,350750
20240104,10:53:32,1.3,900,350750
20240104,10:54:31,1.3,1500,361750
20240104,10:54:36,1.3,1500,361750
20240104,10:55:12,1.3,750,361750
20240104,10:55:42,1.3,100,361750
20240104,10:55:55,1.35,300,361750
20240104,10:56:51,1.3,250,364800
20240104,10:57:15,1.3,300,364800
20240104,10:57:32,1.35,900,364800
20240104,10:57:47,1.35,150,364800
20240104,10:59:20,1.3,200,364800
20240104,10:59:32,1.35,550,364800
20240104,10:59:53,1.35,50,365850
20240104,11:00:06,1.35,300,365850
20240104,11:00:14,1.3,200,365850
20240104,11:00:22,1.3,4000,365850
20240104,11:00:26,1.3,1500,365850
20240104,11:00:30,1.3,3200,365850
20240104,11:00:41,1.3,50,365850
20240104,11:01:24,1.3,600,365850
20240104,11:02:53,1.3,30000,374850
20240104,11:03:20,1.25,1600,374850
20240104,11:08:15,1.25,1800,383650
20240104,11:08:24,1.25,1850,383650
20240104,11:08:39,1.25,1050,383650
20240104,11:08:54,1.25,600,387300
20240104,11:09:52,1.25,50,387300
20240104,11:12:04,1.3,100,387300
20240104,11:12:20,1.3,50,387300
20240104,11:12:34,1.3,50,387300
20240104,11:12:42,1.3,50,387300
20240104,11:15:24,1.3,100,387550
20240104,11:17:23,1.3,1650,387550
20240104,11:17:31,1.3,350,387550
20240104,11:17:54,1.3,50,387150
20240104,11:18:19,1.25,50,387150
20240104,11:18:44,1.3,400,387150
20240104,11:18:52,1.3,150,387150
20240104,11:19:00,1.3,350,387150
20240104,11:21:16,1.3,50,387350
20240104,11:21:58,1.25,50,387350
20240104,11:22:30,1.25,350,387350
20240104,11:23:53,1.25,3750,387500
20240104,11:24:30,1.25,50,387500
20240104,11:24:43,1.25,50,387500
20240104,11:25:59,1.25,200,387500
20240104,11:26:04,1.25,1800,387500
20240104,11:26:08,1.25,12500,387500
20240104,11:26:12,1.3,4800,387500
20240104,11:26:17,1.3,850,387500
20240104,11:26:45,1.3,200,387350
20240104,11:26:49,1.3,300,387350
20240104,11:26:54,1.3,100,387350
20240104,11:26:59,1.3,300,387350
20240104,11:27:03,1.3,300,387350
20240104,11:27:07,1.3,400,387350
20240104,11:27:11,1.3,2000,387350
20240104,11:27:15,1.3,2350,387350
20240104,11:27:19,1.3,550,387350
20240104,11:27:23,1.3,300,387350
20240104,11:27:27,1.3,300,387350
20240104,11:27:30,1.3,200,387350
20240104,11:27:34,1.3,100,387350
20240104,11:27:44,1.3,1000,387350
20240104,11:27:49,1.35,1850,387350
20240104,11:27:53,1.35,450,387350
20240104,11:27:58,1.35,450,387350
20240104,11:28:26,1.35,500,387350
20240104,11:28:33,1.3,2250,387350
20240104,11:28:37,1.3,50,387350
20240104,11:28:40,1.3,100,387350
20240104,11:28:45,1.3,100,387350
20240104,11:28:50,1.3,150,387350
20240104,11:28:54,1.35,1350,387350
20240104,11:29:06,1.35,2550,387350
20240104,11:29:11,1.35,100,387350
20240104,11:29:17,1.35,400,387350
20240104,11:29:39,1.3,1500,387350
20240104,11:30:10,1.35,50,395700
20240104,11:30:28,1.35,50,395700
20240104,11:31:23,1.35,350,395700
20240104,11:32:09,1.35,50,395700
20240104,11:32:12,1.35,150,395700
20240104,11:32:44,1.35,450,396150
20240104,11:34:19,1.3,200,396150
20240104,11:34:41,1.3,1800,396150
20240104,11:34:45,1.35,50,396150
20240104,11:35:29,1.3,100,396150
20240104,11:35:33,1.35,50,396150
20240104,11:35:58,1.3,600,397550
20240104,11:41:46,1.3,200,398150
20240104,11:45:28,1.35,50,398150
20240104,11:46:38,1.35,150,398150
20240104,11:50:18,1.35,100,398150
20240104,11:50:38,1.35,500,398150
20240104,11:52:58,1.3,500,398150
20240104,11:53:02,1.3,500,398150
20240104,11:53:58,1.35,50,399150
20240104,11:55:13,1.35,350,399150
20240104,11:55:31,1.3,100,399150
20240104,11:56:02,1.3,2800,399150
20240104,11:56:17,1.3,1400,399150
20240104,11:56:38,1.35,100,399150
20240104,11:56:42,1.35,50,399150
20240104,11:57:49,1.3,350,403350
20240104,11:58:05,1.3,400,403350
20240104,11:58:28,1.35,50,403350
20240104,11:59:24,1.35,200,403350
20240104,11:59:46,1.35,50,403350
20240104,12:00:00,1.35,50,403750
20240104,12:01:23,1.35,350,403750
20240104,12:01:39,1.35,250,403750
20240104,12:02:48,1.35,350,403150
20240104,12:03:06,1.35,300,403150
20240104,12:03:21,1.35,1200,403150
20240104,12:04:05,1.35,250,403150
20240104,12:04:08,1.3,500,403150
20240104,12:04:20,1.35,250,403150
20240104,12:06:26,1.3,4000,403350
20240104,12:06:55,1.3,200,403350
20240104,12:07:00,1.3,50,403350
20240104,12:07:11,1.3,50,403350
20240104,12:07:14,1.3,1800,403350
20240104,12:07:20,1.35,150,403350
20240104,12:09:51,1.3,100,409250
20240104,12:11:55,1.35,50,409250
20240104,12:12:16,1.35,50,409250
20240104,12:13:46,1.35,1000,409250
20240104,12:14:05,1.35,150,409250
20240104,12:14:41,1.3,1800,409250
20240104,12:15:56,1.35,50,410500
20240104,12:16:45,1.3,500,410500
20240104,12:16:57,1.3,500,410500
20240104,12:17:01,1.3,100,410500
20240104,12:17:09,1.3,500,410500
20240104,12:17:20,1.35,100,410500
20240104,12:17:26,1.3,300,410500
20240104,12:17:37,1.3,200,410500
20240104,12:17:50,1.3,100,412750
20240104,12:17:58,1.3,100,412750
20240104,12:18:24,1.3,50,412750
20240104,12:18:49,1.35,250,412750
20240104,12:20:44,1.3,50,412750
20240104,12:22:08,1.3,250,413100
20240104,12:22:52,1.3,250,413100
20240104,12:23:11,1.3,600,413100
20240104,12:24:18,1.35,1550,414150
20240104,12:24:33,1.3,1000,414150
20240104,12:24:39,1.35,150,414150
20240104,12:25:36,1.3,12800,414150
20240104,12:25:57,1.3,5650,414150
20240104,12:26:46,1.35,50,414150
20240104,12:27:35,1.35,750,417100
20240104,12:29:39,1.3,250,417100
20240104,12:30:34,1.3,300,417100
20240104,12:31:11,1.3,3600,417350
20240104,12:31:17,1.3,1000,417350
20240104,12:31:32,1.3,500,417350
20240104,12:31:39,1.3,150,417350
20240104,12:31:52,1.3,100,417350
20240104,12:31:59,1.3,6000,417350
20240104,12:32:03,1.3,1450,417350
20240104,12:33:49,1.3,50,430000
20240104,12:34:04,1.3,150,430000
20240104,12:35:57,1.3,50,430200
20240104,12:36:17,1.3,1800,430200
20240104,12:36:34,1.3,100,430200
20240104,12:36:38,1.3,500,430200
20240104,12:36:41,1.3,100,430200
20240104,12:36:45,1.3,600,430200
20240104,12:36:58,1.3,500,430200
20240104,12:37:13,1.3,700,430200
20240104,12:37:45,1.3,50,430200
20240104,12:39:15,1.25,500,433150
20240104,12:39:32,1.25,500,433150
20240104,12:39:41,1.25,1450,433150
20240104,12:41:09,1.25,750,433150
20240104,12:41:51,1.3,50,433150
20240104,12:42:02,1.25,50,434950
20240104,12:44:12,1.3,3000,434950
20240104,12:44:36,1.3,1500,434950
20240104,12:44:41,1.3,1500,434950
20240104,12:44:46,1.3,4650,434950
20240104,12:44:55,1.3,1200,434950
20240104,12:45:11,1.3,50,424600
20240104,12:46:05,1.3,900,424600
20240104,12:46:58,1.3,250,424600
20240104,12:48:36,1.3,900,425550
20240104,12:49:01,1.3,800,425550
20240104,12:49:51,1.3,400,425550
20240104,12:49:54,1.3,400,425550
20240104,12:49:58,1.35,50,425550
20240104,12:50:43,1.35,500,425550
20240104,12:51:39,1.3,1500,427300
20240104,12:51:53,1.3,200,427300
20240104,12:52:05,1.3,400,427300
20240104,12:52:17,1.3,300,427300
20240104,12:53:29,1.25,1000,427300
20240104,12:54:24,1.3,1800,426500
20240104,12:54:50,1.3,200,426500
20240104,12:55:48,1.3,500,426500
20240104,12:56:07,1.3,50,426500
20240104,12:56:57,1.3,4550,427800
20240104,12:57:11,1.3,1500,427800
20240104,12:57:15,1.3,1500,427800
20240104,12:57:47,1.3,50,427800
20240104,12:58:52,1.35,250,427800
20240104,12:59:48,1.35,50,427800
20240104,13:00:29,1.3,900,432100
20240104,13:02:26,1.3,800,432100
20240104,13:02:30,1.3,10000,432100
20240104,13:02:42,1.3,3350,432100
20240104,13:03:15,1.3,1500,446950
20240104,13:04:08,1.25,50,446950
20240104,13:05:48,1.3,50,446950
20240104,13:06:01,1.3,50,446950
20240104,13:06:14,1.25,15000,446950
20240104,13:06:21,1.25,1800,446950
20240104,13:06:29,1.25,11600,446950
20240104,13:06:54,1.25,100,446950
20240104,13:07:27,1.2,1800,446950
20240104,13:07:30,1.2,3200,446950
20240104,13:08:06,1.25,5400,446950
20240104,13:08:09,1.25,5400,446950
20240104,13:08:11,1.25,3600,446950
20240104,13:08:13,1.25,600,446950
20240104,13:08:32,1.25,250,446950
20240104,13:08:36,1.25,3800,446950
20240104,13:08:39,1.25,1850,446950
20240104,13:08:43,1.25,400,446950
20240104,13:08:57,1.25,1800,486950
20240104,13:09:29,1.2,2500,486950
20240104,13:09:54,1.25,5250,486950
20240104,13:10:14,1.25,1000,486950
20240104,13:10:26,1.25,1000,486950
20240104,13:10:47,1.25,1000,486950
20240104,13:10:54,1.25,1800,486950
20240104,13:11:13,1.25,400,486950
20240104,13:11:25,1.25,200,486950
20240104,13:11:43,1.3,12500,486950
20240104,13:12:05,1.3,50,477350
20240104,13:12:57,1.3,50,477350
20240104,13:13:10,1.3,100,477350
20240104,13:13:48,1.3,50,477350
20240104,13:14:08,1.3,9600,477350
20240104,13:14:14,1.3,4150,477350
20240104,13:14:47,1.35,100,477350
20240104,13:15:12,1.3,150,465650
20240104,13:15:27,1.3,200,465650
20240104,13:15:34,1.35,100,465650
20240104,13:15:58,1.3,100,465650
20240104,13:16:35,1.3,2000,465650
20240104,13:16:42,1.35,2050,465650
20240104,13:17:06,1.25,650,465650
20240104,13:17:23,1.3,50,465650
20240104,13:17:28,1.25,1000,465650
20240104,13:17:37,1.25,50,465650
20240104,13:17:59,1.25,100,465650
20240104,13:18:15,1.25,250,468350
20240104,13:19:29,1.3,50,468350
20240104,13:20:12,1.25,700,468350
20240104,13:21:15,1.3,50,469100
20240104,13:21:37,1.25,1000,469100
20240104,13:21:48,1.3,50,469100
20240104,13:21:56,1.25,1000,469100
20240104,13:22:34,1.3,1850,469100
20240104,13:23:44,1.25,50,469100
20240104,13:23:48,1.3,50,469100
20240104,13:25:08,1.3,150,472150
20240104,13:25:12,1.25,50,472150
20240104,13:25:16,1.25,1800,472150
20240104,13:25:20,1.25,5400,472150
20240104,13:25:23,1.25,5400,472150
20240104,13:26:03,1.25,1500,472150
20240104,13:26:17,1.25,50,472150
20240104,13:26:24,1.25,200,472150
20240104,13:26:37,1.25,900,472150
20240104,13:26:53,1.25,100,472150
20240104,13:27:05,1.25,350,487600
20240104,13:27:09,1.25,100,487600
20240104,13:27:13,1.25,2000,487600
20240104,13:27:18,1.25,100,487600
20240104,13:27:21,1.3,250,487600
20240104,13:28:06,1.25,900,487600
20240104,13:28:26,1.25,1600,487600
20240104,13:29:29,1.25,50,487600
20240104,13:30:02,1.3,50,492950
20240104,13:31:27,1.3,50,492950
20240104,13:32:14,1.25,200,492950
20240104,13:32:50,1.25,2800,492950
20240104,13:33:15,1.3,1800,494600
20240104,13:33:47,1.3,50,494600
20240104,13:34:01,1.3,1800,494600
20240104,13:34:07,1.3,1250,494600
20240104,13:34:14,1.3,1950,494600
20240104,13:34:27,1.3,1800,494600
20240104,13:34:41,1.3,1800,494600
20240104,13:34:47,1.3,1800,494600
20240104,13:35:06,1.3,1800,494600
20240104,13:35:19,1.3,1800,494600
20240104,13:35:32,1.3,1800,494600
20240104,13:35:40,1.25,10900,494600
20240104,13:35:46,1.25,3650,494600
20240104,13:35:51,1.25,500,494600
20240104,13:35:57,1.25,3100,494600
20240104,13:36:09,1.3,1800,503850
20240104,13:36:15,1.3,1800,503850
20240104,13:36:45,1.3,1800,503850
20240104,13:36:52,1.3,50,503850
20240104,13:37:05,1.3,1800,503850
20240104,13:37:12,1.3,1800,503850
20240104,13:37:23,1.3,750,503850
20240104,13:37:30,1.3,1800,503850
20240104,13:37:36,1.3,1800,503850
20240104,13:37:54,1.3,1800,503850
20240104,13:38:01,1.3,1050,503850
20240104,13:38:07,1.3,2150,503850
20240104,13:38:20,1.35,1800,503850
20240104,13:38:26,1.3,400,503850
20240104,13:38:32,1.35,1800,503850
20240104,13:38:45,1.3,2200,503850
20240104,13:38:53,1.3,100,503850
20240104,13:39:00,1.35,1800,503850
20240104,13:39:29,1.35,1800,513750
20240104,13:40:16,1.3,150,513750
20240104,13:40:23,1.3,300,513750
20240104,13:41:18,1.3,400,513750
20240104,13:42:58,1.35,500,513850
