date,time,tick_price,volume,open_interest
20231128,09:16:21,44.85,250,450
20231128,09:16:35,44.8,100,450
20231128,09:17:15,44.8,100,450
20231128,09:19:24,45.0,200,450
20231128,09:20:55,43.8,200,250
20231128,09:30:32,43.8,250,50
20231128,09:31:53,44.4,100,50
20231128,09:33:05,44.4,50,300
20231128,11:13:12,42.1,200,350
20231128,11:14:37,42.05,50,350
20231128,11:14:59,42.05,50,600
20231128,11:15:43,42.05,50,600
20231128,11:18:51,41.9,50,700
20231128,11:22:26,41.85,50,750
20231129,09:32:11,32.4,1,800
20231129,09:32:11,32.4,50,800
20231129,11:14:46,35.3,50,850
20231129,13:40:14,36.2,50,900
20231129,13:49:57,36.2,100,950
20231129,13:50:06,34.15,250,950
20231129,13:51:12,34.15,250,950
20231129,14:36:35,33.0,50,1550
20231129,15:16:19,33.2,50,1550
20231129,15:21:53,33.4,50,1550
20231129,15:22:50,33.0,50,1550
20231130,10:16:12,37.4,1,1650
20231130,10:16:12,37.4,50,1650
20231130,10:21:05,36.35,150,1600
20231130,10:55:55,35.4,50,1450
20231227,09:20:41,3.05,1,1400
20231227,09:20:41,3.05,50,1400
20231227,09:29:47,3.05,150,1400
20231227,09:30:58,3.05,450,1400
20231227,09:32:29,3.05,450,1400
20231227,09:34:32,3.05,450,1400
20231227,09:36:37,2.9,550,1650
20231227,10:11:44,2.9,50,1650
20231227,10:15:04,3.05,50,1650
20231227,10:29:35,3.05,300,1650
20231227,10:33:50,2.6,50,1650
20231227,11:21:04,2.6,50,1650
20231227,11:43:58,3.05,300,1650
20231227,12:37:18,3.05,50,1650
20231227,15:04:48,3.05,250,1650
20231227,15:27:30,3.05,200,1900
20231227,15:29:02,2.25,200,2100
20231228,09:27:15,2.8,1,1900
20231228,09:27:15,2.8,50,1900
20231228,11:05:46,2.5,50,1900
20231228,11:28:35,2.45,100,1950
20231228,11:32:43,2.45,500,1950
20231228,11:59:14,2.5,50,2350
20231228,12:53:14,2.25,1150,2350
20231228,12:53:53,2.2,300,2350
20231228,12:54:13,2.15,50,2350
20231228,12:54:35,2.15,100,3850
20231228,12:57:20,2.15,250,3850
20231228,12:57:58,2.1,500,4200
20231228,13:15:25,2.05,150,4700
20231228,13:22:03,2.05,100,4850
20231228,13:29:12,2.0,200,4850
20231228,13:37:50,2.0,450,4650
20231228,13:39:33,1.95,50,4650
20231228,13:42:07,1.95,1100,4650
20231228,13:42:11,2.1,1350,4650
20231228,13:42:16,2.15,2050,4650
20231228,13:42:20,2.15,400,4650
20231228,13:42:25,2.15,300,7400
20231228,13:42:29,2.2,350,7400
20231228,13:42:34,2.2,300,7400
20231228,13:42:38,2.2,300,7400
20231228,13:42:42,2.2,2100,7400
20231228,13:42:46,2.25,250,7400
20231228,13:42:50,2.25,300,7400
20231228,13:42:55,2.25,450,7400
20231228,13:43:00,2.25,300,7400
20231228,13:43:04,2.25,300,7400
20231228,13:43:08,2.25,2100,7400
20231228,13:43:12,2.25,300,7400
20231228,13:43:17,2.25,400,7400
20231228,13:43:20,2.25,300,7400
20231228,13:43:24,2.25,300,7400
20231228,13:43:28,2.3,200,7400
20231228,13:43:32,2.3,2100,7400
20231228,13:43:37,2.3,350,7400
20231228,13:43:41,2.3,350,7400
20231228,13:43:46,2.3,400,7400
20231228,13:43:50,2.3,250,7400
20231228,13:43:54,2.3,2100,7400
20231228,13:43:59,2.3,350,7400
20231228,13:44:04,2.3,450,7400
20231228,13:44:08,2.35,250,7400
20231228,13:44:13,2.35,350,7400
20231228,13:44:16,2.35,250,7400
20231228,13:44:20,2.35,2100,7400
20231228,13:44:24,2.35,300,7400
20231228,13:44:28,2.35,350,7400
20231228,13:44:32,2.35,300,7400
20231228,13:44:36,2.35,300,7400
20231228,13:44:40,2.35,2100,7400
20231228,13:44:44,2.35,300,7400
20231228,13:44:47,2.35,300,7400
20231228,13:44:51,2.35,4100,7400
20231228,13:44:55,2.4,300,7400
20231228,13:45:00,2.4,1000,7400
20231228,13:45:04,2.4,2100,7400
20231228,13:45:08,2.4,300,7400
20231228,13:45:12,2.4,300,7400
20231228,13:45:16,2.4,350,7400
20231228,13:45:21,2.4,350,7400
20231228,13:45:25,2.4,3350,36900
20231228,13:45:29,2.45,300,36900
20231228,13:45:34,2.45,2100,36900
20231228,13:45:38,2.45,350,36900
20231228,13:45:42,2.45,300,36900
20231228,13:45:46,2.5,200,36900
20231228,13:45:50,2.5,300,36900
20231228,13:45:56,2.5,450,36900
20231228,13:46:02,2.5,2300,36900
20231228,13:46:07,2.5,350,36900
20231228,13:46:12,2.5,450,36900
20231228,13:46:17,2.5,300,36900
20231228,13:46:23,2.5,1250,36900
20231228,13:46:28,2.5,1000,36900
20231228,13:46:39,2.5,1800,36900
20231228,13:47:25,2.5,150,36900
20231228,13:47:30,2.5,450,36900
20231228,13:47:35,2.5,350,36900
20231228,13:47:39,2.5,400,36900
20231228,13:47:44,2.5,400,36900
20231228,13:47:48,2.55,1900,36900
20231228,13:48:04,2.5,100,36900
20231228,13:48:08,2.5,50,36900
20231228,13:49:44,2.5,400,51300
20231228,13:49:48,2.5,50,51300
20231228,13:50:17,2.5,150,51300
20231228,13:50:21,2.5,350,51300
20231228,13:50:25,2.5,300,51300
20231228,13:50:29,2.5,1000,51300
20231228,13:50:36,2.5,1800,51300
20231228,13:50:40,2.5,1800,51300
20231228,13:50:53,2.5,150,51300
20231228,13:50:57,2.5,300,51300
20231228,13:51:01,2.5,300,51300
20231228,13:51:04,2.5,350,51300
20231228,13:51:09,2.5,300,51300
20231228,13:51:12,2.5,350,51300
20231228,13:51:17,2.5,1900,51300
20231228,13:51:41,2.5,150,59200
20231228,13:52:22,2.5,100,59200
20231228,13:52:29,2.5,300,59200
20231228,13:52:34,2.5,450,59200
20231228,13:52:38,2.5,200,59200
20231228,13:52:42,2.5,350,59200
20231228,13:52:46,2.5,2100,59200
20231228,13:53:04,2.5,200,59200
20231228,13:53:11,2.5,250,59200
20231228,13:53:15,2.5,200,59200
20231228,13:53:18,2.5,350,59200
20231228,13:53:22,2.5,100,59200
20231228,13:53:24,2.5,150,59200
20231228,13:53:28,2.5,100,59200
20231228,13:53:31,2.5,200,59200
20231228,13:53:41,2.5,50,59200
20231228,13:53:45,2.5,2500,59200
20231228,13:54:02,2.5,250,59200
20231228,13:54:38,2.45,500,67050
20231228,13:55:03,2.5,1800,67050
20231228,13:57:45,2.5,100,69150
20231228,13:57:51,2.55,150,69150
20231228,13:59:02,2.5,600,69150
20231228,14:00:43,2.55,50,69900
20231228,14:02:33,2.55,50,69900
20231228,14:02:49,2.5,500,69900
20231228,14:04:41,2.6,50,70400
20231228,14:04:53,2.55,250,70400
20231228,14:05:17,2.65,150,70400
20231228,14:05:58,2.65,50,70400
20231228,14:07:57,2.55,200,70450
20231228,14:09:20,2.55,1000,70450
20231228,14:12:02,2.5,400,71450
20231228,14:13:06,2.5,400,71850
20231228,14:13:15,2.55,700,71850
20231228,14:13:53,2.5,1400,71850
20231228,14:14:15,2.55,2400,71850
20231228,14:14:19,2.5,100,71850
20231228,14:14:34,2.55,50,71850
20231228,14:17:15,2.5,100,76100
20231228,14:17:37,2.55,100,76100
20231228,14:18:40,2.55,300,76200
20231228,14:19:09,2.55,3000,76200
20231228,14:19:25,2.55,600,76200
20231228,14:19:45,2.5,2400,76200
20231228,14:20:34,2.55,2500,76200
20231228,14:21:02,2.5,300,76200
20231228,14:21:16,2.55,3800,76200
20231228,14:21:59,2.5,2000,85450
20231228,14:22:25,2.5,1800,85450
20231228,14:22:29,2.5,3200,85450
20231228,14:23:56,2.5,3250,85450
20231228,14:24:16,2.5,2750,85450
20231228,14:25:59,2.55,1000,93300
20231228,14:26:15,2.6,1750,93300
20231228,14:27:10,2.55,450,93300
20231228,14:27:33,2.55,1500,94600
20231228,14:29:16,2.5,100,94600
20231228,14:30:37,2.5,100,96200
20231228,14:32:30,2.5,50,96200
20231228,14:33:22,2.45,500,96200
20231228,14:33:52,2.55,400,96350
20231228,14:33:56,2.5,16900,96350
20231228,14:34:00,2.55,1350,96350
20231228,14:34:05,2.55,2600,96350
20231228,14:34:09,2.55,4350,96350
20231228,14:34:14,2.55,1700,96350
20231228,14:34:25,2.6,1200,96350
20231228,14:34:41,2.65,3100,96350
20231228,14:34:53,2.65,2050,96350
20231228,14:35:08,2.65,2050,96350
20231228,14:35:24,2.7,6650,96350
20231228,14:35:28,2.6,2700,96350
20231228,14:35:33,2.6,3800,96350
20231228,14:35:37,2.65,7300,96350
20231228,14:35:41,2.65,5000,96350
20231228,14:35:48,2.6,2700,96350
20231228,14:35:57,2.65,1300,96350
20231228,14:36:05,2.65,650,96350
20231228,14:36:09,2.7,2050,96350
20231228,14:36:26,2.65,3800,96350
20231228,14:36:34,2.65,2000,136500
20231228,14:36:38,2.65,1600,136500
20231228,14:36:46,2.7,1800,136500
20231228,14:36:51,2.6,1500,136500
20231228,14:37:04,2.7,4000,136500
20231228,14:37:08,2.7,2250,136500
20231228,14:37:20,2.7,200,136500
20231228,14:37:25,2.7,2100,136500
20231228,14:37:33,2.7,150,136500
20231228,14:37:37,2.65,3850,136500
20231228,14:37:50,2.6,4100,136500
20231228,14:37:54,2.55,7250,136500
20231228,14:38:02,2.55,21800,136500
20231228,14:38:06,2.6,1400,136500
20231228,14:38:11,2.55,1200,136500
20231228,14:38:15,2.55,850,136500
20231228,14:38:24,2.5,4550,136500
20231228,14:38:29,2.5,900,136500
20231228,14:38:33,2.45,1900,136500
20231228,14:38:38,2.5,3850,136500
20231228,14:38:48,2.45,1550,136500
20231228,14:38:52,2.45,350,136500
20231228,14:38:57,2.5,1800,136500
20231228,14:39:05,2.45,250,136500
20231228,14:39:09,2.5,2050,136500
20231228,14:39:14,2.5,1800,136500
20231228,14:39:18,2.55,250,136500
20231228,14:39:26,2.45,2650,136500
20231228,14:39:30,2.5,2950,136500
20231228,14:39:35,2.45,1900,180550
20231228,14:39:39,2.45,1900,180550
20231228,14:39:53,2.5,2050,180550
20231228,14:39:57,2.45,150,180550
20231228,14:40:07,2.35,1800,180550
20231228,14:40:12,2.45,1800,180550
20231228,14:40:18,2.4,2100,180550
20231228,14:40:23,2.4,2300,180550
20231228,14:40:35,2.45,1800,180550
20231228,14:40:41,2.4,2100,180550
20231228,14:40:47,2.4,1850,180550
20231228,14:40:52,2.4,4850,180550
20231228,14:40:58,2.4,2400,180550
20231228,14:41:05,2.4,2850,180550
20231228,14:41:11,2.4,3800,180550
20231228,14:41:17,2.35,3650,180550
20231228,14:41:23,2.35,3500,180550
20231228,14:41:29,2.35,2400,180550
20231228,14:41:49,2.3,2250,180550
20231228,14:41:54,2.3,3750,180550
20231228,14:41:59,2.35,2800,180550
20231228,14:42:04,2.3,3850,180550
20231228,14:42:14,2.35,200,180550
20231228,14:42:22,2.35,3200,180550
20231228,14:42:26,2.25,3700,180550
20231228,14:42:35,2.2,1800,208150
20231228,14:42:40,2.25,1900,208150
20231228,14:42:45,2.25,2500,208150
20231228,14:42:49,2.25,100,208150
20231228,14:43:04,2.25,1500,208150
20231228,14:43:14,2.25,1800,208150
20231228,14:43:33,2.2,1000,208150
20231228,14:43:39,2.2,6450,208150
20231228,14:43:48,2.2,100,208150
20231228,14:44:02,2.15,20600,208150
20231228,14:44:07,2.15,1500,208150
20231228,14:44:11,2.15,200,208150
20231228,14:44:21,2.15,100,208150
20231228,14:44:26,2.1,2700,208150
20231228,14:44:31,2.1,1900,208150
20231228,14:45:06,2.1,3600,208150
20231228,14:45:10,2.1,400,208150
20231228,14:45:14,2.1,300,208150
20231228,14:45:19,2.1,1700,208150
20231228,14:45:24,2.15,1900,208150
20231228,14:45:28,2.2,450,208150
20231228,14:45:52,2.2,1800,233950
20231228,14:46:00,2.15,50,233950
20231228,14:46:09,2.1,2500,233950
20231228,14:46:27,2.2,1200,233950
20231228,14:46:31,2.2,1050,233950
20231228,14:46:35,2.2,50,233950
20231228,14:46:40,2.2,1300,233950
20231228,14:46:45,2.15,600,233950
20231228,14:46:50,2.15,2850,233950
20231228,14:46:55,2.15,1550,233950
20231228,14:47:00,2.15,1550,233950
20231228,14:47:05,2.15,600,233950
20231228,14:47:10,2.15,1500,233950
20231228,14:47:29,2.15,800,233950
20231228,14:47:57,2.1,100,233950
20231228,14:48:02,2.15,3600,233950
20231228,14:48:07,2.1,1300,233950
20231228,14:48:17,2.1,50,233950
20231228,14:48:44,2.1,450,233950
20231228,14:49:00,2.05,7000,248350
20231228,14:49:08,2.05,200,248350
20231228,14:50:26,2.1,2750,248350
20231228,14:50:31,2.1,50,248350
20231228,14:50:37,2.15,900,248350
20231228,14:50:43,2.15,800,248350
20231228,14:50:48,2.15,1450,248350
20231228,14:50:54,2.2,1050,248350
20231228,14:51:00,2.15,200,248350
20231228,14:51:05,2.1,3950,248350
20231228,14:51:11,2.15,100,248350
20231228,14:51:16,2.2,3350,248350
20231228,14:51:22,2.2,2000,248350
20231228,14:51:27,2.2,2650,248350
20231228,14:51:32,2.15,2800,248350
20231228,14:51:42,2.2,2600,264300
20231228,14:51:47,2.2,850,264300
20231228,14:51:52,2.15,1750,264300
20231228,14:51:57,2.1,2900,264300
20231228,14:52:02,2.15,1700,264300
20231228,14:52:07,2.05,5850,264300
20231228,14:52:13,2.05,1600,264300
20231228,14:52:18,2.1,1800,264300
20231228,14:52:23,2.1,2000,264300
20231228,14:52:32,2.15,1550,264300
20231228,14:52:37,2.15,900,264300
20231228,14:52:42,2.15,2600,264300
20231228,14:52:47,2.15,850,264300
20231228,14:52:52,2.15,800,264300
20231228,14:52:57,2.15,1750,264300
20231228,14:53:01,2.15,800,264300
20231228,14:53:11,2.15,1600,264300
20231228,14:53:16,2.15,950,264300
20231228,14:53:20,2.15,4000,264300
20231228,14:53:25,2.2,2650,264300
20231228,14:53:30,2.2,800,264300
20231228,14:53:34,2.2,900,264300
20231228,14:53:38,2.2,4050,264300
20231228,14:53:44,2.15,2700,264300
20231228,14:53:49,2.2,800,264300
20231228,14:53:55,2.2,950,264300
20231228,14:54:01,2.15,800,264300
20231228,14:54:07,2.15,850,264300
20231228,14:54:13,2.15,2600,264300
20231228,14:54:18,2.15,900,264300
20231228,14:54:24,2.15,1850,264300
20231228,14:54:29,2.15,3000,264300
20231228,14:54:35,2.2,4000,305650
20231228,14:54:40,2.15,4100,305650
20231228,14:54:45,2.15,800,305650
20231228,14:54:50,2.2,800,305650
20231228,14:54:55,2.15,2950,305650
20231228,14:55:00,2.05,2450,305650
20231228,14:55:05,2.05,1200,305650
20231228,14:55:10,2.1,800,305650
20231228,14:55:16,2.1,5050,305650
20231228,14:55:22,2.1,800,305650
20231228,14:55:28,2.1,1900,305650
20231228,14:55:34,2.05,3650,305650
20231228,14:55:39,2.05,2600,305650
20231228,14:55:45,2.05,850,305650
20231228,14:55:50,2.05,5650,305650
20231228,14:55:55,2.05,800,305650
20231228,14:56:00,2.05,4600,305650
20231228,14:56:05,2.05,400,305650
20231228,14:56:10,2.1,800,305650
20231228,14:56:16,2.1,900,305650
20231228,14:56:22,2.1,1000,305650
20231228,14:56:27,2.1,850,305650
20231228,14:56:32,2.05,2650,305650
20231228,14:56:37,2.05,1500,305650
20231228,14:56:42,2.05,1300,305650
20231228,14:56:46,2.1,1300,305650
20231228,14:56:51,2.1,1250,305650
20231228,14:56:57,2.1,800,305650
20231228,14:57:02,2.1,2700,305650
20231228,14:57:07,2.1,1650,305650
20231228,14:57:12,2.1,800,305650
20231228,14:57:18,2.1,900,305650
20231228,14:57:25,2.1,1650,305650
20231228,14:57:30,2.1,800,305650
20231228,14:57:35,2.1,900,349750
20231228,14:57:40,2.1,800,349750
20231228,14:57:47,2.1,850,349750
20231228,14:57:52,2.05,1650,349750
20231228,14:57:57,2.0,1750,349750
20231228,14:58:02,2.05,2500,349750
20231228,14:58:07,2.0,4800,349750
20231228,14:58:13,2.05,700,349750
20231228,14:58:18,2.1,900,349750
20231228,14:58:23,2.05,2950,349750
20231228,14:58:28,2.1,4350,349750
20231228,14:58:33,2.05,1300,349750
20231228,14:58:38,2.1,14100,349750
20231228,14:58:43,2.1,5400,349750
20231228,14:58:49,2.2,1700,349750
20231228,14:58:54,2.2,2850,349750
20231228,14:58:59,2.15,900,349750
20231228,14:59:04,2.15,1800,349750
20231228,14:59:08,2.2,6150,349750
20231228,14:59:18,2.2,1700,349750
20231228,14:59:22,2.2,50,349750
20231228,14:59:27,2.2,1150,349750
20231228,14:59:32,2.25,4650,349750
20231228,14:59:37,2.25,900,349750
20231228,14:59:42,2.2,6550,349750
20231228,14:59:47,2.2,1050,349750
20231228,14:59:52,2.2,800,349750
20231228,14:59:56,2.15,3200,349750
20231228,15:00:01,2.15,800,349750
20231228,15:00:06,2.15,800,349750
20231228,15:00:11,2.2,850,349750
20231228,15:00:17,2.15,6400,349750
20231228,15:00:23,2.2,5450,349750
20231228,15:00:29,2.2,1600,349750
20231228,15:00:36,2.2,900,349750
20231228,15:00:41,2.15,1250,414000
20231228,15:00:48,2.2,6650,414000
20231228,15:00:54,2.2,1900,414000
20231228,15:01:00,2.25,800,414000
20231228,15:01:05,2.2,3000,414000
20231228,15:01:11,2.25,800,414000
20231228,15:01:17,2.25,4500,414000
20231228,15:01:22,2.2,3650,414000
20231228,15:01:27,2.25,1300,414000
20231228,15:01:33,2.2,2000,414000
20231228,15:01:38,2.2,900,414000
20231228,15:01:44,2.2,5100,414000
20231228,15:01:50,2.15,4000,414000
20231228,15:01:56,2.15,4350,414000
20231228,15:02:04,2.2,3300,414000
20231228,15:02:11,2.2,700,414000
20231228,15:02:17,2.25,900,414000
20231228,15:02:23,2.2,4600,414000
20231228,15:02:29,2.25,1650,414000
20231228,15:02:34,2.25,4500,414000
20231228,15:02:40,2.25,1000,414000
20231228,15:02:46,2.2,1850,414000
20231228,15:02:52,2.2,2250,414000
20231228,15:02:58,2.2,800,414000
20231228,15:03:03,2.2,5400,414000
20231228,15:03:08,2.2,6000,414000
20231228,15:03:13,2.2,1000,414000
20231228,15:03:18,2.2,2600,414000
20231228,15:03:23,2.25,800,414000
20231228,15:03:28,2.25,2650,414000
20231228,15:03:33,2.25,2900,414000
20231228,15:03:39,2.25,800,478550
20231228,15:03:44,2.3,2950,478550
20231228,15:03:50,2.3,4100,478550
20231228,15:03:56,2.3,5050,478550
20231228,15:04:01,2.25,200,478550
20231228,15:04:06,2.3,900,478550
20231228,15:04:12,2.3,800,478550
20231228,15:04:18,2.25,2700,478550
20231228,15:04:23,2.25,1050,478550
20231228,15:04:33,2.3,2600,478550
20231228,15:04:38,2.3,7650,478550
20231228,15:04:44,2.35,850,478550
20231228,15:04:49,2.2,200,478550
20231228,15:04:54,2.3,900,478550
20231228,15:04:59,2.25,2650,478550
20231228,15:05:04,2.3,1050,478550
20231228,15:05:10,2.3,1900,478550
20231228,15:05:15,2.3,900,478550
20231228,15:05:21,2.25,2600,478550
20231228,15:05:28,2.2,1000,478550
20231228,15:05:35,2.2,1800,478550
20231228,15:05:41,2.25,800,478550
20231228,15:05:46,2.2,3200,478550
20231228,15:05:51,2.25,1600,478550
20231228,15:05:56,2.25,50,478550
20231228,15:06:02,2.25,4450,478550
20231228,15:06:07,2.25,4150,478550
20231228,15:06:12,2.25,1250,478550
20231228,15:06:17,2.2,1850,478550
20231228,15:06:22,2.25,1550,478550
20231228,15:06:27,2.25,950,478550
20231228,15:06:37,2.3,900,478550
20231228,15:06:41,2.35,4400,530650
20231228,15:06:46,2.3,600,530650
20231228,15:06:50,2.35,1650,530650
20231228,15:07:00,2.25,950,530650
20231228,15:07:05,2.3,1750,530650
20231228,15:07:10,2.3,2300,530650
20231228,15:07:15,2.3,2750,530650
20231228,15:07:19,2.35,3550,530650
20231228,15:07:24,2.3,1000,530650
20231228,15:07:28,2.3,1050,530650
20231228,15:07:38,2.3,900,530650
20231228,15:07:43,2.3,9900,530650
20231228,15:07:49,2.3,2050,530650
20231228,15:07:54,2.3,4450,530650
20231228,15:08:00,2.3,1000,530650
20231228,15:08:05,2.3,1700,530650
20231228,15:08:10,2.3,650,530650
20231228,15:08:16,2.25,1550,530650
20231228,15:08:21,2.3,4400,530650
20231228,15:08:27,2.25,3150,530650
20231228,15:08:32,2.25,850,530650
20231228,15:08:37,2.25,1250,530650
20231228,15:08:43,2.3,1750,530650
20231228,15:08:48,2.3,3050,530650
20231228,15:08:53,2.3,650,530650
20231228,15:08:58,2.3,3150,530650
20231228,15:09:03,2.35,7600,530650
20231228,15:09:09,2.3,4550,530650
20231228,15:09:15,2.3,2750,530650
20231228,15:09:21,2.35,2800,530650
20231228,15:09:26,2.35,1950,530650
20231228,15:09:31,2.3,2600,530650
20231228,15:09:36,2.3,900,530650
20231228,15:09:42,2.3,800,579800
20231228,15:09:47,2.3,850,579800
20231228,15:09:53,2.3,1600,579800
20231228,15:10:00,2.3,1750,579800
20231228,15:10:07,2.25,6250,579800
20231228,15:10:13,2.25,1500,579800
20231228,15:10:19,2.3,800,579800
20231228,15:10:23,2.2,1000,579800
20231228,15:10:28,2.2,1000,579800
20231228,15:10:33,2.25,800,579800
20231228,15:10:39,2.25,6300,579800
20231228,15:10:44,2.2,1550,579800
20231228,15:10:49,2.25,2400,579800
20231228,15:10:54,2.25,1400,579800
20231228,15:10:59,2.25,2500,579800
20231228,15:11:04,2.25,200,579800
20231228,15:11:09,2.3,800,579800
20231228,15:11:14,2.3,900,579800
20231228,15:11:18,2.3,1000,579800
20231228,15:11:22,2.3,800,579800
20231228,15:11:27,2.3,850,579800
20231228,15:11:31,2.3,800,579800
20231228,15:11:36,2.3,900,579800
20231228,15:11:41,2.3,800,579800
20231228,15:11:45,2.3,850,579800
20231228,15:11:50,2.25,1800,579800
20231228,15:11:55,2.3,900,579800
20231228,15:11:59,2.3,800,579800
20231228,15:12:04,2.3,200,579800
20231228,15:12:09,2.35,1800,579800
20231228,15:12:17,2.25,1100,579800
20231228,15:12:22,2.3,500,579800
20231228,15:12:27,2.35,850,579800
20231228,15:12:31,2.35,1200,579800
20231228,15:12:36,2.25,1000,579800
20231228,15:12:41,2.3,800,609950
20231228,15:12:46,2.25,3500,609950
20231228,15:12:50,2.25,3500,609950
20231228,15:12:55,2.3,900,609950
20231228,15:13:00,2.3,800,609950
20231228,15:13:05,2.3,900,609950
20231228,15:13:09,2.3,1800,609950
20231228,15:13:14,2.25,5900,609950
20231228,15:13:19,2.3,800,609950
20231228,15:13:24,2.25,800,609950
20231228,15:13:29,2.3,800,609950
20231228,15:13:34,2.3,900,609950
20231228,15:13:40,2.3,800,609950
20231228,15:13:46,2.3,850,609950
20231228,15:13:51,2.3,800,609950
20231228,15:13:57,2.25,1150,609950
20231228,15:14:02,2.25,800,609950
20231228,15:14:07,2.2,1900,609950
20231228,15:14:13,2.2,2750,609950
20231228,15:14:20,2.2,2700,609950
20231228,15:14:27,2.2,1050,609950
20231228,15:14:33,2.2,800,609950
20231228,15:14:38,2.2,900,609950
20231228,15:14:43,2.2,1600,609950
20231228,15:14:49,2.25,800,609950
20231228,15:14:54,2.25,900,609950
20231228,15:14:59,2.2,1600,609950
20231228,15:15:11,2.2,800,609950
20231228,15:15:18,2.15,1700,609950
20231228,15:15:24,2.15,2650,609950
20231228,15:15:36,2.2,1700,640550
20231228,15:15:41,2.2,1300,640550
20231228,15:15:47,2.15,4150,640550
20231228,15:15:52,2.2,800,640550
20231228,15:15:58,2.2,900,640550
20231228,15:16:03,2.2,1650,640550
20231228,15:16:09,2.2,800,640550
20231228,15:16:15,2.2,900,640550
20231228,15:16:21,2.2,750,640550
20231228,15:16:27,2.2,900,640550
20231228,15:16:32,2.2,800,640550
20231228,15:16:38,2.15,3700,640550
20231228,15:16:43,2.2,800,640550
20231228,15:16:49,2.15,2300,640550
20231228,15:16:57,2.2,900,640550
20231228,15:17:03,2.2,800,640550
20231228,15:17:08,2.2,1650,640550
20231228,15:17:20,2.2,1700,640550
20231228,15:17:26,2.2,4900,640550
20231228,15:17:31,2.2,1850,640550
20231228,15:17:37,2.2,500,640550
20231228,15:17:43,2.25,800,640550
20231228,15:17:49,2.2,1850,640550
20231228,15:17:54,2.2,1150,640550
20231228,15:17:59,2.2,400,640550
20231228,15:18:04,2.2,1000,640550
20231228,15:18:10,2.2,1000,640550
20231228,15:18:15,2.25,4400,640550
20231228,15:18:21,2.25,1100,640550
20231228,15:18:27,2.25,850,640550
20231228,15:18:34,2.3,2200,640550
20231228,15:18:42,2.2,5200,676500
20231228,15:18:49,2.25,4300,676500
20231228,15:18:55,2.25,800,676500
20231228,15:19:01,2.25,1000,676500
20231228,15:19:08,2.25,3000,676500
20231228,15:19:16,2.25,1700,676500
20231228,15:19:23,2.25,800,676500
20231228,15:19:29,2.3,3400,676500
20231228,15:19:34,2.3,800,676500
20231228,15:19:40,2.25,1200,676500
20231228,15:19:46,2.25,1050,676500
20231228,15:19:51,2.25,10350,676500
20231228,15:19:57,2.25,900,676500
20231228,15:20:04,2.25,4500,676500
20231228,15:20:11,2.2,9400,676500
20231228,15:20:19,2.2,4200,676500
20231228,15:20:27,2.25,1350,676500
20231228,15:20:33,2.25,800,676500
20231228,15:20:38,2.25,900,676500
20231228,15:20:43,2.2,1000,676500
20231228,15:20:48,2.15,1050,676500
20231228,15:20:53,2.2,1500,676500
20231228,15:20:59,2.15,400,676500
20231228,15:21:04,2.25,1550,676500
20231228,15:21:09,2.2,900,676500
20231228,15:21:15,2.2,900,676500
20231228,15:21:22,2.2,2200,676500
20231228,15:21:30,2.2,2200,676500
20231228,15:21:36,2.15,1000,676500
20231228,15:21:41,2.2,2800,718600
20231228,15:21:46,2.15,1200,718600
20231228,15:21:52,2.2,800,718600
20231228,15:21:58,2.15,1200,718600
20231228,15:22:03,2.15,1800,718600
20231228,15:22:09,2.2,800,718600
20231228,15:22:16,2.2,950,718600
20231228,15:22:23,2.2,800,718600
20231228,15:22:30,2.25,1450,718600
20231228,15:22:36,2.25,900,718600
20231228,15:22:42,2.25,1050,718600
20231228,15:22:50,2.25,1650,718600
20231228,15:22:56,2.2,2400,718600
20231228,15:23:02,2.2,900,718600
20231228,15:23:08,2.15,1000,718600
20231228,15:23:15,2.2,1250,718600
20231228,15:23:22,2.2,850,718600
20231228,15:23:29,2.15,2500,718600
20231228,15:23:37,2.2,800,718600
20231228,15:23:44,2.2,2700,718600
20231228,15:23:51,2.2,2200,718600
20231228,15:23:59,2.2,3300,718600
20231228,15:24:05,2.15,1650,718600
20231228,15:24:12,2.15,850,718600
20231228,15:24:19,2.15,2000,718600
20231228,15:24:26,2.15,1400,718600
20231228,15:24:33,2.1,1200,718600
20231228,15:24:41,2.2,4800,744750
20231228,15:24:55,2.15,3350,744750
20231228,15:25:03,2.1,9050,744750
20231228,15:25:10,2.15,1600,744750
20231228,15:25:17,2.2,4350,744750
20231228,15:25:26,2.15,4300,744750
20231228,15:25:34,2.15,4550,744750
20231228,15:25:40,2.15,800,744750
20231228,15:25:46,2.1,1750,744750
20231228,15:25:52,2.0,1000,744750
20231228,15:26:05,2.1,3900,744750
20231228,15:26:12,2.1,1700,744750
20231228,15:26:19,2.1,1850,744750
20231228,15:26:25,2.05,800,744750
20231228,15:26:31,2.1,800,744750
20231228,15:26:39,2.05,5150,744750
20231228,15:26:46,2.1,1900,744750
20231228,15:26:57,2.1,4100,744750
20231228,15:27:04,2.2,950,744750
20231228,15:27:11,2.2,3450,744750
20231228,15:27:18,2.15,1300,744750
20231228,15:27:25,2.15,3600,744750
20231228,15:27:31,2.15,1450,744750
20231228,15:27:39,2.1,1150,744750
20231228,15:27:46,2.15,850,763550
20231228,15:27:53,2.1,2800,763550
20231228,15:27:59,2.15,1000,763550
20231228,15:28:05,2.1,1650,763550
20231228,15:28:19,2.15,3500,763550
20231228,15:28:27,2.05,2550,763550
20231228,15:28:34,2.15,1550,763550
20231228,15:28:41,2.05,1350,763550
20231228,15:28:48,2.1,850,763550
20231228,15:28:55,2.1,1700,763550
20231228,15:29:00,2.1,800,763550
20231228,15:29:06,2.1,150,763550
20231228,15:29:12,2.1,1000,763550
20231228,15:29:18,2.15,2200,763550
20231228,15:29:25,2.15,850,763550
20231228,15:29:31,2.15,800,763550
20231228,15:29:36,2.1,1400,763550
20231228,15:29:41,2.15,6150,763550
20231228,15:29:46,2.15,4550,763550
20231228,15:29:58,2.15,950,763550
20231229,09:15:05,2.25,1,780800
20231229,09:15:05,2.25,150,780800
20231229,09:15:08,1.65,1050,780800
20231229,09:15:10,2.0,3600,780800
20231229,09:15:16,1.85,2750,780800
20231229,09:15:22,1.85,1750,780800
20231229,09:15:24,1.8,800,780800
20231229,09:15:25,1.8,200,780800
20231229,09:15:29,1.8,1100,780800
20231229,09:15:30,1.8,100,780800
20231229,09:15:31,1.8,650,780800
20231229,09:15:32,1.8,300,780800
20231229,09:15:36,1.9,2150,780800
20231229,09:15:36,1.8,800,780800
20231229,09:15:37,1.8,500,780800
20231229,09:15:38,1.85,300,780800
20231229,09:15:39,1.85,400,780800
20231229,09:15:42,1.7,3100,780800
20231229,09:15:48,1.8,1800,780800
20231229,09:15:52,1.75,300,780800
20231229,09:15:53,1.75,250,780800
20231229,09:15:55,1.8,200,780800
20231229,09:15:57,1.75,200,780800
20231229,09:16:02,1.8,1750,780800
20231229,09:16:09,1.8,100,780800
20231229,09:16:10,1.8,3300,780800
20231229,09:16:16,1.8,2500,780800
20231229,09:16:28,1.9,2500,780800
20231229,09:16:29,1.9,500,780800
20231229,09:16:30,1.9,2100,780800
20231229,09:16:36,1.85,200,780800
20231229,09:16:42,1.85,250,780800
20231229,09:16:51,1.8,1800,780800
20231229,09:16:57,1.9,100,780800
20231229,09:16:58,1.9,100,780800
20231229,09:17:00,1.85,500,780800
20231229,09:17:01,1.8,1100,780800
20231229,09:17:28,1.85,1800,781600
20231229,09:17:32,1.85,2050,781600
20231229,09:17:32,1.8,100,781600
20231229,09:17:41,1.8,1800,781600
20231229,09:17:42,1.85,400,781600
20231229,09:17:44,1.8,1800,781600
20231229,09:17:58,1.85,250,781600
20231229,09:18:04,1.8,400,781600
20231229,09:18:08,1.85,1800,781600
20231229,09:18:14,1.85,2300,781600
20231229,09:18:19,1.85,1800,781600
20231229,09:18:34,1.85,300,781600
20231229,09:18:45,1.85,250,781600
20231229,09:18:49,1.85,500,781600
20231229,09:19:05,1.85,1600,781600
20231229,09:19:05,1.85,1200,781600
20231229,09:19:08,1.85,650,781600
20231229,09:19:09,1.85,500,781600
20231229,09:19:12,1.85,300,781600
20231229,09:19:19,1.85,900,781600
20231229,09:19:20,1.85,1200,781600
20231229,09:19:22,1.85,2300,781600
20231229,09:19:23,1.85,350,781600
20231229,09:19:57,1.85,2000,781600
20231229,09:20:06,1.85,50,781600
20231229,09:20:10,1.85,1000,781150
20231229,09:20:16,1.8,200,781150
20231229,09:20:22,1.8,200,781150
20231229,09:20:23,1.8,50,781150
20231229,09:20:26,1.85,3300,781150
20231229,09:20:29,1.8,600,781150
20231229,09:20:30,1.8,600,781150
20231229,09:20:38,1.85,200,781150
20231229,09:20:47,1.75,1850,781150
20231229,09:20:59,1.7,100,781150
20231229,09:21:01,1.75,150,781150
20231229,09:21:55,1.75,1500,781150
20231229,09:22:00,1.75,100,781150
20231229,09:22:11,1.75,300,781150
20231229,09:22:12,1.75,50,781150
20231229,09:22:13,1.75,50,781150
20231229,09:22:14,1.75,50,781150
20231229,09:22:15,1.75,50,781150
20231229,09:22:25,1.75,500,781150
20231229,09:22:32,1.75,300,781150
20231229,09:22:33,1.75,1300,781150
20231229,09:22:34,1.8,800,781150
20231229,09:22:34,1.8,1200,781150
20231229,09:22:52,1.75,500,781150
20231229,09:22:54,1.8,1400,781150
20231229,09:23:03,1.75,500,781150
20231229,09:23:06,1.8,800,781150
20231229,09:23:11,1.8,1000,781150
20231229,09:23:16,1.8,2200,781100
20231229,09:23:22,1.8,2100,781100
20231229,09:23:36,1.8,1000,781100
20231229,09:23:38,1.75,500,781100
20231229,09:23:43,1.8,400,781100
20231229,09:24:26,1.8,650,781100
20231229,09:24:27,1.75,500,781100
20231229,09:24:29,1.75,1000,781100
20231229,09:24:37,1.7,250,781100
20231229,09:25:03,1.75,1800,781100
20231229,09:25:08,1.7,500,781100
20231229,09:25:55,1.75,1850,781100
20231229,09:25:57,1.75,300,781100
20231229,09:25:58,1.75,700,781100
20231229,09:26:02,1.75,300,781100
20231229,09:26:09,1.75,500,781100
20231229,09:26:11,1.75,2000,780900
20231229,09:26:15,1.75,200,780900
20231229,09:26:21,1.75,800,780900
20231229,09:27:16,1.65,3600,780900
20231229,09:27:35,1.7,2400,780900
20231229,09:27:38,1.7,700,780900
20231229,09:27:52,1.65,5400,780900
20231229,09:28:42,1.7,1000,780900
20231229,09:28:47,1.7,50,780900
20231229,09:28:58,1.65,1200,780900
20231229,09:29:30,1.7,250,781550
20231229,09:30:06,1.7,800,781550
20231229,09:30:07,1.7,4600,781550
20231229,09:30:49,1.7,1600,781550
20231229,09:30:49,1.7,400,781550
20231229,09:31:05,1.7,2150,781550
20231229,09:31:06,1.7,50,781550
20231229,09:32:02,1.7,1200,781550
20231229,09:32:12,1.65,50,781400
20231229,09:33:04,1.7,50,781400
20231229,09:33:56,1.65,50,781400
20231229,09:34:22,1.65,1800,781400
20231229,09:34:24,1.65,1800,781400
20231229,09:34:28,1.65,2050,781400
20231229,09:34:28,1.65,350,781400
20231229,09:36:02,1.7,500,781450
20231229,09:36:58,1.65,150,781450
20231229,09:38:42,1.65,100,781250
20231229,09:39:27,1.65,300,781250
20231229,09:39:30,1.65,400,781250
20231229,09:39:33,1.65,500,781250
20231229,09:39:54,1.7,1000,781250
20231229,09:39:55,1.7,250,781250
20231229,09:39:56,1.7,1000,781250
20231229,09:40:07,1.6,300,781250
20231229,09:40:08,1.6,800,781250
20231229,09:40:21,1.55,400,781250
20231229,09:40:26,1.55,4150,781250
20231229,09:40:27,1.55,5700,781250
20231229,09:40:29,1.6,1250,781250
20231229,09:40:42,1.6,1300,781250
20231229,09:40:46,1.6,800,781250
20231229,09:40:48,1.55,150,781250
20231229,09:41:26,1.6,500,781250
20231229,09:41:55,1.55,150,781550
20231229,09:42:04,1.55,100,781550
20231229,09:42:09,1.55,4100,781550
20231229,09:42:09,1.55,1300,781550
20231229,09:42:12,1.55,450,781550
20231229,09:42:20,1.55,250,781550
20231229,09:42:23,1.55,650,781550
20231229,09:42:59,1.55,650,781550
20231229,09:43:03,1.6,200,781550
20231229,09:43:05,1.55,300,781550
20231229,09:43:06,1.55,750,781550
20231229,09:43:07,1.6,750,781550
20231229,09:43:08,1.6,250,781550
20231229,09:43:09,1.6,1500,781550
20231229,09:43:10,1.6,750,781550
20231229,09:43:11,1.6,750,781550
20231229,09:43:12,1.6,750,781550
20231229,09:43:13,1.6,250,781550
20231229,09:43:14,1.55,1600,781550
20231229,09:43:19,1.55,100,781550
20231229,09:43:25,1.55,150,781550
20231229,09:43:30,1.5,150,781550
20231229,09:43:33,1.5,1800,781550
20231229,09:43:34,1.5,4300,781550
20231229,09:43:38,1.5,150,781550
20231229,09:43:42,1.5,100,781550
20231229,09:43:43,1.5,50,781550
20231229,09:43:45,1.45,1050,781550
20231229,09:43:49,1.45,2000,781550
20231229,09:43:54,1.4,150,781550
20231229,09:43:58,1.4,100,781550
20231229,09:43:59,1.45,2600,781550
20231229,09:44:07,1.45,1650,781550
20231229,09:44:11,1.5,150,781550
20231229,09:44:15,1.45,650,780100
20231229,09:44:23,1.45,600,780100
20231229,09:44:27,1.45,1250,780100
20231229,09:44:27,1.4,6950,780100
20231229,09:44:28,1.35,1800,780100
20231229,09:44:35,1.35,4450,780100
20231229,09:44:41,1.35,1800,780100
20231229,09:44:41,1.3,19550,780100
20231229,09:44:42,1.4,5600,780100
20231229,09:44:44,1.4,2650,780100
20231229,09:44:46,1.4,400,780100
20231229,09:44:52,1.4,50,780100
20231229,09:44:53,1.4,50,780100
20231229,09:44:54,1.45,50,780100
20231229,09:45:01,1.4,50,780100
20231229,09:45:02,1.4,1900,780100
20231229,09:45:08,1.4,150,780100
20231229,09:45:09,1.45,200,780100
20231229,09:45:17,1.45,2350,780100
20231229,09:45:20,1.4,200,780100
20231229,09:45:21,1.4,200,780100
20231229,09:45:22,1.4,1400,780100
20231229,09:45:24,1.4,3750,780100
20231229,09:45:25,1.4,50,780100
20231229,09:45:27,1.3,12950,780100
20231229,09:45:27,1.4,1800,780100
20231229,09:45:28,1.35,2100,780100
20231229,09:45:48,1.4,150,780100
20231229,09:45:49,1.35,300,780100
20231229,09:45:51,1.35,200,780100
20231229,09:45:58,1.4,150,780100
20231229,09:46:03,1.4,150,780100
20231229,09:46:06,1.4,150,780100
20231229,09:46:12,1.35,1800,780100
20231229,09:46:13,1.4,8900,780100
20231229,09:46:14,1.4,8300,780100
20231229,09:46:15,1.35,7050,780100
20231229,09:46:16,1.3,11600,780100
20231229,09:46:17,1.25,3100,780100
20231229,09:46:19,1.35,400,780100
20231229,09:46:20,1.35,1400,780100
20231229,09:46:21,1.4,2950,780100
20231229,09:46:22,1.4,150,780100
20231229,09:46:23,1.35,1300,780100
20231229,09:46:25,1.35,450,780100
20231229,09:46:28,1.35,100,780100
20231229,09:46:31,1.35,500,780100
20231229,09:46:32,1.3,50,780100
20231229,09:46:33,1.3,600,780100
20231229,09:46:34,1.35,1350,780100
20231229,09:46:37,1.4,50,780100
20231229,09:46:43,1.35,150,780100
20231229,09:46:45,1.35,650,780100
20231229,09:46:46,1.4,850,780100
20231229,09:46:55,1.4,150,780100
20231229,09:47:03,1.4,2600,780100
20231229,09:47:07,1.35,1100,780100
20231229,09:47:08,1.35,1400,780100
20231229,09:47:09,1.35,100,780100
20231229,09:47:12,1.35,1750,750500
20231229,09:47:22,1.35,500,750500
20231229,09:48:03,1.4,150,750500
20231229,09:48:14,1.4,1800,750500
20231229,09:48:15,1.4,950,750500
20231229,09:48:18,1.35,1400,750500
20231229,09:48:21,1.4,200,750500
20231229,09:48:29,1.4,200,750500
20231229,09:48:48,1.4,400,750500
20231229,09:48:57,1.4,150,750500
20231229,09:48:58,1.4,50,750500
20231229,09:49:00,1.35,250,750500
20231229,09:49:08,1.35,200,750500
20231229,09:49:13,1.4,400,750500
20231229,09:49:14,1.35,1800,750500
20231229,09:49:14,1.35,800,750500
20231229,09:49:15,1.35,250,750500
20231229,09:49:16,1.35,350,750500
20231229,09:49:17,1.35,400,750500
20231229,09:49:18,1.35,250,750500
20231229,09:49:20,1.35,300,750500
20231229,09:49:24,1.4,800,750500
20231229,09:49:29,1.35,400,750500
20231229,09:49:30,1.35,200,750500
20231229,09:49:53,1.4,1000,750500
20231229,09:49:54,1.4,600,750500
20231229,09:49:55,1.4,300,750500
20231229,09:49:56,1.4,600,750500
20231229,09:49:58,1.4,2250,750500
20231229,09:50:00,1.4,2100,750500
20231229,09:50:01,1.35,1800,750500
20231229,09:50:02,1.4,4450,750500
20231229,09:50:03,1.4,2550,750500
20231229,09:50:04,1.4,1200,750500
20231229,09:50:05,1.4,300,750500
20231229,09:50:06,1.4,600,750500
20231229,09:50:09,1.35,250,750500
20231229,09:50:17,1.35,250,742150
20231229,09:50:26,1.4,1700,742150
20231229,09:50:32,1.4,300,742150
20231229,09:50:34,1.4,600,742150
20231229,09:50:34,1.4,300,742150
20231229,09:50:39,1.4,900,742150
20231229,09:50:40,1.4,1200,742150
20231229,09:50:40,1.4,400,742150
20231229,09:50:42,1.4,600,742150
20231229,09:51:00,1.35,550,742150
20231229,09:51:02,1.4,150,742150
20231229,09:51:08,1.4,2000,742150
20231229,09:51:09,1.4,2200,742150
20231229,09:51:12,1.35,100,742150
20231229,09:51:13,1.35,1800,742150
20231229,09:51:19,1.4,150,742150
20231229,09:51:27,1.35,1800,742150
20231229,09:51:28,1.35,250,742150
20231229,09:51:33,1.35,100,742150
20231229,09:51:46,1.35,200,742150
20231229,09:51:47,1.35,2000,742150
20231229,09:51:54,1.3,250,742150
20231229,09:51:55,1.35,200,742150
20231229,09:51:56,1.35,300,742150
20231229,09:52:02,1.35,1400,742150
20231229,09:52:03,1.35,950,742150
20231229,09:52:09,1.35,450,742150
20231229,09:52:21,1.3,1800,742150
20231229,09:52:25,1.35,500,742150
20231229,09:52:33,1.35,4400,742150
20231229,09:52:46,1.3,1950,742150
20231229,09:52:59,1.3,1800,742150
20231229,09:53:03,1.35,1000,742150
20231229,09:53:08,1.3,3600,742150
20231229,09:53:09,1.3,3600,742150
20231229,09:53:16,1.35,2000,734800
20231229,09:53:27,1.3,1800,734800
20231229,09:53:33,1.3,4500,734800
20231229,09:53:34,1.3,5700,734800
20231229,09:53:35,1.3,3400,734800
20231229,09:53:36,1.3,2100,734800
20231229,09:53:37,1.3,2350,734800
20231229,09:53:38,1.3,150,734800
20231229,09:53:40,1.35,50,734800
20231229,09:53:42,1.35,700,734800
20231229,09:53:46,1.35,2000,734800
20231229,09:53:47,1.25,1500,734800
20231229,09:53:48,1.25,500,734800
20231229,09:53:50,1.3,1800,734800
20231229,09:53:51,1.25,2200,734800
20231229,09:53:52,1.25,500,734800
20231229,09:53:55,1.3,2000,734800
20231229,09:54:02,1.3,850,734800
20231229,09:54:16,1.25,1500,734800
20231229,09:54:17,1.25,2000,734800
20231229,09:54:18,1.25,6300,734800
20231229,09:54:19,1.35,5600,734800
20231229,09:54:21,1.3,1900,734800
20231229,09:54:24,1.35,1400,734800
20231229,09:54:25,1.3,1000,734800
20231229,09:54:26,1.25,2100,734800
20231229,09:54:27,1.35,5100,734800
20231229,09:54:28,1.2,4400,734800
20231229,09:54:29,1.2,3450,734800
20231229,09:54:31,1.3,3550,734800
20231229,09:54:34,1.3,3900,734800
20231229,09:54:36,1.2,3600,734800
20231229,09:54:37,1.3,2300,734800
20231229,09:54:53,1.25,2500,734800
20231229,09:54:57,1.3,1000,734800
20231229,09:54:57,1.2,1800,734800
20231229,09:54:58,1.2,1800,734800
20231229,09:55:10,1.25,17250,734800
20231229,09:55:12,1.15,15950,734800
20231229,09:55:12,1.25,4200,734800
20231229,09:55:13,1.25,250,734800
20231229,09:55:15,1.15,9250,734800
20231229,09:55:17,1.2,1550,734800
20231229,09:55:17,1.25,800,734800
20231229,09:55:18,1.2,2700,734800
20231229,09:55:19,1.2,4000,734800
20231229,09:55:20,1.2,3200,734800
20231229,09:55:22,1.2,500,734800
20231229,09:55:23,1.1,25050,734800
20231229,09:55:24,1.2,2700,734800
20231229,09:55:28,1.15,2250,734800
20231229,09:55:30,1.15,1800,734800
20231229,09:55:31,1.2,6500,734800
20231229,09:55:32,1.2,750,734800
20231229,09:55:33,1.15,1900,734800
20231229,09:55:34,1.15,1000,734800
20231229,09:55:35,1.25,4350,734800
20231229,09:55:36,1.15,4600,734800
20231229,09:55:37,1.15,2500,734800
20231229,09:55:38,1.15,15100,734800
20231229,09:55:39,1.15,4600,734800
20231229,09:55:40,1.15,1000,734800
20231229,09:55:41,1.15,5500,734800
20231229,09:55:43,1.25,8500,734800
20231229,09:55:43,1.2,12150,734800
20231229,09:55:44,1.15,6700,734800
20231229,09:55:45,1.15,2500,734800
20231229,09:55:46,1.15,7100,734800
20231229,09:55:47,1.25,6300,734800
20231229,09:55:48,1.2,3000,734800
20231229,09:55:51,1.2,1200,734800
20231229,09:55:52,1.2,2000,734800
20231229,09:55:54,1.15,2000,734800
20231229,09:55:55,1.15,2500,734800
20231229,09:55:56,1.15,14800,734800
20231229,09:55:57,1.2,3100,734800
20231229,09:55:58,1.25,7950,734800
20231229,09:55:58,1.2,500,734800
20231229,09:55:59,1.15,3400,734800
20231229,09:56:01,1.15,1000,734800
20231229,09:56:03,1.2,2000,734800
20231229,09:56:04,1.15,21600,734800
20231229,09:56:09,1.2,2000,734800
20231229,09:56:10,1.15,10950,734800
20231229,09:56:11,1.1,9200,734800
20231229,09:56:12,1.15,400,618900
20231229,09:56:15,1.15,500,618900
20231229,09:56:16,1.15,25950,618900
20231229,09:56:21,1.05,18000,618900
20231229,09:56:22,1.05,3850,618900
20231229,09:56:25,1.1,4200,618900
20231229,09:56:25,1.05,3700,618900
20231229,09:56:27,1.15,3950,618900
20231229,09:56:28,1.15,2000,618900
20231229,09:56:29,1.15,2150,618900
20231229,09:56:30,1.1,2900,618900
20231229,09:56:30,1.05,2400,618900
20231229,09:56:32,1.1,1800,618900
20231229,09:56:38,1.05,9000,618900
20231229,09:56:39,1.1,17000,618900
20231229,09:56:40,1.1,3200,618900
20231229,09:56:42,1.1,500,618900
20231229,09:56:43,1.1,2000,618900
20231229,09:56:46,1.1,250,618900
20231229,09:56:48,1.1,2000,618900
20231229,09:56:49,1.1,2700,618900
20231229,09:56:50,1.1,3800,618900
20231229,09:56:51,1.1,5500,618900
20231229,09:56:52,1.1,2800,618900
20231229,09:56:53,1.1,2800,618900
20231229,09:56:54,1.1,600,618900
20231229,09:56:55,1.15,6100,618900
20231229,09:56:56,1.1,250,618900
20231229,09:57:03,1.1,200,618900
20231229,09:57:04,1.1,50,618900
20231229,09:57:06,1.1,100,618900
20231229,09:57:15,1.1,200,618900
20231229,09:57:16,1.15,600,618900
20231229,09:57:17,1.05,250,618900
20231229,09:57:19,1.05,250,618900
20231229,09:57:20,1.1,100,618900
20231229,09:57:21,1.1,1050,618900
20231229,09:57:34,1.05,1000,618900
20231229,09:57:36,1.15,2400,618900
20231229,09:57:37,1.1,300,618900
20231229,09:57:40,1.15,1200,618900
20231229,09:57:43,1.05,3600,618900
20231229,09:57:47,1.1,200,618900
20231229,09:57:51,1.15,250,618900
20231229,09:57:52,1.1,1800,618900
20231229,09:58:11,1.1,500,618900
20231229,09:58:13,1.1,500,618900
20231229,09:58:15,1.1,500,618900
20231229,09:58:17,1.1,500,618900
20231229,09:58:24,1.15,200,618900
20231229,09:58:33,1.1,450,618900
20231229,09:58:44,1.1,1500,618900
20231229,09:58:51,1.1,500,618900
20231229,09:58:53,1.15,350,618900
20231229,09:59:05,1.1,400,618900
20231229,09:59:13,1.1,1500,533500
20231229,09:59:20,1.15,500,533500
20231229,09:59:24,1.15,500,533500
20231229,09:59:25,1.15,3350,533500
20231229,09:59:28,1.2,500,533500
20231229,09:59:57,1.15,850,533500
20231229,09:59:58,1.15,2000,533500
20231229,09:59:59,1.15,2500,533500
20231229,10:00:00,1.15,3000,533500
20231229,10:00:01,1.15,2500,533500
20231229,10:00:02,1.15,900,533500
20231229,10:00:03,1.1,500,533500
20231229,10:00:10,1.15,400,533500
20231229,10:00:11,1.15,750,533500
20231229,10:00:21,1.15,400,533500
20231229,10:00:25,1.15,600,533500
20231229,10:01:25,1.1,1500,533500
20231229,10:01:26,1.1,2500,533500
20231229,10:01:35,1.15,200,533500
20231229,10:01:36,1.15,1400,533500
20231229,10:01:37,1.15,800,533500
20231229,10:01:45,1.1,1250,533500
20231229,10:01:50,1.1,750,533500
20231229,10:02:01,1.15,3000,533500
20231229,10:02:01,1.15,3950,533500
20231229,10:04:19,1.15,500,533500
20231229,10:04:36,1.15,1000,526950
20231229,10:04:37,1.15,3000,526950
20231229,10:04:38,1.15,2500,526950
20231229,10:04:40,1.1,500,526950
20231229,10:05:00,1.15,100,526950
20231229,10:05:19,1.1,500,526950
20231229,10:05:19,1.1,2000,528900
20231229,10:05:20,1.1,3000,528900
20231229,10:05:21,1.1,3500,528900
20231229,10:05:22,1.1,3000,528900
20231229,10:05:23,1.1,1000,528900
20231229,10:05:26,1.1,1000,528900
20231229,10:05:30,1.1,500,528900
20231229,10:05:42,1.15,250,528900
20231229,10:05:49,1.1,1500,528900
20231229,10:05:50,1.1,1450,528900
20231229,10:05:51,1.1,1950,528900
20231229,10:05:57,1.15,300,528900
20231229,10:06:44,1.1,200,528900
20231229,10:07:06,1.1,100,528900
20231229,10:07:28,1.1,500,528900
20231229,10:07:29,1.15,4550,528900
20231229,10:07:41,1.1,2400,528900
20231229,10:07:42,1.15,200,528900
20231229,10:07:44,1.15,2400,528900
20231229,10:07:46,1.1,1000,528900
20231229,10:07:46,1.1,700,528900
20231229,10:07:47,1.15,3850,528900
20231229,10:07:48,1.1,500,528900
20231229,10:07:50,1.1,1900,528900
20231229,10:07:52,1.1,2000,528900
20231229,10:07:53,1.1,3000,528900
20231229,10:07:54,1.1,2500,528900
20231229,10:07:55,1.1,3000,528900
20231229,10:07:56,1.1,2500,528900
20231229,10:07:57,1.1,3300,528900
20231229,10:07:58,1.05,600,528900
20231229,10:08:03,1.1,1800,528900
20231229,10:08:04,1.05,200,528900
20231229,10:08:05,1.1,300,528900
20231229,10:08:07,1.05,1500,528900
20231229,10:08:08,1.05,1000,528900
20231229,10:08:09,1.05,4000,528900
20231229,10:08:12,1.1,3400,528900
20231229,10:08:13,1.1,2600,528900
20231229,10:08:14,1.05,3000,554250
20231229,10:08:15,1.05,4300,554250
20231229,10:08:18,1.05,500,554250
20231229,10:08:19,1.05,2000,554250
20231229,10:08:20,1.05,1000,554250
20231229,10:08:21,1.05,1500,554250
20231229,10:08:22,1.05,850,554250
20231229,10:08:23,1.05,250,554250
20231229,10:08:24,1.05,550,554250
20231229,10:08:26,1.05,350,554250
20231229,10:08:27,1.05,500,554250
20231229,10:08:32,1.05,450,554250
20231229,10:08:36,1.05,2850,554250
20231229,10:08:37,1.05,5650,554250
20231229,10:08:42,1.05,3000,554250
20231229,10:08:43,1.05,2200,554250
20231229,10:08:44,1.05,450,554250
20231229,10:10:01,1.1,100,554250
20231229,10:10:02,1.1,50,554250
20231229,10:10:32,1.1,4000,554250
20231229,10:10:48,1.1,1000,554250
20231229,10:11:05,1.1,600,554250
20231229,10:11:06,1.1,2400,554250
20231229,10:11:07,1.1,1000,554250
20231229,10:13:40,1.1,200,554250
20231229,10:13:45,1.1,300,562350
20231229,10:13:52,1.1,500,562350
20231229,10:13:54,1.1,900,562350
20231229,10:13:58,1.1,500,562350
20231229,10:13:58,1.1,1850,562350
20231229,10:14:01,1.1,1500,562350
20231229,10:14:10,1.1,500,562350
20231229,10:14:27,1.1,100,562350
20231229,10:14:28,1.1,100,558300
20231229,10:14:29,1.1,450,558300
20231229,10:14:31,1.1,1800,558300
20231229,10:14:34,1.1,900,558300
20231229,10:14:35,1.1,1800,558300
20231229,10:14:37,1.1,200,558300
20231229,10:15:03,1.1,100,558300
20231229,10:15:12,1.1,1000,558300
20231229,10:15:13,1.1,200,558300
20231229,10:15:17,1.1,500,558300
20231229,10:15:27,1.1,150,558300
20231229,10:15:42,1.05,100,558300
20231229,10:16:10,1.1,500,558300
20231229,10:16:25,1.1,1800,558300
20231229,10:16:28,1.1,1800,558300
20231229,10:16:34,1.1,1800,558300
20231229,10:16:37,1.1,500,558300
20231229,10:16:40,1.1,500,558300
20231229,10:16:42,1.1,50,558300
20231229,10:16:43,1.1,500,558300
20231229,10:16:44,1.1,2250,558300
20231229,10:16:45,1.1,500,558300
20231229,10:17:01,1.1,1800,558300
20231229,10:17:06,1.1,1000,558300
20231229,10:17:38,1.1,1500,544650
20231229,10:17:46,1.1,1000,544650
20231229,10:17:47,1.1,1800,544650
20231229,10:17:48,1.15,1800,544650
20231229,10:17:50,1.1,250,544650
20231229,10:17:51,1.1,250,544650
20231229,10:17:53,1.1,150,544650
20231229,10:18:58,1.1,100,544650
20231229,10:19:48,1.15,3150,544650
20231229,10:20:40,1.15,250,539600
20231229,10:20:51,1.15,1800,539600
20231229,10:20:54,1.15,1800,539600
20231229,10:20:56,1.15,1800,539600
20231229,10:21:00,1.15,1800,539600
20231229,10:24:51,1.15,950,539600
20231229,10:25:09,1.15,700,535350
20231229,10:25:32,1.15,500,535350
20231229,10:25:35,1.15,250,535350
20231229,10:25:41,1.15,250,535350
20231229,10:25:47,1.15,350,535350
20231229,10:25:49,1.15,50,535350
20231229,10:25:49,1.15,1800,535350
20231229,10:25:51,1.15,500,535350
20231229,10:25:53,1.15,500,535350
20231229,10:25:56,1.15,250,535350
20231229,10:25:57,1.15,500,535350
20231229,10:25:58,1.15,500,535350
20231229,10:26:00,1.15,1300,535350
20231229,10:26:01,1.15,1850,535350
20231229,10:26:02,1.2,50,535350
20231229,10:26:03,1.2,50,535350
20231229,10:26:04,1.2,50,535350
20231229,10:26:05,1.2,50,535350
20231229,10:26:12,1.15,1500,535350
20231229,10:26:13,1.15,900,535350
20231229,10:26:17,1.2,50,535350
20231229,10:26:18,1.2,500,530350
20231229,10:26:19,1.2,1800,530350
20231229,10:26:20,1.2,1800,530350
20231229,10:26:21,1.2,1800,530350
20231229,10:26:22,1.15,2000,530350
20231229,10:26:23,1.2,1600,530350
20231229,10:26:24,1.25,3000,530350
20231229,10:26:25,1.2,200,530350
20231229,10:26:33,1.25,5000,530350
20231229,10:26:34,1.25,1200,530350
20231229,10:26:37,1.25,1350,530350
20231229,10:26:40,1.25,1700,530350
20231229,10:26:47,1.25,200,530350
20231229,10:26:58,1.25,200,530350
20231229,10:26:59,1.25,50,530350
20231229,10:27:20,1.3,500,530350
20231229,10:27:36,1.25,100,530350
20231229,10:27:41,1.3,150,530350
20231229,10:27:43,1.25,550,530350
20231229,10:27:44,1.25,200,530350
20231229,10:28:11,1.25,300,530350
20231229,10:28:18,1.25,750,530350
20231229,10:28:21,1.25,200,530350
20231229,10:28:34,1.25,50,530350
20231229,10:28:42,1.25,250,530350
20231229,10:28:47,1.25,300,530350
20231229,10:29:11,1.25,850,530350
20231229,10:29:16,1.3,100,530350
20231229,10:29:16,1.3,200,531500
20231229,10:30:09,1.25,450,531500
20231229,10:30:14,1.25,950,531500
20231229,10:30:18,1.3,2250,531500
20231229,10:30:19,1.25,1050,531500
20231229,10:30:25,1.25,600,531500
20231229,10:30:58,1.3,100,531500
20231229,10:31:26,1.25,1750,531500
20231229,10:31:29,1.25,800,531500
20231229,10:31:33,1.25,400,531500
20231229,10:31:56,1.25,200,531500
20231229,10:32:25,1.3,1800,525000
20231229,10:32:50,1.3,500,525000
20231229,10:33:36,1.3,250,525000
20231229,10:33:37,1.3,50,525000
20231229,10:33:42,1.3,300,525000
20231229,10:33:52,1.3,350,525000
20231229,10:34:03,1.3,250,525000
20231229,10:34:07,1.3,300,525000
20231229,10:34:07,1.3,250,525000
20231229,10:34:25,1.3,450,525000
20231229,10:35:05,1.25,450,525000
20231229,10:35:20,1.3,250,524100
20231229,10:36:28,1.3,300,524100
20231229,10:36:30,1.3,250,524100
20231229,10:36:37,1.3,400,524100
20231229,10:36:40,1.3,200,524100
20231229,10:37:16,1.35,50,524100
20231229,10:37:19,1.3,50,524100
20231229,10:37:36,1.35,500,524100
20231229,10:38:14,1.35,2000,524100
20231229,10:38:27,1.35,50,525900
20231229,10:39:01,1.35,50,525900
20231229,10:39:03,1.35,500,525900
20231229,10:39:14,1.35,300,525900
20231229,10:39:18,1.35,200,525900
20231229,10:39:27,1.35,500,525900
20231229,10:40:00,1.4,1800,525900
20231229,10:40:01,1.4,1600,525900
20231229,10:40:02,1.35,500,525900
20231229,10:40:12,1.45,1800,525900
20231229,10:40:21,1.4,600,525900
20231229,10:40:25,1.45,1800,525900
20231229,10:40:38,1.45,250,525900
20231229,10:40:45,1.45,550,525900
20231229,10:40:57,1.4,350,525900
20231229,10:40:59,1.4,250,525900
20231229,10:41:06,1.45,1800,525900
20231229,10:41:07,1.45,1850,525900
20231229,10:41:11,1.5,1100,525900
20231229,10:41:13,1.45,2700,525900
20231229,10:41:21,1.45,1500,525900
20231229,10:41:26,1.5,50,527400
20231229,10:41:30,1.4,50,527400
20231229,10:41:55,1.5,50,527400
20231229,10:42:08,1.45,1800,527400
20231229,10:42:43,1.4,750,527400
20231229,10:43:01,1.5,2150,527400
20231229,10:43:11,1.5,250,527400
20231229,10:43:12,1.55,2350,527400
20231229,10:43:19,1.5,550,527400
20231229,10:43:24,1.5,50,527400
20231229,10:43:41,1.55,3450,527400
20231229,10:43:57,1.5,200,527400
20231229,10:43:58,1.55,1050,527400
20231229,10:44:10,1.5,50,527400
20231229,10:44:16,1.5,100,527400
20231229,10:44:18,1.55,2250,527400
20231229,10:44:22,1.55,300,531400
20231229,10:44:26,1.55,800,531400
20231229,10:45:06,1.5,1300,531400
20231229,10:45:07,1.5,500,531400
20231229,10:45:08,1.5,400,531400
20231229,10:45:13,1.5,400,531400
20231229,10:45:18,1.5,400,531400
20231229,10:45:22,1.5,100,531400
20231229,10:45:36,1.45,100,531400
20231229,10:46:00,1.45,100,531400
20231229,10:47:01,1.45,1400,531400
20231229,10:47:04,1.45,950,531400
20231229,10:48:31,1.4,1800,531400
20231229,10:48:35,1.4,1200,529850
20231229,10:48:52,1.4,1550,529850
20231229,10:49:18,1.35,100,529850
20231229,10:49:28,1.35,550,529850
20231229,10:49:37,1.35,500,529850
20231229,10:49:38,1.35,1350,529850
20231229,10:49:45,1.35,1450,529850
20231229,10:50:46,1.35,50,529850
20231229,10:51:00,1.4,1800,529150
20231229,10:51:43,1.35,50,529150
20231229,10:52:50,1.35,1800,529150
20231229,10:52:52,1.35,1800,529150
20231229,10:52:53,1.35,2950,529150
20231229,10:53:03,1.35,600,529150
20231229,10:54:24,1.35,50,531000
20231229,10:56:18,1.35,50,531000
20231229,10:57:09,1.35,3650,530950
20231229,11:01:34,1.35,300,532250
20231229,11:02:16,1.35,100,532250
20231229,11:02:35,1.3,3950,531950
20231229,11:02:37,1.3,300,531950
20231229,11:04:32,1.25,50,531950
20231229,11:04:37,1.25,2650,531950
20231229,11:04:43,1.25,1400,531950
20231229,11:05:03,1.3,250,531950
20231229,11:05:10,1.3,250,531950
20231229,11:05:12,1.3,50,531950
20231229,11:09:08,1.3,500,535650
20231229,11:09:27,1.25,100,535650
20231229,11:09:35,1.25,50,535650
20231229,11:09:48,1.3,50,535650
20231229,11:11:43,1.3,50,535650
20231229,11:11:49,1.3,50,535650
20231229,11:12:09,1.25,50,535650
20231229,11:13:44,1.25,700,535650
20231229,11:16:10,1.2,3250,535050
20231229,11:17:41,1.25,300,535050
20231229,11:19:40,1.25,200,537900
20231229,11:21:20,1.2,100,537400
20231229,11:22:01,1.2,8250,537400
20231229,11:22:08,1.2,50,537400
20231229,11:22:33,1.2,450,537400
20231229,11:22:45,1.2,400,537400
20231229,11:24:47,1.2,250,541150
20231229,11:25:32,1.2,400,541150
20231229,11:26:19,1.2,1800,541150
20231229,11:28:08,1.2,250,541200
20231229,11:28:15,1.2,250,541200
20231229,11:28:24,1.2,1600,541200
20231229,11:28:25,1.2,250,541200
20231229,11:28:36,1.2,350,541200
20231229,11:28:37,1.2,250,541200
20231229,11:28:39,1.2,250,541200
20231229,11:28:42,1.2,250,541200
20231229,11:28:45,1.2,250,541200
20231229,11:28:51,1.2,300,541200
20231229,11:28:52,1.2,150,541200
20231229,11:29:08,1.25,350,541200
20231229,11:31:17,1.25,1800,541200
20231229,11:31:21,1.2,50,540550
20231229,11:34:42,1.25,350,540550
20231229,11:34:45,1.25,300,539400
20231229,11:35:29,1.25,1800,539400
20231229,11:35:32,1.25,450,539400
20231229,11:45:13,1.3,600,539400
20231229,11:46:39,1.25,150,538650
20231229,11:48:26,1.25,1600,538650
20231229,11:48:38,1.25,400,539250
20231229,11:48:43,1.25,200,539250
20231229,11:48:47,1.25,200,539250
20231229,11:49:07,1.2,50,539250
20231229,11:49:28,1.2,50,539250
20231229,11:52:00,1.2,50,539200
20231229,11:56:25,1.2,50,539200
20231229,11:58:10,1.25,300,539150
20231229,11:58:19,1.2,50,539150
20231229,11:58:40,1.2,600,539150
20231229,12:08:45,1.25,550,539150
20231229,12:10:13,1.25,800,538950
20231229,12:16:34,1.3,150,538950
20231229,12:16:48,1.35,1800,537600
20231229,12:16:59,1.3,300,537600
20231229,12:17:05,1.35,150,537600
20231229,12:17:21,1.3,400,537600
20231229,12:17:28,1.3,50,537600
20231229,12:18:26,1.35,150,537600
20231229,12:18:58,1.35,1550,538500
20231229,12:20:18,1.35,450,538500
20231229,12:20:19,1.35,300,538500
20231229,12:20:37,1.35,150,537900
20231229,12:21:03,1.4,2850,537900
20231229,12:24:11,1.4,250,540400
20231229,12:24:23,1.4,50,540400
20231229,12:24:56,1.4,50,540400
20231229,12:25:38,1.4,50,540400
20231229,12:26:06,1.35,500,540400
20231229,12:26:17,1.35,50,540400
20231229,12:26:18,1.35,100,540400
20231229,12:26:19,1.35,100,540400
20231229,12:26:20,1.35,50,540400
20231229,12:26:39,1.35,50,540400
20231229,12:27:16,1.35,50,540650
20231229,12:28:26,1.35,300,540650
20231229,12:29:21,1.35,50,540650
20231229,12:29:43,1.35,250,540400
20231229,12:33:58,1.35,1600,540250
20231229,12:33:59,1.35,400,540250
20231229,12:40:00,1.3,250,540000
20231229,12:41:53,1.3,250,539750
20231229,12:42:17,1.3,250,539750
20231229,12:43:00,1.3,150,539750
20231229,12:44:13,1.3,250,539750
20231229,12:45:41,1.3,250,539000
20231229,12:47:13,1.3,150,539000
20231229,12:48:03,1.3,50,538600
20231229,12:48:21,1.3,300,538600
20231229,12:48:30,1.3,250,538600
20231229,12:48:31,1.3,250,538600
20231229,12:48:32,1.3,250,538600
20231229,12:50:36,1.35,150,538600
20231229,12:50:44,1.3,250,537500
20231229,12:50:44,1.3,200,537500
20231229,12:51:13,1.3,400,537500
20231229,12:51:52,1.4,150,537500
20231229,12:52:22,1.35,400,537500
20231229,12:52:56,1.3,400,537500
20231229,12:52:59,1.35,450,537500
20231229,12:53:01,1.3,300,537500
20231229,12:53:11,1.35,150,537500
20231229,12:53:24,1.3,400,537500
20231229,12:53:25,1.3,600,537500
20231229,12:53:26,1.3,200,537500
20231229,12:53:55,1.3,400,537500
20231229,12:54:31,1.25,1050,538800
20231229,12:55:50,1.3,50,538800
20231229,12:56:02,1.25,50,538800
20231229,12:57:47,1.3,50,538800
20231229,12:58:59,1.3,250,538500
20231229,13:02:02,1.3,1250,538300
20231229,13:02:08,1.3,300,538300
20231229,13:02:09,1.3,300,538300
20231229,13:03:12,1.3,850,536450
20231229,13:03:45,1.4,750,536450
20231229,13:04:33,1.3,50,536450
20231229,13:04:37,1.4,2500,536450
20231229,13:04:54,1.4,2500,536450
20231229,13:04:59,1.4,3050,536450
20231229,13:05:02,1.3,2350,536450
20231229,13:05:04,1.5,2500,536450
20231229,13:05:45,1.3,2400,536450
20231229,13:06:27,1.35,1700,535600
20231229,13:06:28,1.35,800,535600
20231229,13:06:47,1.35,1000,535600
20231229,13:07:49,1.3,1850,535600
20231229,13:07:50,1.3,50,535600
20231229,13:09:20,1.3,250,535600
20231229,13:10:56,1.3,50,535800
20231229,13:18:57,1.3,1800,536000
20231229,13:19:02,1.3,50,536000
20231229,13:20:33,1.35,50,536000
20231229,13:24:14,1.3,1000,536000
20231229,13:30:13,1.4,150,533550
20231229,13:30:24,1.35,450,533550
20231229,13:30:42,1.35,450,533550
20231229,13:31:19,1.35,450,533550
20231229,13:31:21,1.35,100,533550
20231229,13:32:02,1.35,100,533550
20231229,13:32:03,1.35,50,533550
20231229,13:33:12,1.35,150,533500
20231229,13:39:56,1.4,150,533650
20231229,13:40:08,1.35,450,533650
20231229,13:40:42,1.4,150,533650
20231229,13:40:58,1.35,50,533650
20231229,13:41:05,1.35,50,533650
20231229,13:41:16,1.35,150,533650
20231229,13:41:16,1.3,150,533650
20231229,13:41:17,1.35,50,533650
20231229,13:41:32,1.35,150,533650
20231229,13:42:27,1.35,150,534000
20231229,13:42:58,1.3,200,534000
20231229,13:43:00,1.3,550,534000
20231229,13:43:02,1.3,900,534000
20231229,13:45:05,1.35,50,534000
20231229,13:48:44,1.35,150,532450
20231229,13:49:02,1.35,2250,532450
20231229,13:49:04,1.4,1350,532450
20231229,13:49:07,1.35,250,532450
20231229,13:49:11,1.3,250,532450
20231229,13:49:50,1.35,250,532450
20231229,13:49:56,1.35,300,532450
20231229,13:50:22,1.35,100,532450
20231229,13:50:23,1.35,250,532450
20231229,13:50:55,1.35,1600,532650
20231229,13:50:58,1.4,150,532650
20231229,13:51:02,1.4,150,532650
20231229,13:51:33,1.4,250,532650
20231229,13:51:35,1.4,50,532650
20231229,13:51:36,1.4,50,532650
20231229,13:51:59,1.45,2000,532650
20231229,13:52:01,1.45,1350,532650
20231229,13:52:15,1.5,400,532650
20231229,13:52:18,1.5,3100,532650
20231229,13:52:20,1.5,200,532650
20231229,13:52:23,1.5,1350,532650
20231229,13:52:24,1.5,500,532650
20231229,13:52:26,1.5,500,532650
20231229,13:52:27,1.45,50,532650
20231229,13:52:32,1.6,3200,532650
20231229,13:52:33,1.6,150,532650
20231229,13:52:37,1.5,1100,532650
20231229,13:52:51,1.55,250,532650
20231229,13:53:04,1.5,150,532650
20231229,13:53:29,1.5,3200,532650
20231229,13:53:33,1.5,500,532650
20231229,13:53:33,1.5,150,532650
20231229,13:53:34,1.55,2050,532650
20231229,13:53:37,1.5,50,532650
20231229,13:54:01,1.55,400,532650
20231229,13:54:02,1.55,500,536600
20231229,13:54:10,1.55,200,536600
20231229,13:54:12,1.55,400,536600
20231229,13:54:13,1.55,300,536600
20231229,13:55:04,1.55,150,536600
20231229,13:55:20,1.55,2250,536600
20231229,13:55:45,1.5,450,536600
20231229,13:56:02,1.5,550,536600
20231229,13:56:18,1.5,1000,536600
20231229,13:57:02,1.55,550,536600
20231229,13:57:31,1.6,1800,540150
20231229,13:57:48,1.55,500,540150
20231229,13:57:48,1.55,50,540150
20231229,13:58:03,1.55,50,540150
20231229,13:58:04,1.6,100,540150
20231229,13:58:23,1.55,150,540150
20231229,14:00:00,1.55,750,541500
20231229,14:00:02,1.5,1050,541500
20231229,14:00:05,1.5,1250,541500
20231229,14:00:07,1.5,100,541500
20231229,14:00:26,1.5,200,541500
20231229,14:00:31,1.55,50,541500
20231229,14:02:47,1.5,550,541500
20231229,14:02:48,1.5,50,539250
20231229,14:02:49,1.5,50,539250
20231229,14:02:57,1.5,50,539250
20231229,14:06:00,1.5,250,539750
20231229,14:07:16,1.4,150,539750
20231229,14:10:06,1.5,250,539750
20231229,14:10:19,1.5,300,539750
20231229,14:11:33,1.5,250,539750
20231229,14:11:53,1.5,250,539750
20231229,14:12:00,1.5,250,539500
20231229,14:12:10,1.5,250,539500
20231229,14:12:11,1.5,250,539500
20231229,14:14:05,1.4,250,539500
20231229,14:16:28,1.4,1800,539500
20231229,14:16:30,1.4,150,539200
20231229,14:16:31,1.4,2450,539200
20231229,14:16:53,1.4,150,539200
20231229,14:16:53,1.4,50,539200
20231229,14:17:06,1.4,500,539200
20231229,14:17:07,1.4,50,539200
20231229,14:17:13,1.4,50,539200
20231229,14:19:42,1.35,600,539000
20231229,14:21:41,1.35,2250,539150
20231229,14:22:00,1.35,2100,539150
20231229,14:22:01,1.35,150,539150
20231229,14:24:22,1.35,250,539150
20231229,14:24:33,1.3,1600,538650
20231229,14:24:58,1.3,50,538650
20231229,14:25:16,1.35,50,538650
20231229,14:25:17,1.35,50,538650
20231229,14:25:21,1.35,50,538650
20231229,14:26:00,1.3,500,538650
20231229,14:26:44,1.35,250,538650
20231229,14:33:10,1.25,1850,538650
20231229,14:33:20,1.3,400,539300
20231229,14:34:22,1.3,200,539300
20231229,14:35:25,1.3,3950,539300
20231229,14:35:26,1.3,50,539300
20231229,14:35:37,1.35,3150,539300
20231229,14:35:38,1.35,50,539300
20231229,14:35:39,1.35,50,539300
20231229,14:35:52,1.4,11750,538650
20231229,14:35:52,1.4,1700,538650
20231229,14:36:09,1.35,1800,538650
20231229,14:36:12,1.35,1800,538650
20231229,14:37:07,1.35,150,538650
20231229,14:38:31,1.35,850,538650
20231229,14:39:32,1.35,100,538650
20231229,14:39:49,1.35,500,538900
20231229,14:41:05,1.35,1200,538900
20231229,14:41:36,1.35,250,538900
20231229,14:41:40,1.35,1800,538900
20231229,14:41:42,1.35,4450,538900
20231229,14:41:45,1.35,50,538900
20231229,14:41:58,1.35,50,538900
20231229,14:42:04,1.3,1900,538700
20231229,14:42:33,1.3,2150,538700
20231229,14:50:30,1.35,750,538700
20231229,14:52:53,1.4,650,538650
20231229,14:53:15,1.3,50,538550
20231229,14:53:22,1.3,350,538550
20231229,14:53:33,1.3,300,538550
20231229,14:53:36,1.3,250,538550
20231229,14:53:41,1.3,50,538550
20231229,14:53:55,1.35,50,539000
20231229,14:54:15,1.3,1800,539000
20231229,14:54:19,1.3,100,539000
20231229,14:54:20,1.3,50,539000
20231229,14:54:46,1.3,1200,539000
20231229,14:54:55,1.3,700,539000
20231229,14:59:52,1.3,1800,540150
20231229,15:00:06,1.3,1800,540150
20231229,15:00:08,1.3,200,540150
20231229,15:00:21,1.3,1800,540150
20231229,15:00:25,1.3,1950,540150
20231229,15:00:29,1.3,850,540150
20231229,15:00:31,1.3,400,540150
20231229,15:00:57,1.35,1750,540150
20231229,15:01:10,1.35,950,540150
20231229,15:01:12,1.35,50,540150
20231229,15:01:13,1.4,5600,540150
20231229,15:01:33,1.35,150,540150
20231229,15:02:00,1.35,300,540150
20231229,15:02:40,1.35,250,540150
20231229,15:03:06,1.35,1000,538700
20231229,15:03:08,1.35,600,538700
20231229,15:04:12,1.4,1400,538700
20231229,15:04:35,1.45,1800,538700
20231229,15:04:37,1.45,5350,538700
20231229,15:04:40,1.4,250,538700
20231229,15:04:41,1.5,5300,538700
20231229,15:04:42,1.4,50,538700
20231229,15:04:44,1.4,100,538700
20231229,15:04:45,1.45,6050,538700
20231229,15:04:48,1.45,1000,538700
20231229,15:04:49,1.45,750,538700
20231229,15:05:01,1.45,800,538700
20231229,15:05:02,1.55,10600,538700
20231229,15:05:04,1.45,2400,538700
20231229,15:05:11,1.5,50,538700
20231229,15:05:12,1.5,1000,538700
20231229,15:05:13,1.45,800,538700
20231229,15:05:14,1.45,4750,538700
20231229,15:05:15,1.45,2000,538700
20231229,15:05:16,1.4,550,538700
20231229,15:05:21,1.45,300,538700
20231229,15:05:22,1.45,2000,538700
20231229,15:05:27,1.45,1800,538700
20231229,15:05:28,1.5,500,538700
20231229,15:05:29,1.45,2000,538700
20231229,15:05:32,1.4,850,538700
20231229,15:05:35,1.45,200,538700
20231229,15:05:42,1.4,5300,538700
20231229,15:05:43,1.45,2550,538700
20231229,15:05:44,1.45,500,538700
20231229,15:05:45,1.45,50,538700
20231229,15:05:48,1.45,600,538700
20231229,15:05:50,1.45,250,538700
20231229,15:05:53,1.45,2200,538700
20231229,15:05:54,1.4,1800,538700
20231229,15:05:58,1.45,100,551700
20231229,15:05:59,1.45,600,551700
20231229,15:06:01,1.45,400,551700
20231229,15:06:02,1.45,1850,551700
20231229,15:06:07,1.45,1700,551700
20231229,15:06:23,1.45,2000,551700
20231229,15:06:31,1.45,400,551700
20231229,15:07:18,1.4,2000,551700
20231229,15:07:23,1.45,1600,551700
20231229,15:08:35,1.5,250,551700
20231229,15:08:39,1.4,5450,551700
20231229,15:08:47,1.45,800,551700
20231229,15:08:48,1.45,700,551700
20231229,15:09:38,1.45,5500,551700
20231229,15:09:44,1.45,300,552150
20231229,15:09:45,1.45,200,552150
20231229,15:09:46,1.4,1400,552150
20231229,15:09:47,1.4,2400,552150
20231229,15:09:48,1.4,2450,552150
20231229,15:09:49,1.35,1600,552150
20231229,15:09:57,1.4,50,552150
20231229,15:10:03,1.35,1800,552150
20231229,15:10:06,1.35,1800,552150
20231229,15:10:08,1.35,1800,552150
20231229,15:10:09,1.45,5000,552150
20231229,15:10:10,1.4,2000,552150
20231229,15:10:16,1.35,1800,552150
20231229,15:10:23,1.45,400,552150
20231229,15:10:29,1.45,50,552150
20231229,15:10:44,1.4,850,552150
20231229,15:10:51,1.45,5150,552150
20231229,15:11:14,1.4,15850,552150
20231229,15:11:19,1.45,400,552150
20231229,15:11:19,1.4,1200,552150
20231229,15:11:46,1.4,5200,552150
20231229,15:11:48,1.55,6100,552150
20231229,15:11:50,1.4,200,552150
20231229,15:11:51,1.4,2600,552150
20231229,15:11:52,1.4,2200,552150
20231229,15:12:23,1.5,5000,552150
20231229,15:12:28,1.45,400,553150
20231229,15:12:59,1.45,1450,553150
20231229,15:13:07,1.45,300,553150
20231229,15:13:09,1.45,250,553150
20231229,15:13:10,1.45,300,553150
20231229,15:13:11,1.45,200,553150
20231229,15:13:34,1.45,100,553150
20231229,15:13:58,1.5,10000,553150
20231229,15:14:02,1.45,400,553150
20231229,15:14:03,1.4,1500,553150
20231229,15:14:06,1.45,400,553150
20231229,15:14:13,1.45,400,553150
20231229,15:14:23,1.45,50,553150
20231229,15:14:54,1.5,800,553150
20231229,15:15:08,1.45,350,552050
20231229,15:15:21,1.45,2700,552050
20231229,15:15:24,1.45,1000,552050
20231229,15:15:25,1.4,800,552050
20231229,15:15:38,1.45,1450,552050
20231229,15:15:51,1.45,950,552050
20231229,15:15:52,1.45,1300,552050
20231229,15:16:01,1.45,600,552050
20231229,15:16:13,1.45,250,552050
20231229,15:16:18,1.45,250,552050
20231229,15:16:22,1.45,250,552050
20231229,15:16:28,1.45,250,552050
20231229,15:16:34,1.45,700,552050
20231229,15:16:36,1.45,50,552050
20231229,15:16:41,1.45,400,552050
20231229,15:16:42,1.45,400,552050
20231229,15:16:43,1.45,250,552050
20231229,15:16:45,1.4,1200,552050
20231229,15:16:47,1.45,600,552050
20231229,15:16:54,1.45,250,552050
20231229,15:17:00,1.45,7750,552050
20231229,15:17:01,1.45,6200,552050
20231229,15:17:02,1.45,1800,552050
20231229,15:17:03,1.45,600,552050
20231229,15:17:05,1.45,3650,552050
20231229,15:17:06,1.45,3200,552050
20231229,15:17:07,1.45,1800,552050
20231229,15:17:08,1.5,5400,552050
20231229,15:17:09,1.45,1800,552050
20231229,15:17:10,1.45,1900,552050
20231229,15:17:14,1.45,1000,552050
20231229,15:17:22,1.45,250,552050
20231229,15:17:25,1.45,2000,552050
20231229,15:17:30,1.45,1800,552050
20231229,15:17:34,1.45,400,552050
20231229,15:17:35,1.4,50,552050
20231229,15:17:37,1.45,50,552050
20231229,15:17:37,1.4,50,552050
20231229,15:17:38,1.45,150,552050
20231229,15:17:41,1.45,600,552050
20231229,15:17:49,1.45,50,552050
20231229,15:17:55,1.45,400,552050
20231229,15:18:01,1.45,700,552050
20231229,15:18:07,1.5,4300,556350
20231229,15:18:10,1.45,550,556350
20231229,15:18:36,1.5,5650,556350
20231229,15:18:51,1.45,200,556350
20231229,15:18:52,1.45,1000,556350
20231229,15:18:53,1.45,600,556350
20231229,15:18:54,1.45,200,556350
20231229,15:18:57,1.45,400,556350
20231229,15:18:58,1.45,200,556350
20231229,15:19:00,1.45,200,556350
20231229,15:19:01,1.45,200,556350
20231229,15:19:09,1.45,400,556350
20231229,15:19:10,1.45,200,556350
20231229,15:19:11,1.45,400,556350
20231229,15:19:20,1.5,5000,556350
20231229,15:19:43,1.45,50,556350
20231229,15:20:16,1.45,2000,556350
20231229,15:20:52,1.45,400,556350
20231229,15:20:53,1.45,1400,556350
20231229,15:21:01,1.45,50,556350
20231229,15:22:07,1.45,400,558050
20231229,15:22:17,1.4,50,558050
20231229,15:22:22,1.4,450,558050
20231229,15:22:24,1.45,1000,558050
20231229,15:22:42,1.4,150,558050
20231229,15:22:51,1.45,1000,558050
20231229,15:23:21,1.4,50,558050
20231229,15:23:24,1.45,100,558050
20231229,15:23:56,1.45,200,558050
20231229,15:24:30,1.45,400,558250
20231229,15:24:44,1.45,400,558250
20231229,15:25:09,1.45,200,558250
20231229,15:25:15,1.45,500,558250
20231229,15:25:16,1.45,1800,558250
20231229,15:25:18,1.45,400,558250
20231229,15:25:19,1.45,2000,558250
20231229,15:25:55,1.4,200,558250
20231229,15:26:00,1.45,50,558250
20231229,15:26:01,1.4,250,558250
20231229,15:26:04,1.4,50,558250
20231229,15:26:06,1.5,500,558250
20231229,15:26:09,1.5,2400,558250
20231229,15:26:14,1.4,1400,558250
20231229,15:26:23,1.6,500,558250
20231229,15:26:26,1.4,2200,558250
20231229,15:26:35,1.4,50,558250
20231229,15:26:41,1.5,200,558250
20231229,15:26:50,1.45,200,558250
20231229,15:26:52,1.5,400,558250
20231229,15:26:54,1.5,400,558250
20231229,15:26:57,1.5,1800,558250
20231229,15:26:59,1.5,650,561600
20231229,15:27:02,1.5,250,561600
20231229,15:27:09,1.5,800,561600
20231229,15:27:10,1.5,400,561600
20231229,15:27:12,1.45,200,561600
20231229,15:27:16,1.45,100,561600
20231229,15:27:28,1.45,200,561600
20231229,15:27:39,1.4,500,561600
20231229,15:27:57,1.45,300,561600
20231229,15:28:24,1.4,100,561600
20231229,15:28:30,1.4,100,561600
20231229,15:28:34,1.5,250,561600
20231229,15:28:36,1.5,200,561600
20231229,15:28:39,1.4,200,561600
20231229,15:28:40,1.4,1000,561600
20231229,15:28:49,1.4,1800,561600
20231229,15:28:50,1.45,400,561600
20231229,15:28:51,1.45,400,561600
20231229,15:28:52,1.4,1000,561600
20231229,15:28:53,1.45,400,561600
20231229,15:28:54,1.45,400,561600
20231229,15:28:55,1.45,400,561600
20231229,15:28:57,1.45,450,561600
20231229,15:29:00,1.45,200,561600
20231229,15:29:23,1.3,50,561600
20240101,09:15:07,1.55,1,555700
20240101,09:15:07,1.5,150,555700
20240101,09:15:11,1.1,2000,555700
20240101,09:15:21,1.1,100,555700
20240101,09:15:28,1.85,150,555700
20240101,09:16:25,1.85,400,555700
20240101,09:16:28,1.35,50,555700
20240101,09:16:30,1.3,100,555700
20240101,09:16:36,1.35,50,555700
20240101,09:16:49,1.25,50,555700
20240101,09:16:50,1.3,2000,555700
20240101,09:17:02,1.3,550,555700
20240101,09:17:09,1.3,50,555700
20240101,09:17:17,1.3,1600,555700
20240101,09:17:18,1.3,100,553850
20240101,09:17:20,1.3,500,553850
20240101,09:17:21,1.3,550,553850
20240101,09:17:31,1.3,1000,553850
20240101,09:17:49,1.3,200,553850
20240101,09:18:03,1.25,1800,553850
20240101,09:18:07,1.2,1000,553850
20240101,09:18:25,1.3,200,553850
20240101,09:18:39,1.3,300,553850
20240101,09:18:45,1.25,500,553850
20240101,09:18:49,1.25,1800,553850
20240101,09:18:51,1.25,1800,553850
20240101,09:19:00,1.25,300,553850
20240101,09:19:07,1.25,50,553850
20240101,09:19:10,1.25,2150,553850
20240101,09:19:14,1.25,600,553850
20240101,09:19:18,1.25,500,553850
20240101,09:19:38,1.25,500,553850
20240101,09:20:02,1.25,200,553850
20240101,09:20:05,1.2,400,553850
20240101,09:20:05,1.2,1000,553850
20240101,09:20:06,1.2,2200,553850
20240101,09:20:07,1.15,400,553850
20240101,09:20:17,1.25,500,553850
20240101,09:20:38,1.25,1200,554100
20240101,09:20:39,1.25,800,554100
20240101,09:20:50,1.2,200,554100
20240101,09:20:50,1.2,2000,554100
20240101,09:20:51,1.2,2000,554100
20240101,09:21:00,1.25,500,554100
20240101,09:21:02,1.25,800,554100
20240101,09:21:07,1.2,100,554100
20240101,09:21:08,1.25,100,554100
20240101,09:21:30,1.2,100,554100
20240101,09:21:41,1.2,2450,554100
20240101,09:21:43,1.2,2400,554100
20240101,09:21:44,1.25,1500,554100
20240101,09:21:46,1.2,1200,554100
20240101,09:21:46,1.25,200,554100
20240101,09:21:50,1.25,400,554100
20240101,09:22:00,1.25,800,554100
20240101,09:22:01,1.25,1200,554100
20240101,09:23:13,1.25,800,554100
20240101,09:23:23,1.2,450,552800
20240101,09:23:48,1.2,1800,552800
20240101,09:26:36,1.35,4250,552800
20240101,09:26:37,1.35,3750,552800
20240101,09:27:14,1.25,450,552800
20240101,09:27:22,1.25,500,552800
20240101,09:27:44,1.25,200,552800
20240101,09:28:19,1.25,1900,552800
20240101,09:28:49,1.25,50,552800
20240101,09:28:59,1.25,450,552800
20240101,09:29:48,1.25,450,553100
20240101,09:30:00,1.3,3500,553100
20240101,09:30:55,1.25,400,553100
20240101,09:30:56,1.2,1600,553100
20240101,09:30:57,1.2,400,553100
20240101,09:31:54,1.2,50,553100
20240101,09:31:59,1.25,1000,553100
20240101,09:32:02,1.2,200,553100
20240101,09:32:11,1.2,50,553100
20240101,09:32:36,1.25,600,553100
20240101,09:33:29,1.25,800,554100
20240101,09:33:30,1.25,800,554100
20240101,09:33:31,1.25,1200,554100
20240101,09:33:32,1.25,600,554100
20240101,09:33:33,1.25,700,554100
20240101,09:33:41,1.25,100,554100
20240101,09:34:14,1.25,1700,554100
20240101,09:34:16,1.25,800,554100
20240101,09:34:18,1.25,800,554100
20240101,09:34:19,1.25,800,554100
20240101,09:34:21,1.25,400,554100
20240101,09:34:26,1.25,400,554100
20240101,09:34:27,1.25,600,554100
20240101,09:35:22,1.2,100,552900
20240101,09:37:21,1.2,800,552900
20240101,09:37:22,1.25,200,552900
20240101,09:37:29,1.25,3150,552900
20240101,09:38:08,1.25,100,552900
20240101,09:38:38,1.25,300,552900
20240101,09:38:41,1.25,150,552900
20240101,09:38:41,1.25,200,552900
20240101,09:38:47,1.25,1200,552900
20240101,09:38:48,1.25,550,552900
20240101,09:38:54,1.25,500,552900
20240101,09:39:02,1.25,1400,552900
20240101,09:39:09,1.25,1800,552900
20240101,09:39:11,1.25,200,552900
20240101,09:39:12,1.25,300,552900
20240101,09:39:19,1.25,800,552900
20240101,09:39:20,1.25,200,552900
20240101,09:39:21,1.25,600,552900
20240101,09:39:22,1.25,200,552900
20240101,09:39:25,1.25,400,552900
20240101,09:39:32,1.25,400,552900
20240101,09:39:57,1.25,200,552900
20240101,09:40:02,1.2,100,552900
20240101,09:40:02,1.2,50,552900
20240101,09:40:03,1.25,600,552900
20240101,09:40:04,1.25,1000,552900
20240101,09:40:05,1.25,200,552900
20240101,09:40:10,1.25,600,552900
20240101,09:40:11,1.25,1000,552900
20240101,09:40:12,1.25,200,552900
20240101,09:40:17,1.25,200,552900
20240101,09:40:18,1.25,400,552900
20240101,09:40:31,1.25,500,552900
20240101,09:40:47,1.25,200,552900
20240101,09:40:49,1.25,400,552900
20240101,09:41:13,1.25,800,552900
20240101,09:41:14,1.25,400,552900
20240101,09:41:16,1.25,900,552900
20240101,09:41:21,1.25,1200,552900
20240101,09:41:25,1.25,2100,552900
20240101,09:41:47,1.25,500,552900
20240101,09:42:02,1.2,150,552900
20240101,09:42:17,1.25,300,552900
20240101,09:42:29,1.25,800,552900
20240101,09:42:29,1.25,1000,552900
20240101,09:42:40,1.25,200,552900
20240101,09:43:00,1.3,250,552900
20240101,09:43:05,1.2,250,552900
20240101,09:43:39,1.25,300,552900
20240101,09:44:23,1.25,50,552900
20240101,09:44:30,1.25,50,552900
20240101,09:44:54,1.25,50,552900
20240101,09:45:13,1.25,50,552900
20240101,09:45:27,1.2,50,552900
20240101,09:45:35,1.25,50,552900
20240101,09:45:47,1.25,250,552900
20240101,09:45:49,1.25,50,552900
20240101,09:45:53,1.25,1350,552900
20240101,09:46:17,1.25,500,552900
20240101,09:46:28,1.25,50,552900
20240101,09:46:40,1.25,1050,552900
20240101,09:47:21,1.2,50,552900
20240101,09:47:25,1.25,1500,552900
20240101,09:47:31,1.25,1350,552900
20240101,09:47:57,1.25,550,552900
20240101,09:48:11,1.25,1000,552900
20240101,09:48:28,1.25,150,552900
20240101,09:48:30,1.25,550,552900
20240101,09:48:31,1.25,300,552900
20240101,09:48:43,1.3,50,552900
20240101,09:49:00,1.25,550,552900
20240101,09:49:05,1.25,200,552900
20240101,09:51:09,1.25,1250,552850
20240101,09:51:13,1.25,1850,552850
20240101,09:51:20,1.3,3950,552850
20240101,09:51:21,1.3,50,552850
20240101,09:51:31,1.3,50,552850
20240101,09:51:32,1.3,1800,552850
20240101,09:51:37,1.3,1800,552850
20240101,09:52:14,1.3,1500,552850
20240101,09:52:15,1.3,150,552850
20240101,09:52:28,1.3,150,552850
20240101,09:52:30,1.3,1800,552850
20240101,09:52:33,1.3,1800,552850
20240101,09:52:39,1.35,400,552850
20240101,09:52:47,1.3,500,552850
20240101,09:52:48,1.35,150,552850
20240101,09:52:56,1.35,50,552850
20240101,09:52:57,1.35,750,552850
20240101,09:53:17,1.35,50,552850
20240101,09:53:22,1.3,300,552850
20240101,09:53:29,1.3,1150,552850
20240101,09:53:39,1.3,100,552850
20240101,09:53:40,1.3,100,552850
20240101,09:53:45,1.3,100,552850
20240101,09:54:35,1.3,300,552850
20240101,09:54:39,1.3,100,552850
20240101,09:54:40,1.3,1600,552850
20240101,09:54:49,1.3,1550,552850
20240101,09:54:50,1.35,250,552850
20240101,09:54:52,1.3,1050,552850
20240101,09:55:01,1.35,1200,552850
20240101,09:55:04,1.4,150,552850
20240101,09:55:07,1.4,500,552850
20240101,09:55:08,1.35,900,552850
20240101,09:55:10,1.35,1050,552850
20240101,09:55:12,1.4,1600,552850
20240101,09:55:13,1.4,9100,552850
20240101,09:55:14,1.5,2300,552850
20240101,09:55:39,1.45,4100,552850
20240101,09:55:46,1.4,500,552850
20240101,09:55:55,1.4,150,552850
20240101,09:56:08,1.4,50,552850
20240101,09:56:09,1.4,150,552850
20240101,09:56:12,1.35,800,552850
20240101,09:56:13,1.35,1200,552850
20240101,09:56:16,1.35,50,552850
20240101,09:56:22,1.35,500,552850
20240101,09:56:26,1.35,2900,559850
20240101,09:56:27,1.35,50,559850
20240101,09:56:30,1.35,2000,559850
20240101,09:56:33,1.35,1800,559850
20240101,09:56:35,1.35,50,559850
20240101,09:56:37,1.35,500,559850
20240101,09:56:40,1.35,900,559850
20240101,09:56:42,1.35,600,559850
20240101,09:56:43,1.35,600,559850
20240101,09:56:45,1.4,200,559850
20240101,09:56:47,1.35,500,559850
20240101,09:56:49,1.35,2100,559850
20240101,09:56:54,1.35,200,559850
20240101,09:56:58,1.35,800,559850
20240101,09:57:04,1.4,650,559850
20240101,09:57:06,1.4,100,559850
20240101,09:57:07,1.4,250,559850
20240101,09:57:08,1.35,850,559850
20240101,09:57:09,1.4,500,559850
20240101,09:57:10,1.45,550,559850
20240101,09:57:12,1.4,3350,559850
20240101,09:57:14,1.4,200,559850
20240101,09:57:15,1.4,300,559850
20240101,09:57:17,1.45,3500,559850
20240101,09:57:18,1.4,2900,559850
20240101,09:57:25,1.5,50,559850
20240101,09:57:26,1.5,450,559850
20240101,09:57:33,1.45,100,559850
20240101,09:57:49,1.4,1500,559850
20240101,09:57:53,1.4,200,559850
20240101,09:57:57,1.4,650,559850
20240101,09:57:58,1.4,200,559850
20240101,09:58:00,1.35,200,559850
20240101,09:58:01,1.4,100,559850
20240101,09:58:06,1.4,450,559850
20240101,09:58:07,1.35,6400,559850
20240101,09:58:14,1.45,100,559850
20240101,09:58:15,1.45,1000,559850
20240101,09:58:29,1.4,600,559850
20240101,09:58:30,1.4,900,559850
20240101,09:58:36,1.45,150,559850
20240101,09:59:06,1.4,200,559850
20240101,09:59:07,1.4,1400,559850
20240101,09:59:08,1.4,1950,559850
20240101,09:59:18,1.4,400,559850
20240101,09:59:25,1.4,100,569700
20240101,09:59:56,1.35,250,569700
20240101,10:00:11,1.35,200,569700
20240101,10:00:27,1.4,1000,569700
20240101,10:00:37,1.4,1100,569700
20240101,10:00:40,1.35,100,569700
20240101,10:00:49,1.35,100,569700
20240101,10:00:52,1.35,100,569700
20240101,10:00:53,1.35,100,569700
20240101,10:00:54,1.35,100,569700
20240101,10:00:58,1.35,1100,569700
20240101,10:01:03,1.35,100,569700
20240101,10:01:04,1.35,200,569700
20240101,10:01:16,1.35,300,569700
20240101,10:01:40,1.35,150,569700
20240101,10:01:51,1.35,50,569700
20240101,10:03:24,1.3,1000,568650
20240101,10:03:26,1.3,500,568650
20240101,10:03:44,1.35,250,568650
20240101,10:05:12,1.3,300,568650
20240101,10:06:05,1.3,100,568650
20240101,10:07:19,1.3,1000,567200
20240101,10:07:23,1.35,1200,567200
20240101,10:07:25,1.35,1450,567200
20240101,10:07:26,1.35,1200,567200
20240101,10:07:28,1.35,250,567200
20240101,10:07:29,1.35,50,567200
20240101,10:07:54,1.35,50,567200
20240101,10:08:01,1.35,50,567200
20240101,10:08:35,1.35,50,566950
20240101,10:08:40,1.35,300,566950
20240101,10:08:47,1.35,150,566950
20240101,10:09:02,1.35,450,566950
20240101,10:10:29,1.35,100,566950
20240101,10:10:32,1.35,1200,566950
20240101,10:10:40,1.35,250,566950
20240101,10:10:41,1.35,150,566950
20240101,10:10:46,1.35,600,566950
20240101,10:11:09,1.35,250,566950
20240101,10:11:24,1.3,1450,567750
20240101,10:11:25,1.3,1800,567750
20240101,10:11:43,1.35,100,567750
20240101,10:11:44,1.3,700,567750
20240101,10:11:49,1.3,600,567750
20240101,10:11:50,1.3,600,567750
20240101,10:12:36,1.3,1250,567750
20240101,10:13:21,1.3,500,567750
20240101,10:13:38,1.3,200,567750
20240101,10:16:03,1.3,500,567750
20240101,10:17:31,1.3,500,569950
20240101,10:17:45,1.3,100,569550
20240101,10:17:47,1.3,250,569550
20240101,10:20:06,1.25,150,569550
20240101,10:20:06,1.25,250,569550
20240101,10:20:26,1.3,250,569550
20240101,10:21:31,1.3,150,569700
20240101,10:21:31,1.25,250,569700
20240101,10:21:32,1.25,950,569700
20240101,10:24:32,1.2,50,570250
20240101,10:26:09,1.2,1400,570250
20240101,10:26:15,1.25,1000,570250
20240101,10:29:20,1.2,100,570250
20240101,10:31:01,1.2,100,570200
20240101,10:33:34,1.2,1800,570100
20240101,10:33:43,1.2,1800,570100
20240101,10:33:45,1.2,1800,570100
20240101,10:33:46,1.2,2250,570100
20240101,10:33:47,1.2,1400,570100
20240101,10:34:06,1.15,50,570100
20240101,10:34:07,1.15,50,570100
20240101,10:34:24,1.15,2500,570100
20240101,10:37:01,1.2,50,570100
20240101,10:38:12,1.15,100,568600
20240101,10:40:47,1.2,1450,568600
20240101,10:40:53,1.2,100,568700
20240101,10:40:54,1.2,800,568700
20240101,10:40:55,1.2,1000,568700
20240101,10:40:56,1.2,100,568700
20240101,10:40:58,1.2,550,568700
20240101,10:41:03,1.25,1800,568700
20240101,10:41:05,1.25,500,568700
20240101,10:41:06,1.25,750,568700
20240101,10:41:34,1.25,500,567100
20240101,10:41:49,1.25,700,567100
20240101,10:43:16,1.2,2400,567100
20240101,10:43:30,1.2,700,567100
20240101,10:46:10,1.2,50,567100
20240101,10:46:52,1.2,50,567100
20240101,10:46:52,1.2,150,567100
20240101,10:47:11,1.2,1000,567100
20240101,10:47:19,1.25,1100,567100
20240101,10:47:20,1.25,50,567100
20240101,10:47:37,1.25,50,567100
20240101,10:48:51,1.25,200,566900
20240101,10:52:51,1.25,350,566900
20240101,10:57:40,1.3,450,566900
20240101,10:58:53,1.25,900,566900
20240101,10:58:54,1.25,50,566900
20240101,10:58:55,1.25,50,566900
20240101,10:58:56,1.25,50,566900
20240101,10:59:59,1.25,50,567200
20240101,11:00:23,1.2,350,567200
20240101,11:00:37,1.2,50,567200
20240101,11:01:30,1.25,50,567200
20240101,11:01:49,1.2,100,567200
20240101,11:01:51,1.2,250,567200
20240101,11:02:41,1.2,200,567200
20240101,11:04:05,1.25,500,567500
20240101,11:07:55,1.25,500,567300
20240101,11:10:07,1.25,200,567300
20240101,11:11:30,1.25,250,567000
20240101,11:11:37,1.25,750,567000
20240101,11:14:40,1.25,600,567000
20240101,11:15:24,1.25,1450,567000
20240101,11:15:25,1.25,50,567000
20240101,11:15:26,1.3,2400,567000
20240101,11:16:55,1.25,1000,567000
20240101,11:19:16,1.25,150,566400
20240101,11:21:08,1.25,1200,566400
20240101,11:21:12,1.3,2000,566550
20240101,11:21:13,1.3,50,566550
20240101,11:21:14,1.35,1800,566550
20240101,11:21:16,1.35,150,566550
20240101,11:21:39,1.25,1400,566550
20240101,11:22:10,1.2,600,566550
20240101,11:22:28,1.2,400,566550
20240101,11:22:32,1.2,850,566550
20240101,11:25:02,1.2,100,566550
20240101,11:25:54,1.2,400,566750
20240101,11:26:13,1.2,250,566750
20240101,11:26:20,1.2,1500,566750
20240101,11:26:38,1.2,1800,565650
20240101,11:27:18,1.15,800,565650
20240101,11:27:18,1.15,6800,565650
20240101,11:27:27,1.15,1800,565650
20240101,11:27:37,1.15,1650,565650
20240101,11:30:40,1.2,1700,565950
20240101,11:30:51,1.2,50,565950
20240101,11:31:09,1.2,300,565950
20240101,11:31:47,1.2,500,565950
20240101,11:31:55,1.2,300,565950
20240101,11:32:02,1.2,1800,565950
20240101,11:35:28,1.2,50,565950
20240101,11:36:44,1.15,1800,566050
20240101,11:36:46,1.15,1800,566100
20240101,11:36:47,1.15,1800,566100
20240101,11:36:53,1.15,1800,566100
20240101,11:36:54,1.15,3600,566100
20240101,11:36:55,1.15,2850,566100
20240101,11:36:56,1.15,50,566100
20240101,11:37:05,1.15,50,566100
20240101,11:37:13,1.15,50,566100
20240101,11:37:48,1.15,1800,566100
20240101,11:37:50,1.15,1800,566100
20240101,11:37:52,1.15,1800,566100
20240101,11:37:54,1.15,1800,566100
20240101,11:38:00,1.15,1800,566100
20240101,11:38:02,1.15,1650,566100
20240101,11:44:10,1.15,50,566250
20240101,11:45:19,1.15,150,566250
20240101,11:45:22,1.15,250,566250
20240101,11:45:34,1.2,50,566250
20240101,11:45:39,1.15,50,566250
20240101,11:46:21,1.15,750,566250
20240101,12:00:36,1.15,250,566400
20240101,12:01:45,1.15,250,566400
20240101,12:01:46,1.15,550,566400
20240101,12:01:47,1.15,400,566400
20240101,12:01:48,1.15,250,566400
20240101,12:01:52,1.15,300,566400
20240101,12:01:57,1.15,250,566400
20240101,12:02:01,1.2,50,566400
20240101,12:02:15,1.15,100,566400
20240101,12:02:55,1.15,50,566400
20240101,12:03:11,1.15,1800,566350
20240101,12:03:11,1.1,1800,566350
20240101,12:03:25,1.15,1800,566350
20240101,12:03:26,1.1,100,566350
20240101,12:03:28,1.15,1800,566350
20240101,12:03:32,1.1,2350,566350
20240101,12:03:43,1.15,2050,566350
20240101,12:03:43,1.1,1250,566350
20240101,12:03:59,1.15,1350,566350
20240101,12:04:05,1.15,50,566350
20240101,12:04:08,1.15,1800,566350
20240101,12:05:09,1.15,50,566350
20240101,12:07:03,1.15,500,566350
20240101,12:10:25,1.15,350,566150
20240101,12:10:26,1.15,500,566150
20240101,12:10:27,1.15,750,566150
20240101,12:10:29,1.15,50,566150
20240101,12:10:32,1.15,750,566150
20240101,12:10:59,1.2,50,566150
20240101,12:10:59,1.2,400,566150
20240101,12:11:02,1.15,7500,566150
20240101,12:11:03,1.2,350,566150
20240101,12:11:04,1.15,1000,566150
20240101,12:11:08,1.15,400,566150
20240101,12:11:09,1.15,1400,566150
20240101,12:11:12,1.15,300,566150
20240101,12:11:13,1.2,650,566150
20240101,12:11:14,1.2,3100,566150
20240101,12:11:15,1.25,5950,566150
20240101,12:11:16,1.25,2400,566150
20240101,12:11:18,1.15,5050,566150
20240101,12:11:19,1.25,650,566150
20240101,12:11:20,1.3,5150,566150
20240101,12:11:25,1.2,50,566150
20240101,12:11:27,1.15,2250,566150
20240101,12:11:28,1.3,6700,566150
20240101,12:11:31,1.2,850,566150
20240101,12:11:32,1.2,100,566150
20240101,12:11:39,1.3,2050,566150
20240101,12:12:07,1.3,600,568350
20240101,12:12:09,1.35,3400,568350
20240101,12:12:09,1.25,350,568350
20240101,12:12:10,1.35,350,568350
20240101,12:12:11,1.25,4650,568350
20240101,12:12:12,1.3,6450,568350
20240101,12:12:13,1.35,4900,568350
20240101,12:12:14,1.3,1400,568350
20240101,12:12:15,1.3,8050,568350
20240101,12:12:16,1.35,2550,568350
20240101,12:12:17,1.3,800,568350
20240101,12:12:18,1.35,100,568350
20240101,12:12:19,1.35,200,568350
20240101,12:12:20,1.35,1150,568350
20240101,12:12:21,1.3,250,568350
20240101,12:12:23,1.35,1750,568350
20240101,12:12:24,1.35,600,568350
20240101,12:12:37,1.4,150,568350
20240101,12:12:45,1.35,850,568350
20240101,12:12:45,1.5,3750,568350
20240101,12:12:46,1.1,9200,568350
20240101,12:13:10,1.3,850,568350
20240101,12:13:11,1.35,750,568350
20240101,12:13:12,1.3,450,568350
20240101,12:13:27,1.35,100,568350
20240101,12:13:59,1.35,500,568350
20240101,12:14:07,1.35,50,568350
20240101,12:14:08,1.35,2350,568350
20240101,12:14:38,1.4,50,568350
20240101,12:15:04,1.4,250,574700
20240101,12:15:23,1.4,150,574700
20240101,12:15:52,1.35,50,574700
20240101,12:16:07,1.5,10450,574700
20240101,12:16:07,1.35,50,574700
20240101,12:16:09,1.35,1900,574700
20240101,12:16:10,1.45,3000,574700
20240101,12:16:11,1.35,1250,574700
20240101,12:16:11,1.35,1150,574700
20240101,12:16:13,1.35,50,574700
20240101,12:16:36,1.35,300,574700
20240101,12:17:53,1.3,1200,574450
20240101,12:18:08,1.3,250,574450
20240101,12:20:09,1.25,450,574450
20240101,12:20:29,1.25,400,574450
20240101,12:20:32,1.25,900,574450
20240101,12:20:34,1.2,100,574450
20240101,12:22:07,1.25,100,574450
20240101,12:22:29,1.25,300,574750
20240101,12:22:30,1.25,50,574750
20240101,12:22:33,1.25,50,574750
20240101,12:23:02,1.25,1300,574750
20240101,12:27:18,1.2,50,574350
20240101,12:27:47,1.25,250,574350
20240101,12:27:48,1.25,50,574350
20240101,12:27:49,1.25,50,574350
20240101,12:29:10,1.25,800,574350
20240101,12:29:11,1.25,200,574350
20240101,12:29:13,1.25,50,574350
20240101,12:29:14,1.25,700,574350
20240101,12:29:17,1.25,750,574350
20240101,12:29:19,1.2,50,574350
20240101,12:29:59,1.2,50,574350
20240101,12:30:17,1.2,50,573800
20240101,12:30:20,1.2,50,573800
20240101,12:31:19,1.2,50,573800
20240101,12:32:35,1.2,50,573800
20240101,12:41:45,1.2,200,573800
20240101,12:42:59,1.2,50,573650
20240101,12:42:59,1.2,150,573650
20240101,12:50:41,1.25,1250,573450
20240101,12:50:51,1.25,850,572950
20240101,12:50:58,1.2,250,572950
20240101,12:52:03,1.2,50,572950
20240101,12:52:38,1.25,400,572950
20240101,12:52:42,1.25,350,572950
20240101,12:52:44,1.25,250,572950
20240101,12:53:02,1.25,850,572950
20240101,12:56:58,1.25,400,572550
20240101,12:57:00,1.25,50,572550
20240101,12:57:05,1.25,50,572550
20240101,12:57:31,1.25,50,572550
20240101,12:59:45,1.25,350,572550
20240101,12:59:54,1.25,250,572550
20240101,13:01:00,1.25,150,572550
20240101,13:01:01,1.2,400,572550
20240101,13:03:11,1.25,100,572750
20240101,13:06:59,1.25,100,572750
20240101,13:07:12,1.25,500,572750
20240101,13:07:12,1.3,500,572750
20240101,13:10:31,1.2,200,572750
20240101,13:13:32,1.2,250,572650
20240101,13:24:45,1.2,450,572300
20240101,13:26:09,1.25,250,572300
20240101,13:27:39,1.25,50,572350
20240101,13:41:58,1.25,250,572350
20240101,13:49:12,1.3,50,572350
20240101,13:50:33,1.3,200,572350
20240101,13:50:45,1.25,300,572350
20240101,13:51:03,1.3,400,572350
20240101,13:51:49,1.3,1800,572000
20240101,13:52:50,1.25,1800,572000
20240101,13:52:54,1.25,50,572000
20240101,13:53:06,1.2,800,572000
20240101,13:53:39,1.25,1300,572000
20240101,13:53:46,1.25,250,572000
20240101,13:55:01,1.25,850,572000
20240101,13:57:25,1.3,250,572000
20240101,13:57:26,1.3,300,572000
20240101,13:57:27,1.3,350,572000
20240101,13:58:26,1.3,1800,572000
20240101,13:58:27,1.3,350,572000
20240101,13:58:49,1.35,250,572000
20240101,13:59:00,1.35,250,572000
20240101,13:59:07,1.35,1000,572000
20240101,13:59:07,1.35,200,572000
20240101,13:59:08,1.35,450,572000
20240101,13:59:12,1.4,200,572000
20240101,13:59:17,1.4,2500,572000
20240101,13:59:19,1.4,50,572000
20240101,13:59:40,1.45,50,572000
20240101,13:59:50,1.45,2250,572000
20240101,13:59:52,1.45,250,572000
20240101,13:59:54,1.45,50,572000
20240101,14:00:22,1.4,2000,572000
20240101,14:00:28,1.4,1450,577450
20240101,14:00:29,1.4,1450,577450
20240101,14:00:32,1.4,150,577450
20240101,14:00:55,1.35,1250,577450
20240101,14:01:02,1.35,200,577450
20240101,14:01:16,1.35,1200,577450
20240101,14:01:33,1.35,2000,577450
20240101,14:01:37,1.4,150,577450
20240101,14:01:37,1.35,3550,577450
20240101,14:01:38,1.35,50,577450
20240101,14:02:46,1.45,900,577450
20240101,14:02:47,1.45,350,577450
20240101,14:02:48,1.45,300,577450
20240101,14:02:49,1.45,3300,577450
20240101,14:03:06,1.45,50,578450
20240101,14:03:23,1.5,50,578450
20240101,14:03:28,1.5,50,578450
20240101,14:03:32,1.5,450,578450
20240101,14:03:37,1.5,50,578450
20240101,14:03:40,1.45,600,578450
20240101,14:03:40,1.45,1800,578450
20240101,14:03:49,1.45,500,578450
20240101,14:03:52,1.45,500,578450
20240101,14:03:53,1.45,600,578450
20240101,14:04:03,1.45,400,578450
20240101,14:04:15,1.5,800,578450
20240101,14:04:16,1.5,300,578450
20240101,14:04:18,1.5,250,578450
20240101,14:04:19,1.5,500,578450
20240101,14:04:21,1.5,250,578450
20240101,14:04:21,1.55,2650,578450
20240101,14:04:23,1.5,250,578450
20240101,14:04:26,1.5,1400,578450
20240101,14:04:32,1.5,950,578450
20240101,14:04:33,1.5,1600,578450
20240101,14:04:35,1.5,400,578450
20240101,14:04:45,1.55,1800,578450
20240101,14:04:49,1.55,200,578450
20240101,14:04:53,1.6,350,578450
20240101,14:04:58,1.5,600,578450
20240101,14:05:10,1.6,250,578450
20240101,14:05:15,1.6,1000,578450
20240101,14:05:16,1.6,50,578450
20240101,14:05:18,1.7,150,578450
20240101,14:05:24,1.7,100,578450
20240101,14:05:26,1.65,600,578450
20240101,14:05:28,1.7,300,578450
20240101,14:05:39,1.6,1000,578450
20240101,14:06:04,1.6,950,587350
20240101,14:06:11,1.65,550,587350
20240101,14:06:13,1.55,250,587350
20240101,14:06:21,1.65,100,587350
20240101,14:06:22,1.65,800,587350
20240101,14:06:31,1.6,400,587350
20240101,14:06:50,1.55,1000,587350
20240101,14:07:00,1.6,1400,587350
20240101,14:07:02,1.55,1000,587350
20240101,14:07:14,1.6,4150,587350
20240101,14:07:30,1.65,1800,587350
20240101,14:07:30,1.7,3850,587350
20240101,14:07:32,1.6,400,587350
20240101,14:07:36,1.7,150,587350
20240101,14:07:50,1.6,2400,587350
20240101,14:08:02,1.6,800,587350
20240101,14:08:12,1.6,1000,587350
20240101,14:08:24,1.65,2050,587350
20240101,14:08:26,1.6,1500,587350
20240101,14:08:28,1.55,250,587350
20240101,14:08:37,1.6,250,587350
20240101,14:08:38,1.65,1800,587350
20240101,14:08:40,1.6,1500,587350
20240101,14:08:43,1.6,250,587350
20240101,14:08:46,1.6,550,587350
20240101,14:08:49,1.65,1650,587350
20240101,14:09:30,1.65,1750,587350
20240101,14:09:42,1.65,300,591250
20240101,14:09:49,1.65,1500,591250
20240101,14:10:24,1.6,3500,591250
20240101,14:10:28,1.55,50,591250
20240101,14:10:29,1.5,50,591250
20240101,14:10:30,1.5,3650,591250
20240101,14:10:41,1.55,300,591250
20240101,14:10:41,1.5,100,591250
20240101,14:10:43,1.55,250,591250
20240101,14:10:44,1.55,300,591250
20240101,14:10:58,1.55,650,591250
20240101,14:11:21,1.6,1800,591250
20240101,14:11:22,1.65,650,591250
20240101,14:11:33,1.6,350,591250
20240101,14:11:49,1.7,1800,591250
20240101,14:11:51,1.65,700,591250
20240101,14:11:56,1.65,300,591250
20240101,14:11:58,1.7,2200,591250
20240101,14:12:04,1.65,800,594000
20240101,14:12:04,1.65,200,594000
20240101,14:12:05,1.7,2300,594000
20240101,14:12:11,1.7,2700,594000
20240101,14:12:11,1.7,600,594000
20240101,14:12:14,1.7,550,594000
20240101,14:12:15,1.7,950,594000
20240101,14:12:16,1.7,550,594000
20240101,14:12:20,1.7,50,594000
20240101,14:12:24,1.7,500,594000
20240101,14:12:27,1.7,50,594000
20240101,14:12:29,1.7,50,594000
20240101,14:12:30,1.7,1000,594000
20240101,14:12:39,1.7,1100,594000
20240101,14:12:40,1.7,1500,594000
20240101,14:12:49,1.7,100,594000
20240101,14:13:00,1.65,650,594000
20240101,14:13:17,1.65,850,594000
20240101,14:13:21,1.65,200,594000
20240101,14:13:26,1.6,50,594000
20240101,14:13:42,1.7,250,594000
20240101,14:13:49,1.7,500,594000
20240101,14:13:57,1.65,500,594000
20240101,14:13:58,1.7,250,594000
20240101,14:14:01,1.65,100,594000
20240101,14:14:06,1.7,400,594000
20240101,14:14:07,1.7,250,594000
20240101,14:14:20,1.7,800,594000
20240101,14:14:52,1.7,950,594000
20240101,14:14:53,1.7,50,594000
20240101,14:15:05,1.7,500,594000
20240101,14:15:39,1.75,500,598200
20240101,14:15:57,1.7,1800,598200
20240101,14:16:19,1.7,50,598200
20240101,14:17:04,1.7,650,598200
20240101,14:17:07,1.7,1600,598200
20240101,14:17:09,1.7,200,598200
20240101,14:17:38,1.7,250,598200
20240101,14:17:50,1.75,50,598200
20240101,14:17:52,1.75,1300,598200
20240101,14:17:53,1.75,850,598200
20240101,14:17:56,1.8,2700,598200
20240101,14:17:56,1.8,700,598200
20240101,14:17:58,1.8,50,598200
20240101,14:17:59,1.85,1800,598200
20240101,14:18:00,1.9,2950,602700
20240101,14:18:04,1.85,50,602700
20240101,14:18:18,1.9,50,602700
20240101,14:18:30,1.95,2100,602700
20240101,14:18:40,1.95,250,602700
20240101,14:18:41,1.95,650,602700
20240101,14:18:42,1.9,2800,602700
20240101,14:18:55,1.95,1100,602700
20240101,14:18:56,1.85,50,602700
20240101,14:19:16,1.9,1500,602700
20240101,14:19:29,1.85,800,602700
20240101,14:19:43,1.9,1500,602700
20240101,14:19:45,1.9,1500,602700
20240101,14:19:46,1.9,1800,602700
20240101,14:20:20,1.85,1250,602700
20240101,14:20:22,1.85,300,602700
20240101,14:20:24,1.85,100,602700
20240101,14:20:28,1.85,400,602700
20240101,14:21:36,1.8,1350,609500
20240101,14:21:39,1.8,1000,609500
20240101,14:21:55,1.85,1800,609500
20240101,14:21:57,1.8,50,609500
20240101,14:22:29,1.8,4200,609500
20240101,14:22:30,1.8,350,609500
20240101,14:22:31,1.75,700,609500
20240101,14:22:33,1.75,50,609500
20240101,14:22:35,1.75,2350,609500
20240101,14:22:36,1.75,350,609500
20240101,14:22:37,1.75,200,609500
20240101,14:22:39,1.75,1800,609500
20240101,14:22:41,1.75,300,609500
20240101,14:22:55,1.75,1800,609500
20240101,14:22:56,1.75,150,609500
20240101,14:23:09,1.75,900,609500
20240101,14:23:20,1.75,150,609500
20240101,14:23:39,1.75,350,609500
20240101,14:23:49,1.7,500,609500
20240101,14:23:51,1.75,2050,609500
20240101,14:24:02,1.75,100,609500
20240101,14:24:15,1.75,250,610450
20240101,14:24:26,1.7,1800,610450
20240101,14:24:27,1.7,2650,610450
20240101,14:24:28,1.7,2050,610450
20240101,14:24:29,1.7,50,610450
20240101,14:24:30,1.7,2500,610450
20240101,14:24:37,1.7,50,610450
20240101,14:24:40,1.7,1800,610450
20240101,14:24:52,1.7,1800,610450
20240101,14:24:58,1.7,1600,610450
20240101,14:24:59,1.7,500,610450
20240101,14:25:03,1.7,1800,610450
20240101,14:25:03,1.7,400,610450
20240101,14:25:06,1.7,600,610450
20240101,14:25:14,1.7,1800,610450
20240101,14:25:35,1.65,950,610450
20240101,14:25:53,1.7,1800,610450
20240101,14:25:58,1.7,500,610450
20240101,14:26:19,1.7,250,610450
20240101,14:26:42,1.65,600,610450
20240101,14:27:01,1.8,1850,610550
20240101,14:28:03,1.75,150,610550
20240101,14:28:55,1.7,500,610550
20240101,14:29:17,1.75,850,610550
20240101,14:29:46,1.7,50,610550
20240101,14:29:47,1.75,250,610550
20240101,14:29:49,1.75,250,610550
20240101,14:29:51,1.7,50,610550
20240101,14:30:09,1.75,100,610900
20240101,14:30:56,1.8,1600,610900
20240101,14:31:45,1.75,150,610900
20240101,14:31:46,1.9,1900,610900
20240101,14:32:10,1.75,300,610900
20240101,14:32:11,1.75,250,610900
20240101,14:32:13,1.75,300,610900
20240101,14:32:14,1.75,700,610900
20240101,14:32:16,1.75,300,610900
20240101,14:32:17,1.75,250,610900
20240101,14:32:27,1.7,50,610900
20240101,14:32:28,1.7,50,610900
