date,time,tick_price,volume,open_interest
20231229,09:18:34,7.3,50,3350
20231229,09:19:23,6.85,300,3350
20231229,09:20:07,6.85,3000,3350
20231229,09:20:33,8.05,300,3350
20231229,09:20:39,6.7,50,3350
20231229,09:24:56,6.3,300,3400
20231229,09:25:15,6.3,550,3400
20231229,09:25:21,6.3,250,3400
20231229,09:25:35,6.25,350,3400
20231229,09:25:42,6.2,250,3400
20231229,09:26:51,6.2,100,3700
20231229,09:26:59,6.3,200,3700
20231229,09:27:05,6.5,200,3700
20231229,09:27:56,6.3,450,3700
20231229,09:28:02,6.3,800,3700
20231229,09:28:09,6.3,200,3700
20231229,09:28:15,6.35,50,3700
20231229,09:28:22,6.3,850,3700
20231229,09:28:41,6.3,50,3700
20231229,09:28:48,6.35,100,3700
20231229,09:29:00,6.35,200,3700
20231229,09:29:07,6.3,900,3700
20231229,09:29:13,6.3,150,6300
20231229,09:29:32,6.35,250,6300
20231229,09:29:45,6.3,350,6300
20231229,09:29:58,6.25,2200,6300
20231229,09:30:05,6.3,200,6300
20231229,09:30:11,6.3,50,6300
20231229,09:30:24,6.35,50,6300
20231229,09:31:45,6.3,600,6300
20231229,09:32:37,6.5,50,9950
20231229,09:33:24,6.3,200,9950
20231229,09:33:36,6.25,350,9950
20231229,09:33:43,6.25,300,9950
20231229,09:36:51,6.25,100,10400
20231229,09:37:57,6.3,50,10400
20231229,09:38:03,6.3,50,10400
20231229,09:38:17,6.35,50,10400
20231229,09:38:30,6.25,50,10400
20231229,09:38:43,6.25,100,10400
20231229,09:39:12,6.25,50,10400
20231229,09:40:11,6.2,100,10400
20231229,09:40:33,6.2,50,10400
20231229,09:42:19,6.05,150,10650
20231229,09:43:50,6.05,100,10650
20231229,09:45:43,5.8,50,10700
20231229,09:51:01,5.8,50,10700
20231229,09:51:26,6.2,900,10700
20231229,09:51:32,6.2,600,10700
20231229,09:55:05,6.4,50,11850
20231229,09:56:00,6.35,50,11850
20231229,09:56:13,6.5,50,11850
20231229,09:56:19,6.5,50,11850
20231229,09:56:44,6.45,50,11850
20231229,09:57:17,6.25,100,11850
20231229,09:57:24,6.35,50,11850
20231229,09:57:37,6.25,100,11850
20231229,09:57:50,6.25,50,11850
20231229,09:58:29,6.15,250,11850
20231229,09:59:53,6.15,100,12000
20231229,10:02:50,6.15,200,12100
20231229,10:04:59,6.05,400,12100
20231229,10:07:35,5.85,400,12700
20231229,10:08:09,5.8,1200,12700
20231229,10:08:28,5.7,650,14300
20231229,10:08:35,5.7,600,14300
20231229,10:08:42,5.7,400,14300
20231229,10:08:47,5.65,400,14300
20231229,10:08:53,5.65,200,14300
20231229,10:08:59,5.65,900,14300
20231229,10:09:41,5.75,800,14300
20231229,10:10:05,5.65,200,14300
20231229,10:10:18,5.7,1800,14300
20231229,10:11:10,5.65,400,14300
20231229,10:11:17,5.6,1200,14300
20231229,10:11:42,5.6,350,21500
20231229,10:12:12,5.55,600,21500
20231229,10:12:24,5.55,400,21500
20231229,10:12:31,5.55,100,21500
20231229,10:12:44,5.7,50,21500
20231229,10:12:50,5.65,150,21500
20231229,10:12:56,5.7,200,21500
20231229,10:13:15,5.6,400,21500
20231229,10:13:22,5.55,200,21500
20231229,10:14:13,5.6,600,21500
20231229,10:14:20,5.6,600,23200
20231229,10:14:27,5.6,300,23200
20231229,10:14:34,5.6,100,23200
20231229,10:14:40,5.6,900,23200
20231229,10:14:54,5.55,200,23200
20231229,10:15:01,5.55,900,23200
20231229,10:15:08,5.5,250,23200
20231229,10:15:22,5.5,50,23200
20231229,10:15:29,5.6,200,23200
20231229,10:16:42,5.6,150,23200
20231229,10:17:47,5.6,100,25200
20231229,10:18:19,5.55,100,25200
20231229,10:19:34,4.95,3200,25200
20231229,10:19:49,5.5,100,25200
20231229,10:19:54,5.5,100,25200
20231229,10:20:03,5.55,1100,25200
20231229,10:20:08,5.55,100,25200
20231229,10:20:24,5.5,100,25000
20231229,10:20:35,5.4,100,25000
20231229,10:21:10,5.5,100,25000
20231229,10:21:39,5.5,200,25000
20231229,10:21:44,5.5,100,25000
20231229,10:21:49,5.5,100,25000
20231229,10:21:54,5.5,200,25000
20231229,10:21:58,5.5,200,25000
20231229,10:22:03,5.5,1800,25000
20231229,10:23:36,5.5,150,23250
20231229,10:24:06,5.55,200,23250
20231229,10:24:27,5.5,150,23250
20231229,10:25:14,5.55,100,23250
20231229,10:26:49,5.5,200,23350
20231229,10:27:21,5.55,50,23350
20231229,10:27:45,5.55,100,23350
20231229,10:27:51,5.65,200,23350
20231229,10:28:53,5.5,100,23350
20231229,10:28:59,5.5,200,23350
20231229,10:36:12,5.35,400,23250
20231229,10:36:17,5.35,200,23250
20231229,10:37:57,5.35,50,23250
20231229,10:38:15,5.45,200,23250
20231229,10:43:55,5.55,200,23350
20231229,10:44:37,5.5,100,23550
20231229,10:44:47,5.5,100,23550
20231229,10:49:18,5.45,100,23550
20231229,10:49:23,5.5,200,23550
20231229,10:53:51,5.5,100,23550
20231229,10:55:01,5.55,300,23550
20231229,10:55:06,5.5,50,23550
20231229,10:56:57,5.45,400,23450
20231229,10:59:47,5.45,200,23450
20231229,11:00:05,5.45,50,23450
20231229,11:00:23,5.4,50,23450
20231229,11:00:27,5.4,200,23450
20231229,11:00:36,5.4,200,23450
20231229,11:00:41,5.4,400,23450
20231229,11:01:18,5.35,300,23450
20231229,11:03:04,5.35,250,23350
20231229,11:03:25,5.4,50,23350
20231229,11:04:26,5.35,200,23350
20231229,11:05:42,5.35,200,23350
20231229,11:05:46,5.35,200,23350
20231229,11:07:16,5.35,200,23350
20231229,11:08:59,5.3,200,23350
20231229,11:09:25,5.25,200,23350
20231229,11:09:35,5.25,300,23350
20231229,11:09:39,5.25,200,23350
20231229,11:10:55,5.25,200,23350
20231229,11:11:19,5.2,200,23350
20231229,11:11:28,5.15,200,23350
20231229,11:11:44,5.2,4000,23350
20231229,11:11:48,5.2,200,23350
20231229,11:11:52,5.2,400,23350
20231229,11:11:55,5.2,200,23350
20231229,11:11:59,5.2,400,23350
20231229,11:12:03,5.2,200,23350
20231229,11:12:06,5.25,1200,23350
20231229,11:12:10,5.2,200,23350
20231229,11:12:20,5.25,400,23350
20231229,11:12:23,5.25,200,23350
20231229,11:14:48,5.35,200,19450
20231229,11:15:03,5.3,200,19450
20231229,11:15:07,5.3,600,19450
20231229,11:15:11,5.3,150,19450
20231229,11:15:20,5.3,400,19450
20231229,11:15:35,5.25,400,19450
20231229,11:15:40,5.3,200,19450
20231229,11:15:45,5.3,400,19450
20231229,11:15:50,5.25,200,19450
20231229,11:15:55,5.3,200,19450
20231229,11:16:01,5.3,250,19450
20231229,11:16:07,5.3,400,19450
20231229,11:16:12,5.3,100,19450
20231229,11:20:41,5.35,50,20550
20231229,11:21:25,5.35,50,20550
20231229,11:21:33,5.25,400,20550
20231229,11:23:05,5.15,200,20550
20231229,11:23:42,5.2,200,20850
20231229,11:23:46,5.15,200,20850
20231229,11:25:13,5.2,200,20850
20231229,11:25:46,5.2,50,20850
20231229,11:28:43,5.2,250,21300
20231229,11:28:59,5.15,250,21300
20231229,11:29:14,5.15,250,21300
20231229,11:29:28,5.2,200,21300
20231229,11:34:23,5.45,200,21300
20231229,11:34:25,5.4,100,21300
20231229,11:34:27,5.45,200,21300
20231229,11:34:30,5.5,200,21300
20231229,11:34:35,5.5,200,21300
20231229,11:34:42,5.55,200,21300
20231229,11:34:48,5.55,200,21300
20231229,11:35:07,5.55,400,21300
20231229,11:35:12,5.5,400,21300
20231229,11:37:14,5.55,200,22600
20231229,11:37:31,5.6,100,22600
20231229,11:38:01,5.6,50,22600
20231229,11:38:20,5.65,250,22600
20231229,11:38:24,5.6,1400,22600
20231229,11:38:28,5.65,1400,24350
20231229,11:39:15,5.65,200,24350
20231229,11:40:08,5.6,200,24350
20231229,11:40:25,5.6,600,24350
20231229,11:40:30,5.6,200,24350
20231229,11:40:34,5.6,200,24350
20231229,11:40:38,5.55,400,24350
20231229,11:40:43,5.6,200,24350
20231229,11:40:52,5.6,200,24350
20231229,11:41:04,5.55,200,24350
20231229,11:41:24,5.65,300,24350
20231229,11:41:28,5.65,50,24350
20231229,11:43:30,5.55,150,27550
20231229,11:56:30,5.5,100,27550
20231229,11:56:54,5.45,100,27550
20231229,12:02:47,5.2,3400,27550
20231229,12:05:39,5.3,400,27250
20231229,12:05:42,5.35,1550,27250
20231229,12:05:55,5.3,200,27250
20231229,12:09:31,5.35,50,27050
20231229,12:11:54,5.3,50,27000
20231229,12:12:22,5.35,250,27000
20231229,12:15:49,5.35,1200,27000
20231229,12:16:30,5.3,200,27000
20231229,12:16:47,5.35,1000,27000
20231229,12:16:52,5.3,50,27000
20231229,12:16:55,5.25,200,27000
20231229,12:22:07,5.2,2100,26350
20231229,12:22:11,5.2,150,26350
20231229,12:23:31,5.15,2700,26350
20231229,12:23:33,5.15,1400,26350
20231229,12:24:55,5.1,250,24300
20231229,12:25:04,5.1,4000,24300
20231229,12:25:43,5.05,250,24300
20231229,12:26:04,5.05,250,24300
20231229,12:26:20,5.0,450,24300
20231229,12:26:22,5.0,200,24300
20231229,12:30:07,4.9,850,20150
20231229,12:30:12,4.9,200,20150
20231229,12:30:27,4.9,250,20150
20231229,12:30:30,4.9,500,20150
20231229,12:30:52,4.9,100,20150
20231229,12:31:27,4.85,150,20150
20231229,12:34:35,4.8,50,18950
20231229,12:35:22,4.75,300,18950
20231229,12:35:38,4.7,350,18950
20231229,12:35:41,4.7,1800,18950
20231229,12:35:47,4.7,450,18950
20231229,12:35:49,4.7,100,18950
20231229,12:36:23,4.65,300,18950
20231229,12:37:49,4.65,250,18950
20231229,12:39:07,4.6,300,18950
20231229,12:39:32,4.55,300,16400
20231229,12:39:36,4.55,300,16400
20231229,12:42:36,4.5,500,16150
20231229,12:42:51,4.5,250,16150
20231229,12:43:47,4.5,250,16150
20231229,12:45:05,4.5,500,15650
20231229,12:45:13,4.45,550,15650
20231229,12:45:48,4.4,250,15650
20231229,12:45:52,4.35,250,15650
20231229,12:47:23,4.3,250,15650
20231229,12:50:10,4.25,150,15500
20231229,12:50:34,4.25,50,15500
20231229,12:51:14,4.25,250,15700
20231229,12:51:22,4.3,250,15700
20231229,12:51:34,4.25,250,15700
20231229,12:56:02,4.3,150,14950
20231229,12:56:14,4.3,50,14950
20231229,12:56:22,4.3,50,14950
20231229,12:56:52,4.25,50,14700
20231229,12:59:53,4.3,50,14650
20231229,12:59:57,4.25,100,14650
20231229,13:01:19,4.3,250,14650
20231229,13:01:47,4.3,100,14650
20231229,13:02:31,4.25,850,14650
20231229,13:02:42,4.25,1050,14200
20231229,13:02:57,4.25,250,14200
20231229,13:03:01,4.25,250,14200
20231229,13:03:06,4.2,50,14200
20231229,13:03:18,4.2,500,14200
20231229,13:04:00,4.25,50,14200
20231229,13:04:06,4.25,100,14200
20231229,13:04:12,4.25,250,14200
20231229,13:04:34,4.25,50,14200
20231229,13:05:32,4.2,250,14200
20231229,13:05:37,4.2,600,14200
20231229,13:05:45,4.2,250,12750
20231229,13:06:21,4.25,250,12750
20231229,13:07:14,4.25,100,12750
20231229,13:09:56,4.2,50,12650
20231229,13:13:14,4.15,50,12650
20231229,13:18:54,4.1,100,12650
20231229,13:19:41,4.1,100,12650
20231229,13:22:37,4.1,50,12650
20231229,13:23:05,4.1,150,12650
20231229,13:30:13,4.1,200,12650
20231229,13:40:24,4.1,100,12650
20231229,13:58:44,4.2,100,12550
20231229,14:02:00,4.15,250,12650
20231229,14:03:29,4.15,250,12450
20231229,14:03:35,4.15,1350,12450
20231229,14:03:43,4.1,500,12450
20231229,14:03:46,4.15,150,12450
20231229,14:04:02,4.1,1000,12450
20231229,14:09:09,3.95,50,15350
20231229,14:11:13,3.95,100,15350
20231229,14:15:41,3.85,50,15350
20231229,14:16:13,3.75,400,15350
20231229,14:18:18,3.75,150,15350
20231229,14:18:32,3.8,1000,15350
20231229,14:18:58,3.75,1000,15350
20231229,14:19:36,3.8,150,15350
20231229,14:24:35,3.85,400,17450
20231229,14:26:05,3.95,250,17450
20231229,14:26:14,3.95,200,17450
20231229,14:29:43,4.0,50,17550
20231229,14:32:35,4.0,50,17600
20231229,14:34:36,4.05,50,17600
20231229,14:35:00,4.1,300,17600
20231229,14:42:45,4.05,450,17550
20231229,14:44:50,4.05,500,17550
20231229,14:45:12,4.05,50,18050
20231229,14:46:57,4.05,400,18050
20231229,14:52:43,4.1,250,18100
20231229,14:52:49,4.1,550,18100
20231229,14:52:55,4.1,1500,18100
20231229,14:53:11,4.2,50,18100
20231229,14:53:43,4.1,50,18100
20231229,14:54:56,4.2,50,20450
20231229,14:55:11,4.25,50,20450
20231229,14:56:07,4.25,50,20450
20231229,14:57:37,4.45,50,20450
20231229,14:58:22,4.45,50,20500
20231229,14:59:30,4.5,50,20500
20231229,14:59:41,4.45,1000,20500
20231229,15:00:21,4.5,50,21550
20231229,15:00:43,4.45,50,21550
20231229,15:01:03,4.5,450,21550
20231229,15:01:10,4.5,500,21550
20231229,15:08:31,4.35,100,22100
20231229,15:08:37,4.35,100,22100
20231229,15:08:49,4.35,250,22100
20231229,15:08:55,4.3,100,22100
20231229,15:09:16,4.3,1000,22500
20231229,15:09:22,4.25,150,22500
20231229,15:10:19,4.35,200,22500
20231229,15:10:35,4.35,250,22500
20231229,15:10:40,4.35,200,22500
20231229,15:10:45,4.35,400,22500
20231229,15:10:50,4.4,200,22500
20231229,15:14:13,4.3,1150,21500
20231229,15:14:40,4.3,100,21500
20231229,15:14:51,4.35,850,21500
20231229,15:15:09,4.35,150,22750
20231229,15:18:14,4.4,1100,22750
20231229,15:18:41,4.4,100,22750
20231229,15:20:20,4.35,100,22750
20231229,15:20:42,4.3,100,22750
20231229,15:20:49,4.3,200,22750
20231229,15:20:56,4.25,50,22750
20231229,15:21:01,4.3,300,23900
20231229,15:22:28,4.2,50,23900
20231229,15:22:40,4.2,50,23900
20231229,15:23:24,4.1,50,23900
20231229,15:23:30,4.2,50,23900
20231229,15:24:39,4.2,450,24000
20231229,15:25:43,4.05,100,24000
20231229,15:25:59,4.05,50,24000
20231229,15:26:41,3.95,550,24000
20231229,15:26:46,3.95,350,24000
20231229,15:26:51,3.95,50,24000
20231229,15:27:43,4.0,600,23450
20231229,15:28:00,4.15,50,23450
20231229,15:28:05,4.3,550,23450
20231229,15:29:34,4.25,50,23450
20240101,09:15:03,4.25,1,23450
20240101,09:15:03,4.25,50,23450
20240101,09:15:14,4.25,150,19600
20240101,09:15:25,4.2,50,19600
20240101,09:16:03,3.9,300,19600
20240101,09:16:11,3.9,200,19600
20240101,09:16:18,3.85,50,19600
20240101,09:16:25,3.7,100,19600
20240101,09:16:33,3.65,50,19600
20240101,09:17:10,3.5,400,19600
20240101,09:17:17,3.5,600,19600
20240101,09:17:34,3.55,100,19600
20240101,09:18:21,3.5,100,19600
20240101,09:19:05,3.5,50,19600
20240101,09:19:18,3.55,100,19600
20240101,09:19:31,3.6,50,19600
20240101,09:23:14,3.6,100,20350
20240101,09:23:21,3.6,50,20350
20240101,09:24:06,3.45,100,20350
20240101,09:25:13,3.45,50,20350
20240101,09:25:27,3.45,50,20350
20240101,09:26:01,3.4,200,20350
20240101,09:28:33,3.25,300,20650
20240101,09:29:29,3.2,550,20850
20240101,09:29:42,3.2,100,20850
20240101,09:30:03,3.15,350,20850
20240101,09:30:30,3.15,100,20850
20240101,09:30:44,3.1,1150,20850
20240101,09:30:58,3.1,100,20850
20240101,09:31:04,3.15,250,20850
20240101,09:31:46,3.15,500,20850
20240101,09:32:12,3.1,1800,20850
20240101,09:32:19,3.1,250,24250
20240101,09:34:14,3.15,2550,24250
20240101,09:34:35,3.2,50,24250
20240101,09:39:13,3.2,300,24250
20240101,09:43:19,3.15,50,26750
20240101,09:43:25,3.15,50,26750
20240101,09:43:46,3.2,50,26750
20240101,09:46:10,3.15,50,26650
20240101,09:46:17,3.05,150,26650
20240101,09:46:52,3.05,100,26650
20240101,09:47:06,3.05,100,26650
20240101,09:47:13,3.0,200,26650
20240101,09:48:29,3.0,200,26750
20240101,09:49:36,3.05,200,26750
20240101,09:52:18,2.95,50,26650
20240101,09:56:42,2.95,200,26650
20240101,09:56:52,3.0,200,26650
20240101,09:57:00,3.0,200,26650
20240101,09:57:09,3.0,200,26650
20240101,09:59:14,3.05,150,26650
20240101,09:59:22,3.1,50,26650
20240101,09:59:30,3.1,850,26800
20240101,09:59:38,3.15,600,26800
20240101,10:00:01,3.2,1250,26800
20240101,10:00:10,3.2,300,26800
20240101,10:00:53,3.3,2000,26800
20240101,10:01:10,3.3,100,26800
20240101,10:01:18,3.3,350,26800
20240101,10:02:57,3.3,50,23850
20240101,10:03:52,3.35,100,23850
20240101,10:04:00,3.35,100,23850
20240101,10:05:11,3.4,100,23850
20240101,10:07:25,3.3,250,23500
20240101,10:07:57,3.25,50,23500
20240101,10:09:09,3.25,250,23350
20240101,10:11:04,3.2,550,23350
20240101,10:12:56,3.2,200,23650
20240101,10:14:15,3.25,50,23650
20240101,10:17:52,3.15,200,23900
20240101,10:19:46,3.25,50,23900
20240101,10:21:10,3.15,400,23700
20240101,10:22:07,3.3,50,23700
20240101,10:22:34,3.3,100,23700
20240101,10:26:09,3.25,100,23450
20240101,10:26:57,3.15,100,23350
20240101,10:27:15,3.2,100,23350
20240101,10:27:39,3.25,100,23350
20240101,10:28:39,3.2,500,23350
20240101,10:29:59,3.1,600,22750
20240101,10:35:54,3.2,450,22150
20240101,10:40:12,3.1,450,22600
20240101,10:43:44,3.15,400,23000
20240101,10:43:51,3.25,100,23000
20240101,10:43:59,3.25,50,23000
20240101,10:44:06,3.25,50,23000
20240101,10:44:13,3.25,100,23000
20240101,10:45:29,3.25,100,23100
20240101,10:48:41,3.1,50,23200
20240101,10:49:22,3.1,350,23200
20240101,10:49:39,3.15,1900,23200
20240101,10:49:46,3.15,300,23200
20240101,10:51:03,3.1,200,24400
20240101,10:51:15,3.2,250,24400
20240101,10:52:50,3.05,1800,24400
20240101,10:53:31,3.15,250,24400
20240101,10:54:11,3.15,50,26150
20240101,10:55:10,3.15,100,26150
20240101,10:56:16,3.15,50,26150
20240101,10:58:37,3.15,350,26150
20240101,10:59:54,3.2,1300,26150
20240101,11:00:07,3.1,250,26150
20240101,11:01:10,3.15,250,26150
20240101,11:03:27,3.05,250,27000
20240101,11:08:51,3.0,1800,26750
20240101,11:09:44,3.05,200,26750
20240101,11:09:54,3.05,200,26750
20240101,11:12:08,3.05,200,28150
20240101,11:15:33,3.0,1900,28150
20240101,11:17:44,3.0,50,29950
20240101,11:18:18,2.95,100,29950
20240101,11:18:24,3.05,50,29950
20240101,11:20:33,2.95,150,29950
20240101,11:22:02,3.0,1000,30050
20240101,11:23:25,2.9,800,30050
20240101,11:23:30,2.9,250,30050
20240101,11:29:11,2.85,200,30300
20240101,11:30:30,2.85,1350,30250
20240101,11:35:17,2.95,50,30050
20240101,11:35:47,2.85,50,30050
20240101,11:41:14,2.9,50,30100
20240101,11:43:01,2.85,50,30100
20240101,11:43:23,2.85,50,30100
20240101,11:44:49,2.8,350,30100
20240101,11:48:54,2.75,100,30100
20240101,11:54:10,2.7,1800,30100
20240101,11:54:57,2.7,200,30100
20240101,11:55:28,2.65,600,30100
20240101,11:57:37,2.65,100,30100
20240101,12:01:10,2.75,50,30100
20240101,12:02:33,2.7,50,30100
20240101,12:02:38,2.7,50,30100
20240101,12:02:43,2.7,50,30200
20240101,12:02:53,2.75,100,30200
20240101,12:05:48,2.7,50,30200
20240101,12:06:16,2.7,200,30200
20240101,12:06:20,2.7,50,30200
20240101,12:06:33,2.7,250,30200
20240101,12:06:43,2.7,300,30200
20240101,12:09:01,2.6,2400,30450
20240101,12:23:59,2.6,250,32850
20240101,12:26:28,2.6,250,32850
20240101,12:27:34,2.55,2500,33100
20240101,12:29:07,2.5,750,33100
20240101,12:34:26,2.5,250,35600
20240101,12:36:28,2.6,300,35700
20240101,12:46:42,2.55,50,35700
20240101,12:46:48,2.55,250,35700
20240101,12:49:26,2.55,50,35700
20240101,12:50:38,2.55,300,35700
20240101,12:51:48,2.55,200,35700
20240101,12:55:48,2.6,50,35700
20240101,13:01:36,2.6,50,35700
20240101,13:08:17,2.3,50,35700
20240101,13:11:54,2.3,300,35700
20240101,13:12:29,2.25,100,35700
20240101,13:28:34,2.25,100,35700
20240101,13:28:56,2.3,250,35700
20240101,13:29:42,2.3,50,35700
20240101,13:34:21,2.25,200,35600
20240101,13:35:01,2.3,250,35600
20240101,13:35:56,2.35,250,35600
20240101,13:36:08,2.4,50,35600
20240101,13:40:44,2.35,550,35600
20240101,13:41:45,2.4,350,35600
20240101,13:49:22,2.4,250,35600
20240101,13:51:25,2.3,250,35600
20240101,13:56:59,2.3,250,35600
20240101,13:57:14,2.3,250,35600
20240101,13:57:20,2.3,100,35600
20240101,13:57:40,2.25,300,35600
20240101,13:58:07,2.25,100,35600
20240101,13:58:14,2.25,200,35600
20240101,14:00:49,2.2,250,35550
20240101,14:01:40,2.2,500,35550
20240101,14:01:55,2.2,250,35550
20240101,14:02:10,2.45,4200,35550
20240101,14:02:19,2.35,1400,35550
20240101,14:03:12,2.25,1150,37450
20240101,14:03:20,2.25,250,37450
20240101,14:03:57,2.2,500,37450
20240101,14:04:34,2.2,250,37450
20240101,14:05:29,2.2,100,37450
20240101,14:09:00,2.35,3000,35550
20240101,14:09:11,2.2,350,37900
20240101,14:10:03,2.25,400,37900
20240101,14:14:09,2.2,50,38050
20240101,14:14:58,2.2,200,38050
20240101,14:18:08,2.2,250,37850
20240101,14:22:34,2.2,250,37600
20240101,14:25:43,2.25,50,37600
20240101,14:34:00,2.25,50,37600
20240101,14:36:13,2.25,250,37550
20240101,14:38:09,2.25,250,37550
20240101,14:39:54,2.3,700,37050
20240101,14:40:00,2.35,50,37050
20240101,14:40:04,2.35,1300,37050
20240101,14:40:40,2.4,150,37050
20240101,14:42:29,2.3,250,37800
20240101,14:43:01,2.35,50,37800
20240101,14:43:55,2.35,250,37800
20240101,14:44:06,2.35,1500,37800
20240101,14:44:55,2.35,50,37800
20240101,14:45:14,2.35,50,36250
20240101,14:47:27,2.3,50,36250
20240101,14:49:01,2.45,2000,36250
20240101,14:49:50,2.35,3400,36250
20240101,14:50:09,2.3,3200,36250
20240101,14:50:41,2.45,250,36250
20240101,14:52:24,2.4,400,35650
20240101,14:52:56,2.4,100,35650
20240101,14:53:06,2.4,200,35650
20240101,14:54:27,2.4,550,35950
20240101,14:54:32,2.45,300,35950
20240101,14:54:46,2.5,200,35950
20240101,14:54:59,2.5,200,35950
20240101,14:55:30,2.45,3000,35950
20240101,14:56:01,2.55,200,35950
20240101,14:56:26,2.55,50,35950
20240101,14:58:11,2.55,800,35650
20240101,14:58:54,2.5,150,35650
20240101,14:59:33,2.45,2000,35650
20240101,15:00:54,2.55,50,35700
20240101,15:01:28,2.4,1550,35700
20240101,15:01:37,2.35,700,35700
20240101,15:02:56,2.4,200,35700
20240101,15:03:03,2.35,850,35700
20240101,15:04:29,2.45,1850,35900
20240101,15:08:08,2.3,1800,35900
20240101,15:08:17,2.3,400,35900
20240101,15:08:34,2.3,250,35900
20240101,15:09:11,2.3,2050,35900
20240101,15:09:22,2.4,450,36100
20240101,15:10:12,2.35,400,36100
20240101,15:10:22,2.35,300,36100
20240101,15:10:31,2.3,900,36100
20240101,15:13:07,2.35,250,35700
20240101,15:15:23,2.55,50,35700
20240101,15:18:16,2.45,250,35700
20240101,15:18:38,2.45,350,35700
20240101,15:21:21,2.4,250,35700
20240101,15:22:29,2.35,1450,35700
20240101,15:23:13,2.45,50,35700
20240101,15:23:23,2.4,50,35700
20240101,15:23:55,2.35,50,35700
20240101,15:25:37,2.45,2000,35700
20240101,15:26:23,2.35,650,35700
20240101,15:26:35,2.35,250,35700
20240101,15:26:59,2.35,300,35700
20240101,15:27:22,2.35,200,36000
20240101,15:27:46,2.4,800,36000
20240101,15:27:58,2.35,950,36000
20240101,15:28:10,2.2,250,36000
20240101,15:28:21,2.35,100,36000
20240101,15:28:32,2.2,400,36000
20240101,15:28:56,2.45,250,36000
20240101,15:29:19,2.4,350,36000
20240101,15:29:30,2.4,500,36000
20240101,15:29:40,2.45,150,36000
20240102,09:15:45,2.4,1,35800
20240102,09:15:45,2.4,200,35800
20240102,09:18:35,2.75,50,35700
20240102,09:18:42,2.85,600,35700
20240102,09:18:49,2.6,50,35700
20240102,09:21:52,2.6,50,36050
20240102,09:22:04,2.5,100,36050
20240102,09:22:15,2.55,100,36050
20240102,09:22:27,2.4,450,36050
20240102,09:24:48,2.45,200,35750
20240102,09:25:43,2.5,50,35750
20240102,09:28:26,2.5,350,35800
20240102,09:28:38,3.0,700,35800
20240102,09:28:50,3.05,600,35800
20240102,09:29:36,3.05,300,36500
20240102,09:29:59,2.55,150,36500
20240102,09:31:31,2.6,50,36500
20240102,09:35:09,2.45,100,36200
20240102,09:35:19,2.45,150,36200
20240102,09:37:59,2.65,1800,36200
20240102,09:38:19,2.55,550,36200
20240102,09:38:42,2.55,250,37350
20240102,09:38:52,2.65,400,37350
20240102,09:39:03,2.55,2100,37350
20240102,09:39:14,2.55,1650,37350
20240102,09:39:24,2.55,1800,37350
20240102,09:39:57,2.55,100,37350
20240102,09:40:09,2.55,350,37350
20240102,09:41:12,2.55,50,37350
20240102,09:42:07,2.45,650,38300
20240102,09:42:29,2.45,50,38300
20240102,09:43:01,2.45,150,38300
20240102,09:43:24,2.4,850,38300
20240102,09:43:35,2.45,50,38300
20240102,09:43:46,2.45,50,38300
20240102,09:44:08,2.45,50,38300
20240102,09:44:51,2.45,50,37950
20240102,09:45:02,2.45,1850,37950
20240102,09:45:13,2.45,1800,37950
20240102,09:45:56,2.45,50,37950
20240102,09:46:07,2.45,250,37950
20240102,09:47:11,2.45,450,37950
20240102,09:49:47,2.45,50,38100
20240102,09:50:37,2.5,100,38150
20240102,09:50:48,2.5,450,38150
20240102,09:50:58,2.45,200,38150
20240102,09:51:09,2.5,50,38150
20240102,09:51:20,2.5,50,38150
20240102,09:51:42,2.5,250,38150
20240102,09:52:23,2.5,100,38150
20240102,09:52:33,2.5,500,38150
20240102,09:52:53,2.5,50,38150
20240102,09:53:04,2.5,100,38150
20240102,09:54:06,2.5,50,37950
20240102,09:54:27,2.5,150,37950
20240102,09:54:37,2.5,100,37950
20240102,09:54:48,2.5,300,37950
20240102,09:55:01,2.5,50,37950
20240102,09:55:13,2.55,50,37950
20240102,09:57:33,2.65,500,37700
20240102,09:58:32,2.65,50,37700
20240102,09:59:17,2.65,50,37700
20240102,09:59:28,2.65,50,37700
20240102,09:59:50,2.65,50,37750
20240102,10:00:24,2.55,200,37750
20240102,10:00:36,2.6,200,37750
20240102,10:00:47,2.6,150,37750
20240102,10:01:10,2.6,150,37750
20240102,10:01:21,2.6,250,37750
20240102,10:01:44,2.6,1200,37750
20240102,10:03:37,2.5,150,37650
20240102,10:03:48,2.5,350,37650
20240102,10:04:10,2.55,1050,37650
20240102,10:04:22,2.6,100,37650
20240102,10:04:33,2.6,200,37650
20240102,10:05:40,2.6,450,38800
20240102,10:05:50,2.5,50,38800
20240102,10:06:13,2.5,250,38800
20240102,10:06:25,2.55,250,38800
20240102,10:07:11,2.55,250,38800
20240102,10:07:34,2.5,50,38800
20240102,10:07:56,2.5,200,38800
20240102,10:08:30,2.45,1250,38800
20240102,10:08:52,2.45,300,38800
20240102,10:10:12,2.55,400,38800
20240102,10:10:23,2.55,200,38800
20240102,10:10:46,2.6,100,38800
20240102,10:12:56,2.6,50,38850
20240102,10:13:28,2.65,550,38850
20240102,10:13:39,2.65,100,38850
20240102,10:14:00,2.65,300,38850
20240102,10:14:11,2.65,100,38850
20240102,10:14:21,2.65,100,38850
20240102,10:15:44,2.65,50,38950
20240102,10:16:15,2.65,300,38950
20240102,10:16:45,2.7,50,38950
20240102,10:17:07,2.65,250,38950
20240102,10:17:50,2.65,50,38950
20240102,10:20:15,2.65,200,38950
20240102,10:20:25,2.65,200,38950
20240102,10:22:14,2.7,50,38950
20240102,10:22:34,2.7,150,38950
20240102,10:24:57,2.7,150,38950
20240102,10:25:18,2.65,50,38950
20240102,10:25:38,2.65,200,38950
20240102,10:26:08,2.65,50,38950
20240102,10:26:28,2.65,700,38950
20240102,10:27:44,2.65,250,38950
20240102,10:27:54,2.65,50,38950
20240102,10:28:14,2.65,50,38950
20240102,10:29:09,2.65,250,38950
20240102,10:30:38,2.7,250,38950
20240102,10:30:58,2.65,50,38950
20240102,10:32:14,2.7,250,38950
20240102,10:32:33,2.7,250,38950
20240102,10:33:11,2.75,350,38600
20240102,10:33:20,2.75,50,38600
20240102,10:34:17,2.75,50,38600
20240102,10:34:27,2.75,250,38600
20240102,10:36:04,2.8,50,38600
20240102,10:36:36,2.85,250,38600
20240102,10:37:21,2.85,50,38600
20240102,10:37:32,2.85,50,38600
20240102,10:39:32,2.85,50,38600
20240102,10:39:43,2.85,50,38600
20240102,10:43:37,2.8,100,38600
20240102,10:44:07,2.75,200,38600
20240102,10:44:16,2.75,50,38600
20240102,10:45:26,2.75,250,38600
20240102,10:45:35,2.75,100,38600
20240102,10:47:13,2.85,3000,38600
20240102,10:47:31,2.8,850,38600
20240102,10:47:40,2.85,50,39700
20240102,10:47:50,2.85,650,39700
20240102,10:47:59,2.85,200,39700
20240102,10:48:18,2.85,400,39700
20240102,10:48:37,2.85,50,39700
20240102,10:49:16,2.9,2200,39700
20240102,10:49:26,2.95,1250,39700
20240102,10:49:55,2.85,100,39700
20240102,10:50:14,2.9,50,39700
20240102,10:50:23,2.9,50,39700
20240102,10:50:33,2.9,50,39700
20240102,10:50:43,2.9,100,39700
20240102,10:51:04,2.85,800,40950
20240102,10:51:13,2.95,100,40950
20240102,10:51:53,2.9,100,40950
20240102,10:52:03,2.9,2400,40950
20240102,10:52:22,2.9,200,40950
20240102,10:52:42,2.9,50,40950
20240102,10:52:51,2.9,250,40950
20240102,10:53:01,2.9,50,40950
20240102,10:54:44,3.0,300,40000
20240102,10:55:29,2.9,250,40000
20240102,10:57:14,2.95,600,39900
20240102,10:57:24,2.95,150,39900
20240102,10:57:34,2.95,200,39900
20240102,10:57:54,2.95,100,39900
20240102,10:58:05,2.95,100,39900
20240102,10:58:34,2.95,200,39900
20240102,10:59:11,2.95,350,39900
20240102,10:59:20,2.9,100,39900
20240102,10:59:30,2.9,50,39900
20240102,10:59:48,2.9,450,39350
20240102,11:03:56,2.95,550,39300
20240102,11:05:02,2.95,50,39300
20240102,11:07:13,2.95,50,39400
20240102,11:08:00,2.95,100,39400
20240102,11:10:26,2.9,50,39450
20240102,11:10:35,2.9,100,39450
20240102,11:10:44,2.9,50,39450
20240102,11:16:32,2.9,50,39400
20240102,11:16:41,2.9,50,39400
20240102,11:16:50,2.9,50,39400
20240102,11:17:36,2.9,100,39400
20240102,11:18:03,2.85,50,39450
20240102,11:18:57,2.8,350,39450
20240102,11:19:05,2.8,50,39450
20240102,11:20:11,2.8,50,39450
20240102,11:21:12,2.75,50,39250
20240102,11:21:20,2.75,50,39250
20240102,11:22:04,2.75,50,39250
20240102,11:22:31,2.75,50,39250
20240102,11:24:19,2.8,50,39300
20240102,11:25:57,2.8,50,39300
20240102,11:28:31,2.8,50,39300
20240102,11:28:39,2.8,50,39300
20240102,11:29:12,2.8,50,39300
20240102,11:29:20,2.8,50,39300
20240102,11:29:28,2.8,50,39300
20240102,11:29:45,2.75,50,39300
20240102,11:30:46,2.75,1800,39550
20240102,11:31:16,2.8,50,39550
20240102,11:32:03,2.75,100,39550
20240102,11:32:11,2.75,50,39550
20240102,11:36:44,2.75,1200,41200
20240102,11:37:45,2.8,50,41200
20240102,11:38:17,2.75,50,41200
20240102,11:38:48,2.7,100,41200
20240102,11:39:04,2.7,50,41200
20240102,11:39:10,2.7,50,41200
20240102,11:41:26,2.75,1150,41200
20240102,11:41:34,2.75,200,41200
20240102,11:42:00,2.75,300,41300
20240102,11:42:09,2.75,50,41300
20240102,11:42:53,2.7,50,41300
20240102,11:45:49,2.7,50,41250
20240102,11:46:47,2.7,450,41250
20240102,11:46:55,2.6,100,41250
20240102,11:47:02,2.7,100,41250
20240102,11:47:16,2.7,50,41250
20240102,11:47:54,2.65,50,41500
20240102,11:48:26,2.7,250,41500
20240102,11:48:53,2.65,100,41500
20240102,11:56:25,2.7,1000,41500
20240102,11:56:30,2.75,1500,41500
20240102,11:56:37,2.7,500,41500
20240102,12:00:28,2.75,1200,43100
20240102,12:02:22,2.75,500,43100
20240102,12:02:28,2.8,1000,43100
20240102,12:02:34,2.8,500,43100
20240102,12:02:46,2.7,150,43100
20240102,12:03:10,2.75,50,44450
20240102,12:03:16,2.75,150,44450
20240102,12:04:07,2.7,200,44450
20240102,12:05:13,2.75,50,44450
20240102,12:05:20,2.75,50,44450
20240102,12:06:25,2.8,5500,44400
20240102,12:08:13,2.85,2050,44400
20240102,12:09:25,2.85,2650,47200
20240102,12:09:51,2.85,50,47200
20240102,12:10:51,2.95,2000,47200
20240102,12:11:34,2.9,50,47200
20240102,12:13:53,2.9,50,48500
20240102,12:14:22,2.95,50,48500
20240102,12:15:36,2.95,250,48500
20240102,12:16:05,2.95,950,48500
20240102,12:16:12,2.95,400,48500
20240102,12:16:20,2.95,900,48500
20240102,12:17:01,2.9,50,48500
20240102,12:18:08,2.9,50,47050
20240102,12:18:23,2.9,100,47050
20240102,12:21:03,2.9,50,47050
20240102,12:21:10,2.9,50,47050
20240102,12:21:31,2.95,50,47050
20240102,12:21:39,2.9,100,47050
20240102,12:21:46,2.9,50,47050
20240102,12:22:00,2.9,50,47050
20240102,12:24:38,2.9,50,47000
20240102,12:24:50,2.9,50,47000
20240102,12:25:03,2.85,150,47000
20240102,12:25:09,2.85,250,47000
20240102,12:27:15,2.9,200,47000
20240102,12:27:52,2.85,200,47000
20240102,12:28:11,2.85,50,47000
20240102,12:29:58,2.8,150,47000
20240102,12:30:03,2.85,100,47000
20240102,12:31:22,2.85,250,47000
20240102,12:32:09,2.8,200,47000
20240102,12:32:15,2.95,3600,47000
20240102,12:32:21,3.0,4600,47000
20240102,12:32:27,2.95,1150,47000
20240102,12:34:10,2.95,500,52650
20240102,12:35:21,3.0,5000,52650
20240102,12:35:41,3.0,2000,52650
20240102,12:36:01,2.95,1900,59850
20240102,12:36:07,2.95,2200,59850
20240102,12:36:26,3.1,3000,59850
20240102,12:40:22,3.0,250,62850
20240102,12:42:19,2.95,200,62850
20240102,12:42:42,3.05,1500,62850
20240102,12:46:44,3.0,50,64250
20240102,12:46:56,3.0,50,64250
20240102,12:47:01,2.95,100,64250
20240102,12:51:16,2.95,5400,64150
20240102,12:51:22,2.9,650,64150
20240102,12:51:28,2.9,450,64150
20240102,12:53:46,2.95,1250,64150
20240102,12:53:55,2.9,50,64150
20240102,12:54:14,2.9,50,63700
20240102,12:55:21,2.9,300,63700
20240102,12:55:25,2.9,100,63700
20240102,12:55:43,2.85,650,63700
20240102,12:56:49,2.9,50,63700
20240102,12:57:20,2.9,50,63000
20240102,12:59:05,2.9,50,63000
20240102,12:59:11,2.9,50,63000
20240102,13:04:09,2.9,300,63000
20240102,13:04:29,2.9,50,63000
20240102,13:06:14,2.8,500,63000
20240102,13:07:57,2.95,500,63000
20240102,13:08:10,2.9,50,63000
20240102,13:08:42,2.9,50,63000
20240102,13:08:54,2.9,50,63000
20240102,13:09:11,2.9,50,62650
20240102,13:09:16,2.9,50,62650
20240102,13:09:22,2.9,50,62650
20240102,13:09:33,2.9,50,62650
20240102,13:09:59,2.9,50,62650
20240102,13:10:22,2.85,500,62650
20240102,13:15:11,2.85,50,62200
20240102,13:15:28,2.85,100,62200
20240102,13:15:32,2.85,50,62200
20240102,13:16:10,2.85,50,62200
20240102,13:16:15,2.9,1800,62200
20240102,13:16:20,2.85,3250,62200
20240102,13:16:42,2.9,50,62200
20240102,13:18:05,3.0,5000,66800
20240102,13:18:47,2.9,1800,66800
20240102,13:19:57,2.85,6800,66800
20240102,13:20:32,2.95,200,66800
20240102,13:21:37,3.0,50,77000
20240102,13:24:07,3.0,5000,77050
20240102,13:24:39,3.1,5000,77050
20240102,13:24:49,3.0,3150,77050
20240102,13:26:04,3.1,5050,77050
20240102,13:26:24,3.1,5000,77050
20240102,13:27:07,3.0,100,95400
20240102,13:27:22,3.0,50,95400
20240102,13:27:52,3.15,6050,95400
20240102,13:28:09,3.25,6350,95400
20240102,13:28:22,3.15,1000,95400
20240102,13:28:33,3.1,4400,95400
20240102,13:28:42,3.2,50,95400
20240102,13:29:54,3.2,150,95400
20240102,13:30:03,3.2,50,102350
20240102,13:30:18,3.15,100,102350
20240102,13:31:01,3.2,400,102350
20240102,13:31:11,3.2,50,102350
20240102,13:31:28,3.15,350,102350
20240102,13:31:33,3.2,400,102350
20240102,13:31:44,3.15,250,102350
20240102,13:31:57,3.15,200,102350
20240102,13:32:20,3.15,250,102350
20240102,13:33:18,3.15,250,102250
20240102,13:34:48,3.15,500,102250
20240102,13:35:01,3.15,300,102250
20240102,13:36:47,3.1,50,102250
20240102,13:37:30,3.1,50,102250
20240102,13:37:57,3.1,50,102250
20240102,13:38:25,3.1,100,102250
20240102,13:38:36,3.1,50,102250
20240102,13:39:49,3.1,1600,102250
20240102,13:40:09,3.1,600,102250
20240102,13:40:36,3.1,150,102250
20240102,13:41:47,3.1,300,102250
20240102,13:42:05,3.1,150,102250
20240102,13:42:42,3.1,300,102250
20240102,13:44:27,3.15,50,102250
20240102,13:44:54,3.15,100,102250
20240102,13:46:44,3.05,1800,102250
20240102,13:46:49,3.05,3300,102250
20240102,13:48:48,3.1,50,102250
20240102,13:50:52,3.1,50,102250
20240102,13:55:21,3.05,1500,102250
20240102,13:57:31,3.05,1050,102650
20240102,13:57:35,3.05,100,102650
20240102,13:57:40,3.05,250,102650
20240102,14:01:02,3.05,100,102250
20240102,14:01:10,3.05,150,102250
20240102,14:01:14,3.05,50,102250
20240102,14:02:33,3.0,50,102250
20240102,14:03:48,3.0,50,102250
20240102,14:04:21,3.05,50,102250
20240102,14:04:28,3.05,50,102250
20240102,14:04:34,3.05,50,102250
20240102,14:05:58,3.0,50,102250
20240102,14:06:24,3.0,50,102250
20240102,14:06:32,3.0,50,102250
20240102,14:06:52,3.0,50,102250
20240102,14:07:34,3.05,50,102250
20240102,14:10:04,3.05,500,102300
20240102,14:11:19,3.0,500,102300
20240102,14:11:26,2.95,200,102300
20240102,14:11:32,3.0,700,102300
20240102,14:11:39,3.0,900,102300
20240102,14:11:45,2.95,100,102300
20240102,14:12:03,2.95,50,102300
20240102,14:15:03,3.05,50,102200
20240102,14:17:10,3.0,150,102200
20240102,14:17:49,2.95,100,102200
20240102,14:17:56,2.95,100,102200
20240102,14:18:28,3.0,50,102350
20240102,14:18:35,3.0,50,102350
20240102,14:18:48,3.0,50,102350
20240102,14:19:01,2.95,100,102350
20240102,14:19:15,3.0,50,102350
20240102,14:19:30,3.0,100,102350
20240102,14:19:38,3.0,50,102350
20240102,14:20:04,2.95,250,102350
20240102,14:22:55,2.9,600,102350
20240102,14:23:02,2.9,50,102350
20240102,14:23:28,2.9,50,102350
20240102,14:24:17,2.9,50,102350
20240102,14:24:29,2.9,100,102350
20240102,14:24:35,2.9,50,102350
20240102,14:24:59,2.9,600,102350
20240102,14:27:04,2.9,150,102350
20240102,14:27:10,2.9,50,102350
20240102,14:27:27,2.9,100,102500
20240102,14:27:44,2.9,50,102500
20240102,14:27:50,2.9,50,102500
20240102,14:28:02,2.9,100,102500
20240102,14:28:21,2.85,500,102500
20240102,14:28:32,2.9,100,102500
20240102,14:29:30,2.9,50,102500
20240102,14:31:31,2.85,50,102250
20240102,14:35:10,2.8,50,102300
20240102,14:37:08,2.85,50,102250
20240102,14:37:15,2.85,50,102250
20240102,14:37:29,2.85,50,102250
20240102,14:38:03,2.85,150,102250
20240102,14:38:26,2.8,150,102250
20240102,14:38:34,2.8,1050,102250
20240102,14:38:47,2.8,50,102250
20240102,14:38:54,2.8,50,102250
20240102,14:40:30,2.8,1200,103100
20240102,14:40:39,2.8,2200,103100
20240102,14:40:46,2.8,150,103100
20240102,14:45:00,2.75,100,102300
20240102,14:46:46,2.75,50,102300
20240102,14:48:47,2.85,150,102300
20240102,14:49:40,2.8,100,102300
20240102,14:52:35,2.75,300,102450
20240102,14:53:43,2.8,50,102450
20240102,14:56:34,2.8,600,102450
20240102,14:59:08,2.8,50,102450
20240102,14:59:47,2.85,250,102450
20240102,15:00:26,2.8,1800,102750
20240102,15:00:41,2.75,50,102750
20240102,15:00:48,2.8,300,102750
20240102,15:00:55,2.8,100,102750
20240102,15:01:03,2.8,50,102750
20240102,15:01:49,2.85,100,102750
20240102,15:05:14,2.9,200,102850
20240102,15:06:01,2.95,1750,102850
20240102,15:06:18,2.95,50,102850
20240102,15:06:26,2.95,100,102850
20240102,15:07:14,2.95,50,102850
20240102,15:07:32,2.95,100,102850
20240102,15:08:01,2.9,100,102850
20240102,15:08:31,2.95,100,102850
20240102,15:09:28,3.0,250,102750
20240102,15:09:37,2.95,250,102750
20240102,15:10:09,2.95,600,102750
20240102,15:12:08,2.95,50,102750
20240102,15:12:37,2.95,100,102850
20240102,15:12:46,2.95,100,102850
20240102,15:14:05,2.95,200,102850
20240102,15:14:14,3.0,50,102850
20240102,15:14:42,3.0,50,102850
20240102,15:14:50,3.0,50,102850
20240102,15:15:41,2.95,150,102850
20240102,15:17:02,3.0,950,102850
20240102,15:17:12,3.0,600,102850
20240102,15:20:27,3.0,250,102850
20240102,15:20:36,3.0,50,102850
20240102,15:20:59,3.0,50,102850
20240102,15:21:31,3.05,100,102850
20240102,15:22:52,2.95,50,102850
20240102,15:23:11,3.0,400,102850
20240102,15:23:58,3.0,100,102850
20240102,15:24:07,3.0,200,102850
20240102,15:26:05,3.0,200,103000
20240102,15:26:14,3.05,1650,103000
20240102,15:26:24,3.05,200,103000
20240102,15:26:34,3.15,750,103000
20240102,15:26:43,3.1,1050,103000
20240102,15:26:53,3.15,100,103000
20240102,15:27:03,3.15,100,103000
20240102,15:27:22,3.15,2550,105100
20240102,15:27:40,3.1,3650,105100
20240102,15:27:48,2.55,48900,105100
20240102,15:27:57,1.65,61450,105100
20240102,15:28:06,2.65,13250,105100
20240102,15:28:16,2.45,2300,105100
20240102,15:28:25,2.5,100,105100
20240102,15:28:31,2.55,1100,105100
20240102,15:28:41,2.65,650,105100
20240102,15:29:48,5.0,19150,105100
20240102,15:29:57,5.4,10700,105100
20240103,09:15:09,3.0,1,96850
20240103,09:15:09,3.0,200,96850
20240103,09:15:17,3.0,100,96850
20240103,09:15:25,2.7,4300,96850
20240103,09:15:31,2.8,300,96850
20240103,09:15:38,2.75,50,96850
20240103,09:15:44,2.75,600,96850
20240103,09:15:57,2.75,100,96850
20240103,09:16:10,2.75,50,96850
20240103,09:16:17,2.75,150,96850
20240103,09:16:25,2.75,150,96850
20240103,09:16:33,2.55,600,96850
20240103,09:16:48,2.7,100,96850
20240103,09:16:56,2.7,50,96850
20240103,09:17:05,2.75,200,96850
20240103,09:17:33,2.8,3050,94550
20240103,09:17:40,2.7,2150,94550
20240103,09:18:03,2.7,3200,94550
20240103,09:18:12,2.7,450,94550
20240103,09:18:20,2.7,100,94550
20240103,09:18:28,2.75,150,94550
20240103,09:18:50,2.75,600,94550
20240103,09:19:33,2.75,50,94550
20240103,09:19:39,2.75,1000,94550
20240103,09:19:51,2.75,50,94550
20240103,09:20:17,2.75,650,94550
20240103,09:21:04,2.8,200,88050
20240103,09:21:37,2.8,3300,88050
20240103,09:22:18,2.75,650,88050
20240103,09:22:24,2.75,300,88050
20240103,09:22:37,2.85,5050,88050
20240103,09:22:55,2.85,5050,88050
20240103,09:23:12,2.85,6400,88050
20240103,09:23:29,2.9,6650,88050
20240103,09:23:35,2.9,350,99850
20240103,09:23:40,2.9,300,99850
20240103,09:24:03,2.95,5050,99850
20240103,09:24:08,2.9,250,99850
20240103,09:24:14,2.95,1100,99850
20240103,09:26:11,2.95,50,99850
20240103,09:26:45,3.05,3900,104200
20240103,09:26:56,2.95,100,104200
20240103,09:27:02,3.0,3700,104200
20240103,09:27:13,3.1,3600,104200
20240103,09:27:29,3.1,500,104200
20240103,09:27:46,3.0,300,104200
20240103,09:28:00,3.0,100,104200
20240103,09:28:06,3.0,250,104200
20240103,09:28:11,3.0,600,104200
20240103,09:28:17,3.0,50,104200
20240103,09:28:38,2.95,250,104200
20240103,09:28:44,2.95,100,104200
20240103,09:29:50,3.0,450,114650
20240103,09:29:56,3.0,50,114650
20240103,09:30:58,2.9,600,114650
20240103,09:31:05,2.9,650,114650
20240103,09:31:39,2.9,300,114650
20240103,09:32:13,2.9,1250,114650
20240103,09:32:29,2.9,250,114650
20240103,09:32:34,2.85,200,114650
20240103,09:32:45,2.9,50,114750
20240103,09:33:01,2.85,200,114750
20240103,09:33:50,2.9,150,114750
20240103,09:34:11,2.9,500,114750
20240103,09:34:17,2.9,1800,114750
20240103,09:34:24,2.9,1800,114750
20240103,09:34:30,2.9,900,114750
20240103,09:36:05,2.85,300,114700
20240103,09:36:11,2.9,5100,114700
20240103,09:36:24,2.95,5700,114700
20240103,09:39:03,2.85,1200,124650
20240103,09:39:38,2.85,50,124650
20240103,09:40:11,2.85,350,124650
20240103,09:40:34,2.95,5000,124650
20240103,09:40:51,2.9,100,124650
20240103,09:41:27,2.95,1850,124650
20240103,09:43:17,2.9,1800,128200
20240103,09:43:45,2.85,50,128200
20240103,09:45:15,2.9,500,126400
20240103,09:45:22,2.9,2350,126400
20240103,09:45:30,2.9,6600,126400
20240103,09:46:14,2.9,250,126400
20240103,09:46:21,2.9,600,126400
20240103,09:48:52,2.9,150,117850
20240103,09:48:59,2.9,250,117850
20240103,09:49:12,2.9,100,117850
20240103,09:49:24,2.9,350,117850
20240103,09:51:04,2.9,50,118050
20240103,09:51:16,2.85,100,118050
20240103,09:51:22,2.85,50,118050
20240103,09:51:59,2.85,50,118050
20240103,09:52:52,2.9,5300,118050
20240103,09:53:33,2.9,200,118050
20240103,09:54:23,2.9,300,123000
20240103,09:54:41,2.9,1000,123000
20240103,09:55:00,2.9,100,123000
20240103,09:55:06,2.9,200,123000
20240103,09:55:32,2.9,100,123000
20240103,09:55:52,2.9,100,123000
20240103,09:55:58,2.9,100,123000
20240103,09:56:05,2.9,100,123000
20240103,09:56:17,2.9,300,123000
20240103,09:56:22,2.9,50,123000
20240103,09:57:11,2.85,200,123000
20240103,09:57:24,2.85,100,123000
20240103,09:57:31,2.85,100,123000
20240103,09:57:37,2.85,100,123000
20240103,09:57:43,2.9,100,123000
20240103,09:57:56,2.85,50,123000
20240103,09:59:20,2.8,100,123000
20240103,09:59:33,2.8,150,123000
20240103,09:59:39,2.8,100,123150
20240103,10:00:05,2.8,800,123150
20240103,10:00:53,2.85,300,123150
20240103,10:01:07,2.85,350,123150
20240103,10:01:14,2.85,200,123150
20240103,10:02:36,2.85,300,123150
20240103,10:02:43,2.85,150,122750
20240103,10:03:38,2.85,650,122750
20240103,10:04:25,2.85,200,122750
20240103,10:04:32,2.8,50,122750
20240103,10:04:45,2.8,50,122750
20240103,10:06:17,2.8,50,122800
20240103,10:06:34,2.85,250,122800
20240103,10:07:04,2.85,50,122800
20240103,10:08:09,2.85,250,122800
20240103,10:08:21,2.85,300,122800
20240103,10:08:27,2.8,100,122800
20240103,10:08:33,2.8,100,122800
20240103,10:09:12,2.75,50,122800
20240103,10:10:45,2.75,250,122800
20240103,10:11:27,2.75,150,122800
20240103,10:11:57,2.75,250,122950
20240103,10:13:12,2.8,200,122950
20240103,10:13:17,2.8,450,122950
20240103,10:13:22,2.8,1000,122950
20240103,10:13:28,2.8,650,122950
20240103,10:13:33,2.8,400,122950
20240103,10:13:56,2.8,100,122950
20240103,10:14:21,2.8,2000,122950
20240103,10:14:31,2.8,2100,122950
20240103,10:14:41,2.8,1650,121250
20240103,10:16:23,2.8,250,121250
20240103,10:17:04,2.75,250,121250
20240103,10:17:09,2.75,150,121250
20240103,10:19:09,2.75,50,119400
20240103,10:19:58,2.75,100,119400
20240103,10:20:12,2.8,300,119400
20240103,10:20:26,2.75,300,119400
20240103,10:20:39,2.75,850,119400
20240103,10:21:00,2.7,250,119050
20240103,10:21:08,2.8,250,119050
20240103,10:22:35,2.75,50,119050
20240103,10:22:50,2.8,250,119050
20240103,10:23:05,2.8,500,119050
20240103,10:23:12,2.8,250,119050
20240103,10:24:07,2.8,250,117800
20240103,10:24:27,2.8,300,117800
20240103,10:25:12,2.85,500,117800
20240103,10:25:47,2.9,500,117800
20240103,10:27:46,2.85,250,117150
20240103,10:28:10,2.85,200,117150
20240103,10:28:33,2.85,300,117150
20240103,10:30:13,2.8,50,117250
20240103,10:30:34,2.8,50,117250
20240103,10:33:39,2.75,5350,117250
20240103,10:34:47,2.75,50,117250
20240103,10:40:13,2.75,1400,112950
20240103,10:40:18,2.8,50,112950
20240103,10:40:23,2.8,100,112950
20240103,10:40:46,2.8,50,112950
20240103,10:45:08,2.9,250,112050
20240103,10:45:37,2.9,250,112050
20240103,10:45:53,2.9,100,112050
20240103,10:47:38,2.9,50,112050
20240103,10:48:11,2.9,600,112050
20240103,10:48:32,2.9,150,112050
20240103,10:49:21,2.9,850,112050
20240103,10:49:49,2.9,150,112050
20240103,10:50:13,2.9,150,112050
20240103,10:52:01,2.9,250,111000
20240103,10:52:41,2.9,2100,111000
20240103,10:53:05,2.9,1000,111000
20240103,10:53:46,2.9,250,110150
20240103,10:54:36,2.85,100,110150
20240103,10:55:39,2.9,250,110150
20240103,10:55:49,2.85,100,110150
20240103,10:56:11,2.85,350,110150
20240103,10:57:00,2.9,100,109350
20240103,10:57:56,2.85,400,109350
20240103,10:58:01,2.85,400,109350
20240103,10:58:05,2.85,500,109350
20240103,10:59:56,2.9,100,108900
20240103,11:02:13,2.9,50,108900
20240103,11:04:00,2.85,500,108800
20240103,11:04:29,2.8,100,108800
20240103,11:05:54,2.8,50,108700
20240103,11:08:10,2.8,100,108700
20240103,11:08:15,2.8,300,108700
20240103,11:08:46,2.75,1050,108250
20240103,11:08:50,2.75,250,108250
20240103,11:09:07,2.7,250,108250
20240103,11:09:18,2.7,350,108250
20240103,11:09:39,2.7,150,108250
20240103,11:10:36,2.75,400,108250
20240103,11:16:03,2.9,150,106950
20240103,11:16:42,2.85,100,106950
20240103,11:17:54,2.85,450,106900
20240103,11:19:04,2.85,250,106900
20240103,11:20:24,2.85,50,106900
20240103,11:21:17,2.8,50,106600
20240103,11:21:58,2.8,50,106600
20240103,11:23:10,2.8,200,106600
20240103,11:23:18,2.8,200,106600
20240103,11:24:11,2.8,250,106500
20240103,11:24:24,2.8,50,106500
20240103,11:25:15,2.8,300,106500
20240103,11:25:38,2.8,50,106500
20240103,11:26:15,2.8,50,106500
20240103,11:27:20,2.8,250,106800
20240103,11:29:21,2.85,2200,106800
20240103,11:29:25,2.85,1050,106800
20240103,11:30:25,2.85,250,109000
20240103,11:33:08,2.85,250,109000
20240103,11:34:36,2.9,250,109000
20240103,11:35:36,2.9,1000,109000
20240103,11:35:44,2.95,1000,109000
20240103,11:35:58,2.9,150,109650
20240103,11:37:52,2.9,50,109650
20240103,11:38:55,2.9,50,109550
20240103,11:44:26,2.9,1200,109550
20240103,11:44:36,2.9,250,109550
20240103,11:44:39,2.9,500,109550
20240103,11:44:42,2.9,1050,109550
20240103,11:47:16,2.9,1200,106550
20240103,11:48:50,2.85,100,105900
20240103,11:49:08,2.85,150,105900
20240103,11:49:43,2.85,50,105900
20240103,11:50:42,2.75,5150,105900
20240103,11:51:59,2.8,50,103500
20240103,11:52:04,2.75,150,103500
20240103,11:54:47,2.7,50,103550
20240103,11:56:22,2.7,150,103550
20240103,11:57:24,2.7,600,103650
20240103,11:57:28,2.7,1800,103650
20240103,11:57:36,2.7,1800,103650
20240103,12:01:05,2.65,100,100750
20240103,12:01:18,2.65,50,100750
20240103,12:05:49,2.6,50,100750
20240103,12:12:26,2.6,1400,100750
20240103,12:12:41,2.55,200,100750
20240103,12:12:53,2.55,1900,100750
20240103,12:13:00,2.55,1100,100750
20240103,12:13:37,2.55,7400,100750
20240103,12:13:45,2.55,700,100750
20240103,12:16:53,2.6,150,108750
20240103,12:17:12,2.6,300,108750
20240103,12:18:24,2.6,12800,108750
20240103,12:20:30,2.65,200,108750
20240103,12:21:53,2.55,2600,121550
20240103,12:22:00,2.6,1900,121550
20240103,12:22:15,2.6,650,121550
20240103,12:22:39,2.55,700,121550
20240103,12:22:57,2.55,1000,121550
20240103,12:24:19,2.55,50,117400
20240103,12:24:26,2.6,500,117400
20240103,12:25:07,2.6,250,117400
20240103,12:25:20,2.5,100,117400
20240103,12:25:31,2.5,250,117400
20240103,12:25:38,2.6,250,117400
20240103,12:25:50,2.6,300,117400
20240103,12:27:07,2.7,50,116300
20240103,12:32:17,2.65,250,116250
20240103,12:32:23,2.65,250,116250
20240103,12:32:56,2.65,500,116250
20240103,12:42:01,2.6,50,115250
20240103,12:44:25,2.65,50,115250
20240103,12:45:49,2.6,50,115250
20240103,12:48:23,2.6,200,115250
20240103,12:49:40,2.6,1800,115250
20240103,12:50:20,2.6,1800,115250
20240103,12:50:58,2.55,250,115250
20240103,12:51:10,2.55,50,117150
20240103,12:53:31,2.5,50,117150
20240103,12:53:35,2.5,100,117150
20240103,12:54:33,2.5,250,117150
20240103,12:54:51,2.5,50,117150
20240103,12:55:47,2.5,250,117150
20240103,12:55:51,2.5,250,117150
20240103,12:56:17,2.5,50,117150
20240103,12:58:09,2.5,50,117150
20240103,12:58:14,2.5,250,117150
20240103,12:58:52,2.5,250,117150
20240103,13:01:14,2.5,50,117150
20240103,13:02:13,2.5,250,117150
20240103,13:02:22,2.55,50,117150
20240103,13:07:41,2.5,1500,117200
20240103,13:09:31,2.5,50,117200
20240103,13:10:14,2.5,1250,117200
20240103,13:11:47,2.45,1800,117200
20240103,13:11:56,2.4,100,117200
20240103,13:12:10,2.4,1700,118850
20240103,13:12:36,2.4,1250,118850
20240103,13:13:32,2.4,250,118850
20240103,13:16:07,2.4,100,118700
20240103,13:16:15,2.4,250,118700
20240103,13:16:23,2.4,100,118700
20240103,13:17:23,2.4,50,118700
20240103,13:21:06,2.35,250,118750
20240103,13:21:14,2.35,250,118950
20240103,13:21:18,2.35,50,118950
20240103,13:24:20,2.35,200,118650
20240103,13:24:35,2.35,200,118650
20240103,13:25:08,2.3,50,118650
20240103,13:26:45,2.25,100,118650
20240103,13:26:49,2.25,200,118650
20240103,13:27:14,2.25,200,118750
20240103,13:27:18,2.25,100,118750
20240103,13:28:23,2.25,750,118750
20240103,13:30:18,2.3,150,118450
20240103,13:30:38,2.3,200,118450
20240103,13:30:56,2.3,200,118450
20240103,13:33:43,2.3,50,118350
20240103,13:34:52,2.35,100,118350
20240103,13:34:59,2.35,1100,118350
20240103,13:35:17,2.35,500,118350
20240103,13:35:36,2.35,200,118350
20240103,13:35:44,2.35,450,118350
20240103,13:35:55,2.35,450,118350
20240103,13:36:02,2.4,550,118350
20240103,13:36:42,2.4,300,117350
20240103,13:37:35,2.4,500,117350
20240103,13:37:39,2.4,200,117350
20240103,13:39:58,2.35,50,117350
20240103,13:40:37,2.35,50,117350
20240103,13:40:42,2.35,250,117350
20240103,13:40:46,2.35,50,117350
20240103,13:41:27,2.35,100,117350
20240103,13:42:47,2.35,1800,117400
20240103,13:42:58,2.3,100,117400
20240103,13:43:28,2.3,150,117400
20240103,13:44:06,2.3,150,117400
20240103,13:45:21,2.35,700,119200
20240103,13:45:50,2.35,1250,119200
20240103,13:46:38,2.35,100,119200
20240103,13:47:28,2.4,250,119200
20240103,13:48:41,2.35,250,119100
20240103,13:50:12,2.35,250,119100
20240103,13:51:43,2.4,1500,119100
20240103,13:54:16,2.35,250,120600
20240103,13:58:58,2.4,1400,120600
20240103,14:00:27,2.4,250,120600
20240103,14:01:13,2.4,150,120600
20240103,14:08:33,2.4,250,120600
20240103,14:08:58,2.4,200,120600
20240103,14:16:36,2.45,100,120400
20240103,14:20:48,2.5,250,120450
20240103,14:20:52,2.55,250,120450
20240103,14:20:56,2.55,1850,120450
20240103,14:21:24,2.5,50,120450
20240103,14:26:51,2.45,50,120450
20240103,14:30:58,2.4,900,120500
20240103,14:31:06,2.4,5100,120500
20240103,14:34:17,2.4,500,120050
20240103,14:35:03,2.35,300,120050
20240103,14:35:07,2.35,100,120050
20240103,14:35:22,2.3,50,120050
20240103,14:36:09,2.25,100,120050
20240103,14:37:28,2.3,150,120400
20240103,14:37:53,2.3,300,120400
20240103,14:38:04,2.3,250,120400
20240103,14:38:11,2.3,350,120400
20240103,14:39:57,2.25,2650,120250
20240103,14:40:04,2.25,1250,120250
20240103,14:40:18,2.25,300,120250
20240103,14:40:25,2.25,250,120250
20240103,14:44:14,2.25,300,119900
20240103,14:45:43,2.3,1800,119900
20240103,14:49:36,2.25,300,121700
20240103,14:50:12,2.2,650,121700
20240103,14:50:15,2.2,50,121700
20240103,14:50:54,2.25,400,121700
20240103,14:50:58,2.2,200,121700
20240103,14:51:07,2.2,250,121700
20240103,14:51:20,2.2,200,121700
20240103,14:52:10,2.25,500,122600
20240103,14:52:15,2.25,500,122600
20240103,14:52:19,2.25,50,122600
20240103,14:52:27,2.25,50,122600
20240103,14:52:32,2.2,200,122600
20240103,14:53:20,2.2,50,122600
20240103,14:55:12,2.2,300,122450
20240103,14:55:16,2.2,1100,122450
20240103,14:57:29,2.15,1550,122450
20240103,14:57:33,2.15,50,122450
20240103,14:58:04,2.15,250,122450
20240103,15:00:16,2.1,1000,122450
20240103,15:00:30,2.1,250,122900
20240103,15:00:36,2.15,500,122900
20240103,15:01:33,2.15,750,122900
20240103,15:01:51,2.15,900,122900
20240103,15:02:19,2.15,50,122900
20240103,15:03:18,2.15,250,122900
20240103,15:03:22,2.1,250,122900
20240103,15:04:42,2.2,1500,123150
20240103,15:04:46,2.2,900,123150
20240103,15:05:14,2.15,1500,123150
20240103,15:06:16,2.1,200,123150
20240103,15:06:22,2.05,400,123300
20240103,15:07:06,2.05,200,123300
20240103,15:07:12,2.05,200,123300
20240103,15:12:56,2.0,50,123900
20240103,15:13:11,2.0,50,123900
20240103,15:15:06,2.0,1000,123900
20240103,15:17:21,2.0,550,124900
20240103,15:17:42,2.0,3550,124900
20240103,15:17:47,2.0,150,124900
20240103,15:17:58,2.0,2850,124900
20240103,15:19:02,1.95,350,131050
20240103,15:20:54,1.95,1800,131050
20240103,15:21:21,1.95,250,131050
20240103,15:21:42,1.95,350,132150
20240103,15:22:00,1.95,50,132150
20240103,15:22:34,1.95,50,132150
20240103,15:22:47,1.95,50,132150
20240103,15:23:31,1.95,750,132150
20240103,15:24:07,1.9,50,132150
20240103,15:24:17,1.9,50,132150
20240103,15:24:28,1.9,50,132450
20240103,15:24:33,1.9,50,132450
20240103,15:26:12,1.9,200,132450
20240103,15:26:36,1.9,700,132450
20240103,15:26:47,1.9,650,132450
20240103,15:26:53,1.9,100,132450
20240103,15:27:05,1.9,650,132450
20240103,15:27:32,1.9,550,131800
20240103,15:27:41,1.85,1000,131800
20240103,15:27:52,1.9,600,131800
20240103,15:28:03,1.85,100,131800
20240103,15:28:22,1.85,200,131800
20240103,15:28:42,1.85,50,131800
20240103,15:28:52,1.85,100,131800
20240103,15:28:58,1.9,100,131800
20240103,15:29:03,1.85,400,131800
20240103,15:29:17,1.85,450,131800
20240103,15:29:22,1.8,200,131800
20240103,15:29:27,1.8,50,131800
20240103,15:29:50,1.8,150,131800
20240104,09:15:08,1.85,1,131800
20240104,09:15:08,1.85,50,131800
20240104,09:15:19,2.4,50,131800
20240104,09:15:33,2.4,50,131800
20240104,09:16:07,1.95,100,131800
20240104,09:16:16,2.0,850,131800
20240104,09:16:24,1.95,150,131800
20240104,09:16:56,1.8,1050,131800
20240104,09:17:10,1.8,4050,131800
20240104,09:17:18,1.75,6200,131800
20240104,09:17:24,1.75,850,131800
20240104,09:17:38,1.8,550,142150
20240104,09:17:47,1.8,50,142150
20240104,09:18:08,1.8,50,142150
20240104,09:18:19,1.8,50,142150
20240104,09:18:26,1.8,100,142150
20240104,09:18:47,1.75,200,142150
20240104,09:19:08,1.75,150,142150
20240104,09:19:16,1.75,50,142150
20240104,09:19:22,1.75,50,142150
20240104,09:19:28,1.75,50,142150
20240104,09:19:56,1.7,3150,142150
20240104,09:20:02,1.7,100,142150
20240104,09:20:08,1.7,50,142150
20240104,09:21:23,1.7,600,145850
20240104,09:21:47,1.7,1000,145850
20240104,09:22:19,1.7,800,145850
20240104,09:22:42,1.7,1000,145850
20240104,09:23:33,1.7,150,145650
20240104,09:24:04,1.7,100,145650
20240104,09:24:10,1.7,100,145650
20240104,09:24:15,1.7,200,145650
20240104,09:24:20,1.7,200,145650
20240104,09:25:11,1.7,850,145650
20240104,09:25:34,1.7,400,145650
20240104,09:25:55,1.65,400,145650
20240104,09:26:06,1.65,50,145650
20240104,09:26:23,1.6,50,145650
20240104,09:27:41,1.6,100,145150
20240104,09:28:07,1.6,750,145150
20240104,09:28:16,1.6,100,145150
20240104,09:30:05,1.6,250,145250
20240104,09:30:13,1.6,50,145250
20240104,09:30:22,1.6,150,145250
20240104,09:32:14,1.6,250,145250
20240104,09:32:22,1.55,3350,145250
20240104,09:32:46,1.55,1600,145700
20240104,09:37:24,1.55,50,145700
20240104,09:39:00,1.55,50,145750
20240104,09:39:08,1.55,50,145750
20240104,09:39:59,1.55,150,145750
20240104,09:40:06,1.55,450,145750
20240104,09:41:05,1.55,500,145750
20240104,09:41:53,1.55,350,146200
20240104,09:42:34,1.55,250,146200
20240104,09:43:14,1.55,100,146200
20240104,09:43:21,1.5,150,146200
20240104,09:43:35,1.5,150,146200
20240104,09:44:26,1.5,150,146200
20240104,09:46:03,1.5,1000,146650
20240104,09:46:18,1.5,2600,146650
20240104,09:46:26,1.5,2500,146650
20240104,09:46:42,1.5,750,146650
20240104,09:47:04,1.5,200,146650
20240104,09:47:55,1.45,5450,152650
20240104,09:48:03,1.45,7200,152650
20240104,09:48:17,1.45,300,152650
20240104,09:48:32,1.45,50,152650
20240104,09:48:41,1.4,100,152650
20240104,09:48:49,1.4,50,152650
20240104,09:48:57,1.45,400,152650
20240104,09:51:51,1.45,200,157250
20240104,09:51:58,1.45,250,157250
20240104,09:52:05,1.45,200,157250
20240104,09:52:11,1.45,200,157250
20240104,09:52:18,1.45,300,157250
20240104,09:53:17,1.45,100,157250
20240104,09:54:01,1.4,200,157000
20240104,09:56:51,1.45,250,157200
20240104,09:57:04,1.45,250,157200
20240104,09:57:29,1.4,150,157200
20240104,09:57:35,1.45,350,157200
20240104,09:58:37,1.45,250,157200
20240104,09:58:59,1.45,200,157200
20240104,10:02:42,1.45,100,157200
20240104,10:02:49,1.4,1800,157200
20240104,10:03:14,1.4,650,157200
20240104,10:04:57,1.4,50,157200
20240104,10:05:06,1.4,500,157200
20240104,10:05:15,1.4,50,157200
20240104,10:05:23,1.4,100,157200
20240104,10:05:31,1.4,50,157200
20240104,10:05:47,1.4,6050,156550
20240104,10:05:54,1.35,500,156550
20240104,10:06:45,1.35,2450,156550
20240104,10:06:52,1.35,50,156550
20240104,10:09:05,1.35,1150,161750
20240104,10:11:08,1.3,1650,161750
20240104,10:14:28,1.3,500,163400
20240104,10:14:42,1.35,50,162950
20240104,10:14:57,1.35,50,162950
20240104,10:15:28,1.35,1000,162950
20240104,10:16:35,1.3,400,162950
20240104,10:16:42,1.35,800,162950
20240104,10:16:50,1.35,800,162950
20240104,10:19:27,1.35,250,161850
20240104,10:20:04,1.35,600,161850
20240104,10:20:11,1.35,50,161850
20240104,10:20:58,1.35,200,162000
20240104,10:21:16,1.35,800,162000
20240104,10:21:26,1.35,50,162000
20240104,10:21:34,1.35,200,162000
20240104,10:21:43,1.35,100,162000
20240104,10:23:37,1.3,100,162000
20240104,10:27:24,1.3,250,161100
20240104,10:30:03,1.35,100,161100
20240104,10:30:46,1.3,50,161100
20240104,10:30:53,1.3,50,161100
20240104,10:34:58,1.3,250,161200
20240104,10:35:36,1.3,250,161200
20240104,10:38:10,1.3,5000,161200
20240104,10:38:16,1.3,7850,161200
20240104,10:38:22,1.3,50,161200
20240104,10:38:43,1.3,4000,173300
20240104,10:43:16,1.3,200,169300
20240104,10:43:38,1.25,250,169300
20240104,10:44:39,1.25,200,169250
20240104,10:44:54,1.3,200,169250
20240104,10:45:04,1.3,400,169250
20240104,10:45:09,1.3,2400,169250
20240104,10:45:15,1.3,300,169250
20240104,10:47:53,1.25,1800,168550
20240104,10:48:03,1.25,800,168550
20240104,10:49:48,1.3,1700,168550
20240104,10:49:54,1.3,200,168550
20240104,10:53:18,1.3,1400,166850
20240104,11:00:13,1.35,2600,165700
20240104,11:00:41,1.35,1450,165700
20240104,11:00:48,1.35,500,165700
20240104,11:04:55,1.35,150,165150
20240104,11:07:07,1.35,750,165150
20240104,11:12:54,1.35,250,165300
20240104,11:13:48,1.35,250,165300
20240104,11:14:29,1.35,250,165300
20240104,11:14:37,1.35,350,165300
20240104,11:14:55,1.35,300,165250
20240104,11:17:23,1.35,800,165250
20240104,11:18:36,1.35,250,165250
20240104,11:19:00,1.35,250,165250
20240104,11:24:24,1.35,100,165250
20240104,11:37:17,1.35,50,165350
20240104,11:37:55,1.35,250,165350
20240104,11:38:03,1.35,100,165350
20240104,11:38:12,1.35,300,165350
20240104,11:39:17,1.35,50,165800
20240104,11:42:12,1.3,50,165800
20240104,11:50:23,1.35,450,165800
20240104,12:01:18,1.35,300,165800
20240104,12:01:27,1.35,250,165800
20240104,12:01:31,1.35,550,165800
20240104,12:02:51,1.35,250,165250
20240104,12:04:20,1.35,100,165250
20240104,12:09:02,1.4,500,165050
20240104,12:17:16,1.35,250,165050
20240104,12:17:58,1.35,150,165150
20240104,12:21:01,1.35,250,165150
20240104,12:21:56,1.35,250,165150
20240104,12:24:59,1.35,50,165650
20240104,12:25:21,1.35,50,165650
20240104,12:26:25,1.35,150,165650
20240104,12:26:32,1.35,100,165650
20240104,12:26:46,1.35,100,165650
20240104,12:26:53,1.35,50,165650
20240104,12:27:00,1.35,100,165650
20240104,12:27:14,1.35,100,165650
20240104,12:30:53,1.3,50,165650
20240104,12:33:41,1.3,1000,165600
20240104,12:33:53,1.3,100,165600
20240104,12:34:52,1.3,900,165600
20240104,12:35:12,1.3,400,165600
20240104,12:36:49,1.3,200,166950
20240104,12:41:22,1.3,250,167150
20240104,12:42:05,1.3,50,167150
20240104,12:43:45,1.3,150,167150
20240104,12:45:33,1.3,50,167200
20240104,12:47:32,1.3,200,167200
20240104,12:47:40,1.3,50,167200
20240104,12:47:55,1.3,50,167200
20240104,12:48:48,1.25,150,167400
20240104,12:51:39,1.3,150,167300
20240104,12:58:52,1.25,50,167450
20240104,12:59:24,1.3,100,167450
20240104,12:59:42,1.3,100,167450
20240104,12:59:48,1.3,200,167450
20240104,13:00:29,1.3,400,167450
20240104,13:00:54,1.3,50,167800
20240104,13:01:16,1.3,2950,167800
20240104,13:03:48,1.35,250,167800
20240104,13:05:02,1.3,250,166700
20240104,13:05:48,1.35,950,166700
20240104,13:06:01,1.35,100,167600
20240104,13:08:43,1.3,150,167600
20240104,13:11:43,1.3,50,167450
20240104,13:12:05,1.35,600,167400
20240104,13:17:23,1.3,100,167050
20240104,13:18:10,1.35,250,166950
20240104,13:24:48,1.3,1800,166950
20240104,13:25:08,1.3,200,166950
20240104,13:28:20,1.35,50,168350
20240104,13:28:26,1.35,200,168350
20240104,13:28:31,1.35,250,168350
20240104,13:28:40,1.35,150,168350
20240104,13:28:44,1.35,50,168350
20240104,13:28:52,1.35,50,168350
20240104,13:28:56,1.35,50,168350
20240104,13:29:01,1.35,150,168350
20240104,13:29:05,1.35,50,168350
20240104,13:29:10,1.35,300,168350
20240104,13:29:18,1.35,100,168350
20240104,13:29:22,1.35,150,168350
20240104,13:29:26,1.35,150,168350
20240104,13:29:29,1.35,50,168350
20240104,13:29:37,1.35,100,168350
20240104,13:29:43,1.35,200,168350
20240104,13:29:52,1.35,100,168350
20240104,13:29:57,1.35,50,168350
20240104,13:30:02,1.35,250,170550
20240104,13:30:15,1.35,100,170550
20240104,13:30:21,1.35,150,170550
20240104,13:30:28,1.35,150,170550
20240104,13:30:35,1.35,450,170550
20240104,13:30:40,1.35,350,170550
20240104,13:30:46,1.4,300,170550
20240104,13:30:51,1.4,100,170550
20240104,13:30:56,1.4,200,170550
20240104,13:31:01,1.4,200,170550
20240104,13:31:32,1.35,2000,170550
20240104,13:31:36,1.35,1200,170550
20240104,13:32:09,1.35,50,170550
20240104,13:42:30,1.35,1000,170200
20240104,13:42:44,1.3,1200,170200
20240104,13:43:11,1.3,150,170200
20240104,13:44:25,1.25,3400,170200
20240104,13:44:31,1.35,13850,170200
20240104,13:44:37,1.35,1700,170200
20240104,13:44:49,1.35,1800,170200
20240104,13:53:42,1.3,350,168250
20240104,13:55:02,1.3,250,168250
20240104,13:55:42,1.35,50,168250
20240104,13:58:19,1.3,150,168550
20240104,13:58:29,1.3,50,168550
20240104,13:58:34,1.3,50,168550
20240104,13:58:39,1.3,400,168550
20240104,13:58:46,1.3,150,168550
20240104,14:02:03,1.3,50,168850
20240104,14:02:41,1.35,250,168850
20240104,14:02:48,1.35,400,168850
20240104,14:02:55,1.35,1350,168850
20240104,14:03:02,1.35,300,168850
20240104,14:03:16,1.4,1800,170950
20240104,14:04:04,1.4,50,170950
20240104,14:04:17,1.4,2050,170950
20240104,14:05:10,1.35,10150,170950
20240104,14:05:25,1.4,4200,170950
20240104,14:05:39,1.4,5550,170950
20240104,14:05:45,1.4,3600,170950
20240104,14:05:51,1.4,150,170950
20240104,14:05:56,1.4,300,170950
20240104,14:06:02,1.4,300,170950
20240104,14:06:07,1.4,100,170950
20240104,14:06:13,1.4,100,167900
20240104,14:06:24,1.4,100,167900
20240104,14:06:29,1.4,100,167900
20240104,14:06:34,1.4,100,167900
20240104,14:06:46,1.4,300,167900
20240104,14:06:57,1.4,100,167900
20240104,14:07:03,1.4,300,167900
20240104,14:10:07,1.4,50,167900
20240104,14:10:20,1.35,300,167900
20240104,14:11:04,1.35,750,167900
20240104,14:11:25,1.35,250,167900
20240104,14:11:31,1.35,250,167900
20240104,14:11:36,1.35,1800,167900
20240104,14:11:42,1.35,50,167900
20240104,14:12:06,1.35,1500,167400
20240104,14:12:11,1.35,2100,167400
20240104,14:12:53,1.35,1600,167400
20240104,14:15:03,1.35,300,167400
20240104,14:15:07,1.35,650,168050
20240104,14:15:31,1.35,3000,168050
20240104,14:15:59,1.35,1700,168050
20240104,14:16:37,1.35,1800,168050
20240104,14:16:42,1.35,450,168050
20240104,14:16:46,1.35,2950,168050
20240104,14:17:10,1.4,2450,168050
20240104,14:17:19,1.4,1800,168050
20240104,14:17:46,1.35,1800,168050
20240104,14:18:05,1.4,500,168050
20240104,14:18:14,1.4,5300,167900
20240104,14:18:33,1.4,450,167900
20240104,14:19:01,1.45,2500,167900
20240104,14:19:19,1.5,5200,167900
20240104,14:20:28,1.4,2000,167900
20240104,14:20:36,1.4,1000,167900
20240104,14:20:54,1.4,100,167900
20240104,14:21:08,1.4,100,167900
20240104,14:21:23,1.4,1750,170150
20240104,14:21:33,1.4,16050,170150
20240104,14:21:42,1.4,250,170150
20240104,14:21:47,1.4,200,170150
20240104,14:25:00,1.35,750,184050
20240104,14:25:08,1.35,10500,184050
20240104,14:25:12,1.35,5250,184050
20240104,14:25:55,1.35,300,184050
20240104,14:26:50,1.3,2800,184050
20240104,14:28:08,1.3,5800,196800
20240104,14:28:43,1.25,100,196800
20240104,14:30:23,1.3,50,202600
20240104,14:30:28,1.3,50,202600
20240104,14:32:05,1.3,1800,202600
20240104,14:32:11,1.3,4050,202600
20240104,14:32:23,1.3,3150,202600
20240104,14:32:33,1.3,150,202600
20240104,14:33:39,1.3,50,197800
20240104,14:35:25,1.3,1000,197800
20240104,14:35:29,1.3,3000,197800
20240104,14:35:33,1.3,4000,197800
20240104,14:35:37,1.3,3450,197800
20240104,14:36:16,1.3,100,198500
20240104,14:40:28,1.3,250,198550
20240104,14:44:04,1.25,150,198800
20240104,14:44:11,1.25,150,198800
20240104,14:50:44,1.3,50,198650
20240104,14:52:59,1.3,1650,198650
20240104,14:54:22,1.3,50,197750
20240104,14:54:42,1.3,50,197750
20240104,14:57:05,1.3,150,197750
20240104,14:58:30,1.3,500,198000
20240104,14:58:50,1.25,50,198000
20240104,14:58:59,1.25,1800,198000
20240104,14:59:03,1.25,1800,198000
20240104,14:59:08,1.25,3600,198000
20240104,14:59:57,1.3,100,198000
20240104,15:01:42,1.25,1800,197950
20240104,15:02:12,1.3,50,197950
20240104,15:02:32,1.3,150,197950
20240104,15:02:59,1.3,150,197950
20240104,15:03:04,1.3,100,197950
20240104,15:03:10,1.3,150,197950
20240104,15:03:15,1.3,150,200350
20240104,15:03:27,1.3,50,200350
20240104,15:03:38,1.3,150,200350
20240104,15:04:25,1.3,50,200350
20240104,15:04:56,1.25,150,200350
20240104,15:05:36,1.25,50,200350
20240104,15:06:17,1.3,3000,200500
20240104,15:06:24,1.3,250,200500
20240104,15:06:30,1.3,1850,200500
20240104,15:06:36,1.3,250,200500
20240104,15:06:45,1.35,2050,200500
20240104,15:06:55,1.3,1100,200500
20240104,15:07:04,1.3,1650,200500
20240104,15:07:13,1.3,2900,200500
20240104,15:07:23,1.3,200,200500
20240104,15:07:49,1.3,3550,200500
20240104,15:08:07,1.3,3600,200500
20240104,15:11:09,1.25,600,201700
20240104,15:11:16,1.25,1300,201700
20240104,15:11:36,1.25,1800,201700
20240104,15:11:56,1.3,1500,201700
20240104,15:12:02,1.25,1500,201700
20240104,15:12:08,1.25,1250,201700
20240104,15:12:15,1.25,1100,201700
20240104,15:12:22,1.3,1800,208000
20240104,15:12:28,1.3,14400,208000
20240104,15:12:35,1.3,5450,208000
20240104,15:12:53,1.3,1800,208000
20240104,15:13:02,1.3,5550,208000
20240104,15:13:12,1.3,1600,208000
20240104,15:13:22,1.3,50,208000
20240104,15:14:06,1.3,1150,208000
20240104,15:14:13,1.25,400,208000
20240104,15:14:26,1.3,250,208000
20240104,15:15:03,1.25,1300,208000
20240104,15:15:39,1.3,1350,222400
20240104,15:15:59,1.25,2550,222400
20240104,15:16:08,1.25,1000,222400
20240104,15:16:17,1.25,1700,222400
20240104,15:16:26,1.25,2000,222400
20240104,15:16:35,1.3,200,222400
20240104,15:16:43,1.3,900,222400
20240104,15:16:51,1.3,900,222400
20240104,15:17:00,1.25,1150,222400
20240104,15:17:08,1.25,2600,222400
20240104,15:17:14,1.2,500,222400
20240104,15:17:31,1.2,1000,222400
20240104,15:17:37,1.2,100,222400
20240104,15:17:44,1.2,1000,222400
20240104,15:17:52,1.2,500,222400
20240104,15:18:25,1.2,1950,226250
20240104,15:18:33,1.2,1700,226250
20240104,15:18:58,1.2,100,226250
20240104,15:19:16,1.15,100,226250
20240104,15:19:42,1.15,50,226250
20240104,15:19:50,1.2,150,226250
20240104,15:20:44,1.2,2600,226250
20240104,15:20:53,1.2,850,226250
20240104,15:21:01,1.2,300,226250
20240104,15:21:36,1.2,850,227950
20240104,15:21:54,1.2,1850,227950
20240104,15:22:12,1.2,1000,227950
20240104,15:22:20,1.15,150,227950
20240104,15:22:43,1.2,1000,227950
20240104,15:23:24,1.2,200,227950
20240104,15:25:02,1.2,50,227800
20240104,15:25:29,1.2,500,227800
20240104,15:25:48,1.15,500,227800
20240104,15:25:58,1.2,5400,227800
20240104,15:26:33,1.2,2300,227800
20240104,15:27:41,1.15,1300,221300
20240104,15:28:48,1.15,500,221300
20240104,15:29:03,1.15,500,221300
20240104,15:29:49,1.15,5750,221300
20240104,15:29:58,1.15,200,221300
20240105,09:15:01,0.9,1,221800
20240105,09:15:01,0.9,100,221800
20240105,09:15:02,1.25,350,221800
20240105,09:15:03,1.25,100,221800
20240105,09:15:04,1.2,600,221800
20240105,09:15:05,1.25,900,221800
20240105,09:15:06,1.25,600,221800
20240105,09:15:07,1.2,450,221800
20240105,09:15:09,1.15,200,221800
20240105,09:15:10,1.2,100,221800
20240105,09:15:16,1.1,50,221800
20240105,09:15:21,1.05,1800,221800
20240105,09:15:25,1.1,50,221800
20240105,09:15:30,1.1,50,221800
20240105,09:15:31,1.1,100,221800
20240105,09:15:32,1.05,1450,221800
20240105,09:16:00,1.1,2300,221800
20240105,09:16:02,1.1,900,221800
20240105,09:16:03,1.05,2700,221800
20240105,09:16:04,1.05,3050,221800
20240105,09:16:05,1.05,1100,221800
20240105,09:16:07,1.05,400,221800
20240105,09:16:09,1.05,250,221800
20240105,09:16:10,1.05,1100,221800
20240105,09:16:12,1.05,250,221800
20240105,09:16:13,1.05,1050,221800
20240105,09:16:14,1.0,500,221800
20240105,09:16:18,1.05,500,221800
20240105,09:16:20,1.05,500,221800
20240105,09:16:21,1.05,1800,221800
20240105,09:16:30,1.05,500,221800
20240105,09:17:01,1.05,1150,221800
20240105,09:17:22,1.05,300,230350
20240105,09:17:24,1.05,100,230350
20240105,09:17:37,1.0,50,230350
20240105,09:17:43,1.05,50,230350
20240105,09:17:51,1.05,50,230350
20240105,09:17:56,1.0,1850,230350
20240105,09:18:00,1.0,1700,230350
20240105,09:18:02,1.0,2300,230350
20240105,09:18:08,1.0,100,230350
20240105,09:18:11,1.0,1500,230350
20240105,09:18:17,1.05,550,230350
20240105,09:18:26,1.0,1250,230350
20240105,09:18:26,1.0,1750,230350
20240105,09:18:48,0.95,50,230350
20240105,09:18:57,1.0,900,230350
20240105,09:18:59,1.0,150,230350
20240105,09:19:01,1.0,400,230350
20240105,09:19:04,0.95,100,230350
20240105,09:19:09,0.95,50,230350
20240105,09:19:21,0.95,100,230350
20240105,09:19:38,1.0,1350,230350
20240105,09:19:55,1.0,50,230350
20240105,09:20:00,1.0,50,230350
20240105,09:20:01,1.0,1650,230350
20240105,09:20:02,1.0,550,230350
20240105,09:20:03,1.0,550,230350
20240105,09:20:04,1.0,750,230350
20240105,09:20:05,1.0,650,230350
20240105,09:20:06,1.0,6950,230350
20240105,09:20:07,1.0,650,230350
20240105,09:20:09,1.0,10800,230350
20240105,09:20:10,1.0,3750,230350
20240105,09:20:11,1.0,4500,230350
20240105,09:20:32,1.05,50,245150
20240105,09:20:33,1.05,50,245150
20240105,09:20:34,1.05,50,245150
20240105,09:20:35,1.05,50,245150
20240105,09:20:36,1.05,50,245150
20240105,09:20:37,1.05,50,245150
20240105,09:20:38,1.05,50,245150
20240105,09:20:39,1.05,50,245150
20240105,09:20:40,1.05,50,245150
20240105,09:20:41,1.05,50,245150
20240105,09:20:42,1.05,50,245150
20240105,09:20:43,1.05,50,245150
20240105,09:20:44,1.05,50,245150
20240105,09:20:45,1.05,50,245150
20240105,09:20:46,1.05,50,245150
20240105,09:20:47,1.05,50,245150
20240105,09:20:48,1.05,50,245150
20240105,09:20:49,1.05,50,245150
20240105,09:20:50,1.05,50,245150
20240105,09:20:51,1.05,100,245150
20240105,09:20:52,1.05,50,245150
20240105,09:20:53,1.05,50,245150
20240105,09:20:54,1.05,50,245150
20240105,09:20:55,1.05,50,245150
20240105,09:20:56,1.05,50,245150
20240105,09:20:57,1.05,50,245150
20240105,09:20:58,1.05,200,245150
20240105,09:20:59,1.05,200,245150
20240105,09:21:00,1.05,200,245150
20240105,09:21:01,1.05,200,245150
20240105,09:21:03,1.05,50,245150
20240105,09:21:04,1.05,50,245150
20240105,09:21:05,1.05,150,245150
20240105,09:21:07,1.05,50,245150
20240105,09:21:08,1.05,50,245150
20240105,09:21:09,1.05,50,245150
20240105,09:21:10,1.05,150,245150
20240105,09:21:11,1.05,50,245150
20240105,09:21:12,1.05,50,245150
20240105,09:21:13,1.05,50,245150
20240105,09:21:14,1.05,150,245150
20240105,09:21:15,1.05,50,245150
20240105,09:21:16,1.05,150,245150
20240105,09:21:17,1.05,50,245150
20240105,09:21:18,1.05,50,245150
20240105,09:21:19,1.05,200,245150
20240105,09:21:20,1.05,2000,245150
20240105,09:21:21,1.0,1150,245150
20240105,09:21:23,1.05,1800,245150
20240105,09:21:26,1.05,50,245150
20240105,09:21:27,1.05,50,245150
20240105,09:21:28,1.05,50,245150
20240105,09:21:29,1.05,50,245150
20240105,09:21:29,1.05,1800,245150
20240105,09:21:30,1.05,3650,245150
20240105,09:21:31,1.05,50,245150
20240105,09:21:32,1.05,12650,245150
20240105,09:21:33,1.05,5900,245150
20240105,09:21:34,1.1,50,245150
20240105,09:21:35,1.1,50,245150
20240105,09:21:36,1.1,50,245150
20240105,09:21:38,1.1,1150,245150
20240105,09:21:39,1.1,300,245150
20240105,09:21:40,1.1,50,245150
20240105,09:21:41,1.1,50,245150
20240105,09:21:42,1.1,50,245150
20240105,09:21:43,1.1,50,245150
20240105,09:21:44,1.1,50,245150
20240105,09:21:45,1.1,50,245150
20240105,09:21:47,1.1,100,245150
20240105,09:21:48,1.1,50,245150
20240105,09:21:49,1.1,50,245150
20240105,09:21:50,1.1,50,245150
20240105,09:21:51,1.1,50,245150
20240105,09:21:52,1.1,50,245150
20240105,09:21:53,1.1,50,245150
20240105,09:21:54,1.1,50,245150
20240105,09:21:55,1.1,50,245150
20240105,09:21:56,1.1,50,245150
20240105,09:21:57,1.1,50,245150
20240105,09:21:58,1.1,200,245150
20240105,09:21:59,1.1,200,245150
20240105,09:22:00,1.1,200,245150
20240105,09:22:01,1.05,50,245150
20240105,09:22:03,1.1,50,245150
20240105,09:22:04,1.1,50,245150
20240105,09:22:05,1.1,50,245150
20240105,09:22:06,1.1,50,245150
20240105,09:22:07,1.1,50,245150
20240105,09:22:08,1.1,50,245150
20240105,09:22:09,1.1,50,245150
20240105,09:22:10,1.1,50,245150
20240105,09:22:11,1.1,50,245150
20240105,09:22:12,1.1,50,245150
20240105,09:22:13,1.1,50,245150
20240105,09:22:14,1.1,50,245150
20240105,09:22:15,1.1,100,245150
20240105,09:22:17,1.1,100,245150
20240105,09:22:18,1.1,50,245150
20240105,09:22:19,1.1,50,245150
20240105,09:22:20,1.1,50,245150
20240105,09:22:21,1.1,50,245150
20240105,09:22:22,1.1,50,245150
20240105,09:22:23,1.1,50,245150
20240105,09:22:24,1.1,50,245150
20240105,09:22:25,1.1,50,245150
20240105,09:22:26,1.1,200,245150
20240105,09:22:27,1.1,300,245150
20240105,09:22:28,1.1,300,245150
20240105,09:22:31,1.1,550,245150
20240105,09:22:33,1.1,50,245150
20240105,09:22:34,1.1,50,245150
20240105,09:22:35,1.1,50,245150
20240105,09:22:38,1.1,300,245150
20240105,09:22:40,1.05,50,245150
20240105,09:22:41,1.1,50,245150
20240105,09:22:42,1.1,50,245150
20240105,09:22:43,1.1,50,245150
20240105,09:22:44,1.1,50,245150
20240105,09:22:45,1.1,50,245150
20240105,09:22:47,1.1,100,245150
20240105,09:22:48,1.1,50,245150
20240105,09:22:49,1.1,50,245150
20240105,09:22:50,1.1,50,245150
20240105,09:22:51,1.1,50,245150
20240105,09:22:52,1.1,50,245150
20240105,09:22:54,1.1,250,245150
20240105,09:22:55,1.1,200,245150
20240105,09:22:56,1.1,200,245150
20240105,09:22:57,1.1,200,245150
20240105,09:22:58,1.1,1400,245150
20240105,09:23:00,1.1,150,245150
20240105,09:23:01,1.1,50,245150
20240105,09:23:02,1.1,200,245150
20240105,09:23:03,1.1,550,245150
20240105,09:23:04,1.1,300,245150
20240105,09:23:05,1.1,50,245150
20240105,09:23:06,1.1,50,245150
20240105,09:23:08,1.1,100,245150
20240105,09:23:09,1.1,50,245150
20240105,09:23:10,1.1,50,245150
20240105,09:23:11,1.1,200,245150
20240105,09:23:12,1.1,200,245150
20240105,09:23:13,1.1,200,245150
20240105,09:23:14,1.1,1850,245150
20240105,09:23:15,1.1,50,245150
20240105,09:23:16,1.1,50,261750
20240105,09:23:18,1.1,100,261750
20240105,09:23:19,1.1,50,261750
20240105,09:23:20,1.1,50,261750
20240105,09:23:21,1.1,50,261750
20240105,09:23:22,1.1,200,261750
20240105,09:23:23,1.1,200,261750
20240105,09:23:24,1.1,200,261750
20240105,09:23:26,1.1,100,261750
20240105,09:23:27,1.1,50,261750
20240105,09:23:28,1.1,50,261750
20240105,09:23:29,1.1,50,261750
20240105,09:23:30,1.1,50,261750
20240105,09:23:31,1.1,50,261750
20240105,09:23:32,1.1,50,261750
20240105,09:23:33,1.1,50,261750
20240105,09:23:34,1.1,50,261750
20240105,09:23:35,1.1,50,261750
20240105,09:23:36,1.1,50,261750
20240105,09:23:37,1.1,50,261750
20240105,09:23:38,1.1,50,261750
20240105,09:23:39,1.1,200,261750
20240105,09:23:40,1.1,200,261750
20240105,09:23:41,1.1,250,261750
20240105,09:23:43,1.1,50,261750
20240105,09:23:44,1.1,50,261750
20240105,09:23:45,1.1,50,261750
20240105,09:23:46,1.1,50,261750
20240105,09:23:47,1.1,50,261750
20240105,09:23:49,1.1,100,261750
20240105,09:23:50,1.1,50,261750
20240105,09:23:51,1.1,50,261750
20240105,09:23:52,1.1,1850,261750
20240105,09:23:53,1.1,100,261750
20240105,09:23:54,1.1,200,261750
20240105,09:23:55,1.1,200,261750
20240105,09:23:57,1.1,200,261750
20240105,09:23:58,1.1,1800,261750
20240105,09:23:59,1.1,1850,261750
20240105,09:24:00,1.1,50,261750
20240105,09:24:01,1.1,100,261750
20240105,09:24:02,1.1,50,261750
20240105,09:24:03,1.1,50,261750
20240105,09:24:05,1.1,100,261750
20240105,09:24:06,1.1,50,261750
20240105,09:24:07,1.1,50,261750
20240105,09:24:08,1.1,3650,261750
20240105,09:24:09,1.15,9800,261750
20240105,09:24:10,1.15,50,261750
20240105,09:24:11,1.15,50,261750
20240105,09:24:12,1.15,50,261750
20240105,09:24:13,1.15,50,261750
20240105,09:24:14,1.15,50,261750
20240105,09:24:15,1.15,50,261750
20240105,09:24:16,1.1,400,261750
20240105,09:24:17,1.15,50,261750
20240105,09:24:18,1.15,50,261750
20240105,09:24:19,1.15,50,261750
20240105,09:24:21,1.15,100,261750
20240105,09:24:22,1.15,50,261750
20240105,09:24:23,1.15,50,261750
20240105,09:24:24,1.15,50,261750
20240105,09:24:25,1.15,50,261750
20240105,09:24:26,1.1,5450,261750
20240105,09:24:27,1.15,50,261750
20240105,09:24:28,1.15,50,261750
20240105,09:24:29,1.15,50,261750
20240105,09:24:30,1.15,50,261750
20240105,09:24:30,1.1,1300,261750
20240105,09:24:31,1.15,50,261750
20240105,09:24:32,1.15,50,261750
20240105,09:24:33,1.15,50,261750
20240105,09:24:34,1.15,50,261750
20240105,09:24:36,1.15,100,261750
20240105,09:24:37,1.15,200,261750
20240105,09:24:38,1.15,200,261750
20240105,09:24:39,1.15,200,261750
20240105,09:24:43,1.1,18000,261750
20240105,09:24:44,1.1,7250,261750
20240105,09:24:44,1.1,1800,261750
20240105,09:24:45,1.15,50,261750
20240105,09:24:46,1.15,50,261750
20240105,09:24:48,1.15,50,261750
20240105,09:24:51,1.15,50,261750
20240105,09:24:57,1.15,50,261750
20240105,09:24:58,1.15,50,261750
20240105,09:24:59,1.15,50,261750
20240105,09:25:01,1.15,100,261750
20240105,09:25:02,1.15,1000,261750
20240105,09:25:03,1.15,300,261750
20240105,09:25:04,1.15,50,261750
20240105,09:25:05,1.1,150,261750
20240105,09:25:06,1.15,800,261750
20240105,09:25:07,1.15,50,261750
20240105,09:25:08,1.15,4250,261750
20240105,09:25:09,1.2,17350,261750
20240105,09:25:11,1.2,350,261750
20240105,09:25:12,1.2,50,261750
20240105,09:25:13,1.2,100,261750
20240105,09:25:14,1.2,50,261750
20240105,09:25:15,1.2,50,261750
20240105,09:25:16,1.2,200,261750
20240105,09:25:17,1.2,200,261750
20240105,09:25:18,1.2,200,261750
20240105,09:25:21,1.2,50,261750
20240105,09:25:26,1.15,1800,261750
20240105,09:25:27,1.2,50,261750
20240105,09:25:28,1.2,50,261750
20240105,09:25:34,1.2,50,261750
20240105,09:25:35,1.15,750,261750
20240105,09:25:41,1.15,250,261750
20240105,09:25:42,1.2,50,261750
20240105,09:25:43,1.2,50,261750
20240105,09:25:45,1.2,50,261750
20240105,09:25:46,1.2,50,261750
20240105,09:25:50,1.2,50,261750
20240105,09:25:51,1.15,300,261750
20240105,09:25:52,1.2,50,261750
20240105,09:25:53,1.15,550,261750
20240105,09:25:55,1.15,300,261750
20240105,09:25:56,1.2,50,261750
20240105,09:25:57,1.2,50,261750
20240105,09:25:58,1.2,50,261750
20240105,09:25:59,1.2,50,261750
20240105,09:26:00,1.2,50,261750
20240105,09:26:01,1.2,50,261750
20240105,09:26:02,1.2,50,261750
20240105,09:26:03,1.2,50,261750
20240105,09:26:04,1.2,50,261750
20240105,09:26:05,1.15,1300,261750
20240105,09:26:06,1.2,50,261750
20240105,09:26:07,1.2,1850,261750
20240105,09:26:08,1.2,300,261750
20240105,09:26:09,1.2,800,261750
20240105,09:26:10,1.2,50,261750
20240105,09:26:11,1.2,250,261750
20240105,09:26:12,1.2,50,261750
20240105,09:26:13,1.2,50,261750
20240105,09:26:14,1.2,50,261750
20240105,09:26:15,1.2,50,261750
20240105,09:26:16,1.2,50,261750
20240105,09:26:17,1.2,50,272050
20240105,09:26:18,1.2,50,272050
20240105,09:26:19,1.2,50,272050
20240105,09:26:20,1.2,50,272050
20240105,09:26:27,1.15,750,272050
20240105,09:26:29,1.2,50,272050
20240105,09:26:37,1.2,50,272050
20240105,09:26:43,1.15,250,272050
20240105,09:27:21,1.15,200,272050
20240105,09:27:30,1.15,18300,272050
20240105,09:27:35,1.15,50,272050
20240105,09:27:37,1.15,50,272050
20240105,09:27:40,1.15,50,272050
20240105,09:27:43,1.15,600,272050
20240105,09:27:50,1.15,50,272050
20240105,09:28:13,1.1,900,272050
20240105,09:28:15,1.1,1800,272050
20240105,09:28:20,1.1,250,272050
20240105,09:28:35,1.1,50,272050
20240105,09:28:36,1.15,50,272050
20240105,09:28:47,1.1,250,272050
20240105,09:28:53,1.1,50,272050
20240105,09:28:58,1.1,150,272050
20240105,09:29:01,1.1,1800,272050
20240105,09:29:02,1.1,1800,272050
20240105,09:29:04,1.1,1850,272050
20240105,09:29:31,1.15,1850,258250
20240105,09:29:57,1.1,1050,258250
20240105,09:30:04,1.15,1000,258250
20240105,09:30:19,1.1,1800,258250
20240105,09:30:23,1.15,50,258250
20240105,09:30:24,1.1,1800,258250
20240105,09:30:29,1.1,1750,258250
20240105,09:30:43,1.1,50,258250
20240105,09:30:50,1.1,250,258250
20240105,09:30:53,1.1,250,258250
20240105,09:30:55,1.1,250,258250
20240105,09:31:06,1.1,1000,258250
20240105,09:31:08,1.1,3600,258250
20240105,09:31:11,1.05,100,258250
20240105,09:31:27,1.1,50,258250
20240105,09:31:43,1.05,1000,258250
20240105,09:31:48,1.05,2150,258250
20240105,09:31:49,1.05,3600,258250
20240105,09:31:52,1.05,300,258250
20240105,09:31:53,1.05,1800,258250
20240105,09:32:37,1.05,3600,257300
20240105,09:32:37,1.05,4850,257300
20240105,09:33:09,1.05,100,257300
20240105,09:33:10,1.05,100,257300
20240105,09:34:01,1.05,100,257300
20240105,09:34:21,1.0,150,257300
20240105,09:34:22,1.0,50,257300
20240105,09:34:23,1.0,50,257300
20240105,09:34:24,1.0,50,257300
20240105,09:34:25,1.0,50,257300
20240105,09:34:26,1.0,50,257300
20240105,09:34:27,1.0,50,257300
20240105,09:34:28,1.0,200,257300
20240105,09:34:29,1.0,200,257300
20240105,09:34:30,1.0,200,257300
20240105,09:34:33,1.0,50,257300
20240105,09:34:34,1.0,50,257300
20240105,09:34:35,1.0,50,257300
20240105,09:34:36,1.0,50,257300
20240105,09:34:37,1.0,50,257300
20240105,09:34:38,1.0,50,257300
20240105,09:34:39,1.0,50,257300
20240105,09:34:40,1.0,50,257300
20240105,09:34:41,1.0,28350,257300
20240105,09:34:42,0.95,50,257300
20240105,09:34:43,1.0,100,257300
20240105,09:34:44,0.95,50,257300
20240105,09:34:45,1.0,36850,257300
20240105,09:34:50,1.05,50,257300
20240105,09:34:56,1.0,50,257300
20240105,09:35:06,1.05,4700,257300
20240105,09:35:10,1.0,20000,257300
20240105,09:35:21,1.05,50,283150
20240105,09:35:24,1.0,50,283150
20240105,09:35:27,1.0,20000,283150
20240105,09:35:29,1.0,9500,283150
20240105,09:35:48,1.0,50,283150
20240105,09:35:51,1.0,50,283150
20240105,09:35:54,1.0,1950,283150
20240105,09:36:06,1.0,50,283150
20240105,09:36:08,1.0,100,283150
20240105,09:36:14,1.0,50,283150
20240105,09:36:15,1.0,100,283150
20240105,09:36:20,1.0,1300,283150
20240105,09:36:52,1.0,50,283150
20240105,09:37:06,1.0,50,283150
20240105,09:37:19,1.0,50,283150
20240105,09:37:29,1.0,1300,283150
20240105,09:38:13,1.0,350,283150
20240105,09:38:16,1.0,400,283150
20240105,09:38:17,1.0,850,283150
20240105,09:38:56,0.95,50,275600
20240105,09:39:04,1.0,200,275600
20240105,09:39:31,0.95,25750,275600
20240105,09:39:32,0.95,3600,275600
20240105,09:39:36,1.0,50,275600
20240105,09:39:41,1.0,1500,275600
20240105,09:39:46,1.0,50,275600
20240105,09:39:47,1.0,150,275600
20240105,09:39:50,1.0,200,275600
20240105,09:39:53,0.95,50,275600
20240105,09:40:04,1.0,50,275600
20240105,09:40:22,1.0,300,275600
20240105,09:40:39,1.0,100,275600
20240105,09:40:52,0.95,50,275600
20240105,09:41:01,1.0,50,275600
20240105,09:41:03,1.0,50,275600
20240105,09:41:13,0.95,2050,275600
20240105,09:41:13,1.0,100,275600
20240105,09:41:14,0.95,3600,275600
20240105,09:41:15,1.0,5400,275600
20240105,09:41:16,0.95,50,275600
20240105,09:41:25,0.95,100,275600
20240105,09:41:29,0.95,7350,295950
20240105,09:41:30,0.95,50,295950
20240105,09:41:31,0.95,50,295950
20240105,09:41:32,0.95,50,295950
20240105,09:41:34,0.95,50,295950
20240105,09:41:39,0.9,50,295950
20240105,09:41:45,0.9,950,295950
20240105,09:41:52,0.9,1000,295950
20240105,09:42:18,0.95,50,295950
20240105,09:42:43,0.95,50,295950
20240105,09:43:15,0.95,1800,295950
20240105,09:43:31,0.95,300,295950
20240105,09:43:35,0.95,100,295950
20240105,09:43:56,0.9,750,295950
20240105,09:43:59,0.95,250,295950
20240105,09:44:20,0.9,1800,300800
20240105,09:44:21,0.9,1800,300800
20240105,09:44:25,0.95,100,300800
20240105,09:44:51,0.95,4050,300800
20240105,09:45:00,0.95,1500,300800
20240105,09:45:10,0.9,1800,300800
20240105,09:45:24,0.95,50,300800
20240105,09:45:25,0.95,50,300800
20240105,09:45:26,0.95,50,300800
20240105,09:45:35,0.95,50,300800
20240105,09:45:36,0.95,50,300800
20240105,09:45:37,0.95,50,300800
20240105,09:45:38,0.95,50,300800
20240105,09:45:39,0.95,50,300800
20240105,09:45:40,0.95,50,300800
20240105,09:45:41,0.95,50,300800
20240105,09:45:42,0.95,50,300800
20240105,09:45:43,0.95,50,300800
20240105,09:45:44,0.95,50,300800
20240105,09:45:45,0.95,50,300800
20240105,09:45:46,0.95,50,300800
20240105,09:45:54,0.95,50,300800
20240105,09:45:55,0.95,50,300800
20240105,09:45:58,0.95,50,300800
20240105,09:46:03,0.95,50,300800
20240105,09:46:04,0.95,50,300800
20240105,09:46:06,0.95,1800,300800
20240105,09:46:08,0.95,1800,300800
20240105,09:46:11,0.95,24950,300800
20240105,09:46:15,1.0,50,300800
20240105,09:46:17,0.95,31900,300800
20240105,09:46:19,0.95,100,300800
20240105,09:46:24,0.95,1800,300800
20240105,09:46:27,0.95,50,300800
20240105,09:46:39,0.95,50,300800
20240105,09:46:45,0.95,50,300800
20240105,09:46:55,0.95,50,300800
20240105,09:46:58,0.95,50,300800
20240105,09:47:00,0.95,50,300800
20240105,09:47:01,0.95,50,300800
20240105,09:47:03,0.95,50,300800
20240105,09:47:07,0.95,50,300800
20240105,09:47:11,0.95,50,300800
20240105,09:47:12,0.95,50,300800
20240105,09:47:13,0.95,50,300800
20240105,09:47:14,0.95,50,300800
20240105,09:47:15,0.95,50,300800
20240105,09:47:16,0.95,50,300800
20240105,09:47:17,0.95,50,300800
20240105,09:47:18,0.95,50,300800
20240105,09:47:19,0.95,50,315700
20240105,09:47:20,0.95,50,315700
20240105,09:47:21,0.95,50,315700
20240105,09:47:22,0.95,100,315700
20240105,09:47:23,0.95,200,315700
20240105,09:47:24,0.95,200,315700
20240105,09:47:27,0.95,50,315700
20240105,09:47:28,0.95,50,315700
20240105,09:47:29,0.95,50,315700
20240105,09:47:30,0.95,50,315700
20240105,09:47:31,0.95,50,315700
20240105,09:47:33,0.95,50,315700
20240105,09:47:35,0.95,50,315700
20240105,09:47:36,0.95,50,315700
20240105,09:47:38,0.95,50,315700
20240105,09:47:42,0.95,50,315700
20240105,09:47:45,0.95,50,315700
20240105,09:47:46,0.95,50,315700
20240105,09:47:57,0.95,450,315700
20240105,09:48:19,0.95,1000,315700
20240105,09:48:38,0.95,100,315700
20240105,09:49:04,0.95,100,315700
20240105,09:49:34,0.95,100,315700
20240105,09:50:07,0.9,1300,315700
20240105,09:50:21,0.95,50,317300
20240105,09:50:44,0.95,3600,317300
20240105,09:50:45,0.95,9000,317300
20240105,09:50:46,0.95,2400,317300
20240105,09:51:06,0.9,1000,317300
20240105,09:51:25,0.9,100,317300
20240105,09:51:36,0.95,50,317300
20240105,09:51:48,0.95,500,317300
20240105,09:53:09,0.95,50,317300
20240105,09:53:17,0.9,1000,317300
20240105,09:54:00,0.95,50,303350
20240105,09:54:22,0.95,50,303350
20240105,09:54:25,0.9,82700,303350
20240105,09:55:03,0.95,50,303350
20240105,09:55:18,0.95,200,303350
20240105,09:55:43,0.95,100,303350
20240105,09:55:48,0.95,50,303350
20240105,09:56:00,0.95,50,303350
20240105,09:56:33,0.9,32050,303350
20240105,09:56:34,0.9,30700,385800
20240105,09:56:37,0.9,16950,385800
20240105,09:56:43,0.9,50,385800
20240105,09:56:44,0.9,50,385800
20240105,09:56:46,0.9,50,385800
20240105,09:56:57,0.9,50,385800
20240105,09:57:11,0.85,400,385800
20240105,09:57:28,0.9,50,385800
20240105,09:57:46,0.85,400,385800
20240105,09:57:48,0.9,100,385800
20240105,09:58:06,0.9,50,385800
20240105,09:58:34,0.9,250,385800
20240105,09:58:56,0.9,200,385800
20240105,09:59:20,0.9,1800,385800
20240105,09:59:21,0.9,1200,419700
20240105,09:59:26,0.9,1800,419700
20240105,09:59:36,0.9,50,419700
20240105,10:00:14,0.9,100,419700
20240105,10:01:33,0.9,1800,419700
20240105,10:01:34,0.9,3600,419700
20240105,10:01:35,0.9,200,419700
20240105,10:01:45,0.9,50,419700
20240105,10:02:07,0.85,250,419700
20240105,10:02:26,0.9,50,412900
20240105,10:02:34,0.85,50,412900
20240105,10:02:41,0.9,50,412900
20240105,10:02:49,0.85,50,412900
20240105,10:02:55,0.9,50,412900
20240105,10:03:06,0.9,100,412900
20240105,10:03:07,0.85,50,412900
20240105,10:03:08,0.9,100,412900
20240105,10:03:41,0.9,50,412900
20240105,10:04:11,0.9,50,412900
20240105,10:06:07,0.9,100,412900
20240105,10:06:12,0.9,100,412900
20240105,10:06:15,0.9,50,412900
20240105,10:07:01,0.9,50,412900
20240105,10:07:15,0.9,50,412900
20240105,10:08:16,0.9,300,412900
20240105,10:08:16,0.9,5400,412900
20240105,10:08:18,0.9,1800,412900
20240105,10:09:45,0.9,50,412900
20240105,10:10:05,0.9,50,412900
20240105,10:10:10,0.9,50,412900
20240105,10:10:57,0.85,1500,412900
20240105,10:11:15,0.85,1800,412900
20240105,10:11:32,0.9,1750,412900
20240105,10:11:34,0.9,50,414700
20240105,10:11:59,0.85,50,414700
20240105,10:12:01,0.9,100,414700
20240105,10:12:32,0.85,50,414700
20240105,10:13:08,0.9,50,414700
20240105,10:13:10,0.9,1800,414700
20240105,10:13:12,0.9,1800,414700
20240105,10:13:13,0.9,1800,414700
20240105,10:13:15,0.9,600,414700
20240105,10:13:21,0.9,50,414700
20240105,10:13:51,0.9,50,414700
20240105,10:13:53,0.85,250,414700
20240105,10:13:59,0.9,50,414700
20240105,10:13:59,0.9,100,414700
20240105,10:14:00,0.85,250,414700
20240105,10:14:04,0.9,50,414700
20240105,10:14:12,0.9,50,414700
20240105,10:14:17,0.85,50,414700
20240105,10:14:49,0.9,50,414700
20240105,10:15:10,0.9,50,409200
20240105,10:16:20,0.9,50,409200
20240105,10:16:21,0.9,50,409200
20240105,10:16:22,0.85,50,409200
20240105,10:16:32,0.85,150,409200
20240105,10:16:57,0.9,50,409200
20240105,10:17:09,0.9,1800,409200
20240105,10:17:10,0.9,1800,409200
20240105,10:17:11,0.9,1800,409200
20240105,10:17:12,0.9,1800,409200
20240105,10:17:13,0.9,1800,409200
20240105,10:17:15,0.9,1800,409200
20240105,10:17:20,0.9,1800,409200
20240105,10:17:21,0.85,350,409200
20240105,10:17:22,0.9,1800,409200
20240105,10:17:23,0.9,1800,409200
20240105,10:17:25,0.9,1800,409850
20240105,10:17:26,0.9,1800,409850
20240105,10:17:28,0.9,1800,409850
20240105,10:17:29,0.9,1800,409850
20240105,10:17:30,0.9,1800,409850
20240105,10:17:31,0.9,1800,409850
20240105,10:17:32,0.9,1850,409850
20240105,10:17:33,0.9,1800,409850
20240105,10:17:34,0.9,1800,409850
20240105,10:17:37,0.9,1800,409850
20240105,10:17:38,0.9,1800,409850
20240105,10:17:40,0.9,1800,409850
20240105,10:17:41,0.9,1800,409850
20240105,10:17:43,0.9,1800,409850
20240105,10:17:54,0.9,1800,409850
20240105,10:17:55,0.9,1800,409850
20240105,10:17:56,0.9,1800,409850
20240105,10:17:57,0.9,1800,409850
20240105,10:17:58,0.9,19650,409850
20240105,10:17:59,0.9,2000,409850
20240105,10:18:00,0.9,1800,409850
20240105,10:18:01,0.9,2300,409850
20240105,10:18:02,0.9,1650,409850
20240105,10:18:03,0.9,600,409850
20240105,10:18:06,0.9,250,409850
20240105,10:18:17,0.95,50,409850
20240105,10:18:41,0.95,100,409850
20240105,10:19:00,0.95,50,409850
20240105,10:19:10,0.9,50,409850
20240105,10:19:11,0.9,50,409850
20240105,10:19:13,0.9,50,409850
20240105,10:19:14,0.9,50,409850
20240105,10:19:15,0.95,50,409850
20240105,10:19:15,0.9,50,409850
20240105,10:19:28,0.95,100,409850
20240105,10:19:34,0.95,50,409850
20240105,10:19:38,0.95,50,409850
20240105,10:19:57,0.95,50,409850
20240105,10:19:59,0.95,50,409850
20240105,10:20:03,0.95,50,409850
20240105,10:20:08,0.9,550,409850
20240105,10:20:13,0.9,300,409850
20240105,10:21:40,0.9,250,409850
20240105,10:22:14,0.95,50,407500
20240105,10:22:52,0.95,50,407500
20240105,10:23:33,0.9,50,407500
20240105,10:24:18,0.95,50,407750
20240105,10:24:37,0.9,50,407750
20240105,10:24:41,0.9,250,407750
20240105,10:25:37,0.95,50,407750
20240105,10:25:52,0.9,250,407750
20240105,10:26:03,0.9,250,407750
20240105,10:26:18,0.9,150,407750
20240105,10:26:19,0.9,250,407750
20240105,10:27:00,0.95,50,408200
20240105,10:27:58,0.9,50,408200
20240105,10:28:47,0.9,250,408200
20240105,10:28:49,0.9,300,408200
20240105,10:29:06,0.9,50,408200
20240105,10:29:17,0.9,50,408200
20240105,10:29:30,0.9,250,408050
20240105,10:29:34,0.9,250,408050
20240105,10:29:37,0.9,50,408050
20240105,10:29:44,0.95,150,408050
20240105,10:30:19,0.95,100,408050
20240105,10:30:42,0.95,50,408050
20240105,10:30:57,0.9,500,408050
20240105,10:31:06,0.9,1750,408050
20240105,10:31:39,0.9,1800,408050
20240105,10:31:46,0.9,50,408050
20240105,10:32:15,0.95,50,408050
20240105,10:32:27,0.95,50,408050
20240105,10:32:54,0.9,50,404400
20240105,10:33:06,0.95,100,404400
20240105,10:33:17,0.95,100,404400
20240105,10:34:26,0.95,50,404400
20240105,10:34:32,0.95,50,404400
20240105,10:34:47,0.9,250,404400
20240105,10:34:50,0.9,250,404400
20240105,10:34:51,0.9,50,404400
20240105,10:34:52,0.9,3600,404400
20240105,10:34:53,0.9,1800,404400
20240105,10:35:05,0.9,250,404400
20240105,10:35:22,0.9,300,404400
20240105,10:35:29,0.95,50,404400
20240105,10:35:31,0.9,300,398900
20240105,10:35:48,0.95,50,398900
20240105,10:36:11,0.95,100,398900
20240105,10:36:16,0.95,50,398900
20240105,10:36:18,0.95,50,398900
20240105,10:36:22,0.95,100,398900
20240105,10:37:05,0.95,50,398900
20240105,10:37:20,0.95,50,398900
20240105,10:37:22,0.9,50,398900
20240105,10:37:23,0.9,50,398900
20240105,10:37:24,0.9,50,398900
20240105,10:37:25,0.9,50,398900
20240105,10:37:26,0.9,50,398900
20240105,10:37:27,0.9,50,398900
20240105,10:37:28,0.9,50,398900
20240105,10:37:29,0.9,50,398900
20240105,10:37:30,0.9,50,398900
20240105,10:37:31,0.9,50,398900
20240105,10:37:32,0.9,50,398900
20240105,10:37:33,0.9,50,398900
20240105,10:37:34,0.9,50,398900
20240105,10:37:35,0.9,50,398900
20240105,10:37:36,0.9,50,398900
20240105,10:37:37,0.9,50,398900
20240105,10:37:39,0.9,50,398900
20240105,10:37:41,0.9,50,398900
20240105,10:37:44,0.95,1700,398900
20240105,10:37:45,0.9,50,398900
20240105,10:37:46,0.9,50,398900
20240105,10:37:49,0.9,50,398900
20240105,10:37:50,0.9,50,398900
20240105,10:37:51,0.9,50,398900
20240105,10:37:52,0.9,50,398900
20240105,10:37:53,0.9,50,398900
20240105,10:37:55,0.9,50,398900
20240105,10:37:56,0.9,50,398900
20240105,10:37:57,0.9,50,398900
20240105,10:37:58,0.9,50,398900
20240105,10:37:59,0.9,50,398900
20240105,10:38:00,0.9,50,398900
20240105,10:38:01,0.9,50,398900
20240105,10:38:02,0.9,50,398900
20240105,10:38:03,0.9,50,398900
20240105,10:38:04,0.9,50,398900
20240105,10:38:05,0.9,50,398900
20240105,10:38:06,0.9,50,398900
20240105,10:38:07,0.9,50,398900
20240105,10:38:09,0.9,50,398900
20240105,10:38:10,0.9,50,398900
20240105,10:38:11,0.9,50,398900
20240105,10:38:12,0.9,100,398900
20240105,10:38:13,0.9,50,398900
20240105,10:38:14,0.9,50,398900
20240105,10:38:15,0.9,50,398900
20240105,10:38:16,0.9,50,398900
20240105,10:38:17,0.9,50,398900
20240105,10:38:17,0.9,850,398900
20240105,10:38:18,0.9,50,398900
20240105,10:38:19,0.9,350,398900
20240105,10:38:20,0.9,50,398900
20240105,10:38:21,0.9,50,398900
20240105,10:38:23,0.9,50,398900
20240105,10:38:24,0.9,50,398900
20240105,10:38:25,0.9,100,398900
20240105,10:38:27,0.9,50,394600
20240105,10:38:28,0.9,50,394600
20240105,10:38:28,0.9,4950,394600
20240105,10:38:29,0.9,50,394600
20240105,10:38:30,0.9,50,394600
20240105,10:38:31,0.9,50,394600
20240105,10:38:32,0.9,50,394600
20240105,10:38:33,0.9,50,394600
20240105,10:38:35,0.9,50,394600
20240105,10:38:36,0.9,50,394600
20240105,10:38:37,0.9,50,394600
20240105,10:38:38,0.9,50,394600
20240105,10:38:39,0.9,50,394600
20240105,10:38:40,0.9,50,394600
20240105,10:38:41,0.9,50,394600
20240105,10:38:42,0.9,50,394600
20240105,10:38:43,0.9,50,394600
20240105,10:38:45,0.9,50,394600
20240105,10:38:48,0.9,50,394600
20240105,10:38:49,0.9,50,394600
20240105,10:38:50,0.9,50,394600
20240105,10:38:51,0.9,50,394600
20240105,10:38:52,0.9,50,394600
20240105,10:38:53,0.9,50,394600
20240105,10:38:54,0.9,50,394600
20240105,10:38:55,0.9,50,394600
20240105,10:38:56,0.9,50,394600
20240105,10:38:57,0.9,50,394600
20240105,10:38:58,0.9,50,394600
20240105,10:38:59,0.9,50,394600
20240105,10:39:00,0.9,50,394600
20240105,10:39:01,0.9,50,394600
20240105,10:39:02,0.9,200,394600
20240105,10:39:03,0.9,200,394600
20240105,10:39:11,0.9,50,394600
20240105,10:39:12,0.9,50,394600
20240105,10:39:13,0.9,50,394600
20240105,10:39:14,0.9,50,394600
20240105,10:39:15,0.9,50,394600
20240105,10:39:16,0.9,50,394600
20240105,10:39:17,0.9,150,394600
20240105,10:39:18,0.9,50,394600
20240105,10:39:19,0.9,50,394600
20240105,10:39:20,0.9,50,394600
20240105,10:39:21,0.9,50,394600
20240105,10:39:22,0.9,50,394600
20240105,10:39:23,0.9,50,394600
20240105,10:39:24,0.9,50,394600
20240105,10:39:25,0.9,50,394600
20240105,10:39:26,0.9,50,394600
20240105,10:39:27,0.9,50,394600
20240105,10:39:28,0.9,50,394600
20240105,10:39:29,0.9,50,394600
20240105,10:39:30,0.9,50,394600
20240105,10:39:31,0.9,50,394600
20240105,10:39:32,0.9,50,394600
20240105,10:39:33,0.9,50,394600
20240105,10:39:34,0.9,100,394600
20240105,10:39:35,0.9,50,394600
20240105,10:39:37,0.9,50,394600
