date,time,tick_price,volume,open_interest
20240207,13:34:31,3.05,200,200
20240207,14:09:44,2.95,400,200
20240207,14:11:40,3.0,150,550
20240207,14:12:00,3.0,50,550
20240207,14:15:18,3.0,150,600
20240207,14:16:25,2.8,100,600
20240207,14:17:37,2.75,150,750
20240207,14:18:41,2.7,150,750
20240207,14:21:04,2.65,150,850
20240207,14:23:11,2.65,100,850
20240207,14:30:12,2.8,100,1000
20240207,14:33:00,2.75,50,1050
20240207,14:33:14,2.75,50,1050
20240207,14:33:21,2.75,50,1050
20240207,14:33:42,2.75,800,1050
20240207,14:33:50,2.75,400,1050
20240207,14:35:02,2.75,50,1050
20240207,14:35:09,2.75,150,1050
20240207,14:35:38,2.75,100,1700
20240207,14:38:45,2.75,600,1800
20240207,14:38:52,2.75,50,1800
20240207,14:39:56,2.7,100,1800
20240207,14:43:12,2.75,100,2200
20240207,14:44:38,2.7,350,2200
20240207,14:47:50,2.6,700,2400
20240207,14:49:21,2.6,100,2400
20240207,14:49:25,2.55,600,2400
20240207,14:49:36,2.65,150,2400
20240207,14:49:58,2.65,50,2400
20240207,14:50:14,2.65,450,2400
20240207,14:50:18,2.65,50,2400
20240207,14:50:27,2.6,50,3250
20240207,14:51:27,2.6,50,3250
20240207,14:51:32,2.65,50,3250
20240207,14:51:37,2.6,50,3250
20240207,14:55:58,2.7,350,3350
20240207,14:56:09,2.65,100,3350
20240207,14:56:40,2.6,50,3350
20240207,14:56:45,2.55,100,3350
20240207,14:57:48,2.6,100,3350
20240207,14:58:18,2.6,50,3350
20240207,14:58:53,2.6,50,3350
20240207,14:58:59,2.6,100,3350
20240207,15:00:09,2.6,600,3650
20240207,15:01:04,2.55,200,3650
20240207,15:03:20,2.55,50,4000
20240207,15:06:46,2.55,200,4000
20240207,15:08:07,2.55,50,4000
20240207,15:09:07,2.45,1100,4200
20240207,15:10:17,2.45,500,4200
20240207,15:10:30,2.45,1100,4200
20240207,15:11:01,2.45,100,4200
20240207,15:11:26,2.4,100,4500
20240207,15:11:35,2.4,200,4500
20240207,15:11:40,2.4,50,4500
20240207,15:13:12,2.35,450,4500
20240207,15:13:32,2.35,450,4500
20240207,15:14:50,2.35,50,4800
20240207,15:15:13,2.35,50,4800
20240207,15:19:07,2.4,100,4750
20240207,15:19:12,2.45,100,4750
20240207,15:20:01,2.45,50,4750
20240207,15:20:37,2.5,2100,4900
20240207,15:20:46,2.5,50,4900
20240207,15:20:55,2.45,150,4900
20240207,15:21:00,2.45,250,4900
20240207,15:21:05,2.45,50,4900
20240207,15:21:29,2.5,50,4900
20240207,15:21:34,2.4,150,4900
20240207,15:21:39,2.4,150,4900
20240207,15:21:57,2.45,550,4900
20240207,15:22:02,2.45,50,4900
20240207,15:22:08,2.45,100,4900
20240207,15:22:22,2.45,100,4900
20240207,15:22:27,2.45,150,4900
20240207,15:22:31,2.4,300,4900
20240207,15:22:40,2.4,450,4900
20240207,15:22:58,2.45,100,4900
20240207,15:23:59,2.4,550,4900
20240207,15:24:10,2.4,50,4900
20240207,15:24:33,2.35,150,4900
20240207,15:24:38,2.35,350,4900
20240207,15:24:50,2.35,50,4900
20240207,15:24:55,2.35,50,4900
20240207,15:25:00,2.35,50,4900
20240207,15:26:03,2.3,700,4900
20240207,15:26:08,2.3,550,4900
20240207,15:26:14,2.25,1300,4900
20240207,15:26:20,2.25,1000,4900
20240207,15:26:31,2.25,250,6450
20240207,15:26:37,2.25,150,6450
20240207,15:27:07,2.25,900,6450
20240207,15:27:36,2.25,1000,6450
20240207,15:28:33,2.2,100,6450
20240207,15:28:54,2.2,100,6450
20240207,15:29:00,2.25,50,6450
20240207,15:29:25,2.25,300,6450
20240207,15:29:59,2.7,450,7200
20240208,09:15:19,2.4,1,7000
20240208,09:15:19,2.7,1,7000
20240208,09:15:19,2.25,650,7000
20240208,09:16:08,1.9,100,7000
20240208,09:16:25,2.1,400,7000
20240208,09:16:33,2.05,50,7000
20240208,09:16:42,2.05,50,7000
20240208,09:17:08,2.1,300,7500
20240208,09:17:41,2.05,150,7500
20240208,09:18:01,2.1,50,7500
20240208,09:18:44,2.15,100,7500
20240208,09:21:06,2.1,50,7500
20240208,09:23:04,2.1,50,7500
20240208,09:24:35,2.15,350,7500
20240208,09:25:08,2.1,300,7500
20240208,09:25:30,2.05,1850,7500
20240208,09:25:40,2.05,2700,7500
20240208,09:25:50,2.0,1000,11050
20240208,09:26:00,2.05,300,11050
20240208,09:26:20,2.05,100,11050
20240208,09:26:41,2.05,200,11050
20240208,09:27:37,2.05,200,11050
20240208,09:27:48,2.05,200,11050
20240208,09:28:28,2.05,500,11050
20240208,09:28:47,2.05,300,12550
20240208,09:28:56,2.05,250,12550
20240208,09:29:33,2.05,250,12550
20240208,09:31:19,2.05,50,12550
20240208,09:33:49,2.05,600,12500
20240208,09:33:59,2.05,600,12500
20240208,09:36:00,2.1,200,13700
20240208,09:36:09,2.1,50,13700
20240208,09:36:27,2.1,50,13700
20240208,09:36:36,2.1,50,13700
20240208,09:36:46,2.1,50,13700
20240208,09:37:59,2.05,250,13400
20240208,09:38:09,2.1,50,13400
20240208,09:38:30,2.1,50,13400
20240208,09:39:00,2.05,250,13400
20240208,09:39:09,2.1,50,13400
20240208,09:39:21,2.05,250,13400
20240208,09:41:11,2.05,1650,13250
20240208,09:41:21,2.05,50,13250
20240208,09:41:41,2.05,50,13250
20240208,09:42:51,2.05,100,13250
20240208,09:43:50,2.05,250,13200
20240208,09:46:06,2.1,200,13200
20240208,09:46:16,2.05,600,13200
20240208,09:48:35,2.05,450,13200
20240208,09:48:45,2.1,150,13200
20240208,09:52:34,2.1,150,13050
20240208,09:52:41,2.1,50,13050
20240208,10:00:25,2.1,450,12850
20240208,10:00:42,2.05,300,12850
20240208,10:01:25,2.05,50,12850
20240208,10:01:48,2.05,50,12850
20240208,10:02:03,2.1,150,12550
20240208,10:03:35,2.05,250,12550
20240208,10:04:59,2.05,250,12450
20240208,10:05:12,2.0,100,12450
20240208,10:05:36,2.1,150,12450
20240208,10:06:18,2.05,50,12450
20240208,10:06:56,2.05,50,12450
20240208,10:07:06,2.05,50,12450
20240208,10:07:42,2.05,4300,12450
20240208,10:07:50,2.05,500,12450
20240208,10:08:00,2.05,100,12700
20240208,10:08:10,2.05,350,12700
20240208,10:08:18,2.1,150,12700
20240208,10:08:27,2.1,150,12700
20240208,10:08:34,2.1,300,12700
20240208,10:08:44,2.05,100,12700
20240208,10:09:02,2.1,1850,12700
20240208,10:09:13,2.1,550,12700
20240208,10:09:24,2.1,1350,12700
20240208,10:09:34,2.1,50,12700
20240208,10:09:52,2.1,50,12700
20240208,10:10:01,2.1,150,12700
20240208,10:10:11,2.1,100,12700
20240208,10:13:17,2.05,900,12700
20240208,10:13:26,2.05,3400,14000
20240208,10:13:51,2.05,300,14000
20240208,10:14:17,2.05,100,17250
20240208,10:14:35,2.05,50,17250
20240208,10:14:52,2.0,1000,17250
20240208,10:15:00,2.0,1650,17250
20240208,10:15:08,2.0,500,17250
20240208,10:15:36,2.05,150,17250
20240208,10:15:46,2.0,150,17250
20240208,10:15:57,2.05,50,17250
20240208,10:16:07,2.05,50,17250
20240208,10:16:17,2.05,3650,17250
20240208,10:17:09,2.1,250,21850
20240208,10:20:01,2.1,600,21750
20240208,10:21:35,2.0,500,21750
20240208,10:21:52,2.0,500,21750
20240208,10:22:45,2.05,500,21750
20240208,10:22:54,2.0,50,22500
20240208,10:23:02,2.0,650,22500
20240208,10:23:12,2.0,600,22500
20240208,10:24:09,2.0,100,22500
20240208,10:25:23,2.0,250,22500
20240208,10:25:32,2.0,50,22500
20240208,10:26:20,2.0,50,22750
20240208,10:26:31,2.05,150,22750
20240208,10:26:40,2.0,50,22750
20240208,10:26:58,2.0,300,22750
20240208,10:27:07,2.0,450,22750
20240208,10:27:26,2.0,100,22750
20240208,10:27:35,2.0,350,22750
20240208,10:27:44,2.0,50,22750
20240208,10:28:08,2.0,550,22750
20240208,10:28:17,2.0,800,22750
20240208,10:29:05,2.0,3250,20950
20240208,10:29:14,2.0,8100,20950
20240208,10:30:10,2.0,3000,20950
20240208,10:30:27,2.0,1100,20950
20240208,10:30:43,2.05,4600,20950
20240208,10:30:50,2.0,1250,20950
20240208,10:30:58,2.0,900,20950
20240208,10:31:23,2.0,2850,20950
20240208,10:31:51,2.0,1800,20950
20240208,10:31:59,2.0,1800,20950
20240208,10:32:06,2.0,300,41550
20240208,10:32:39,1.95,450,41550
20240208,10:32:48,1.95,6000,41550
20240208,10:32:56,1.95,2800,41550
20240208,10:33:04,1.95,150,41550
20240208,10:33:21,2.0,50,41550
20240208,10:33:29,2.0,950,41550
20240208,10:34:33,2.0,1150,41550
20240208,10:34:49,2.0,950,41550
20240208,10:35:25,2.0,4800,51700
20240208,10:35:35,2.0,150,51700
20240208,10:38:09,2.0,250,56650
20240208,10:39:06,2.0,3000,56650
20240208,10:39:14,2.0,1300,56650
20240208,10:39:29,2.0,1000,56650
20240208,10:39:46,2.0,500,56650
20240208,10:41:26,2.0,550,61950
20240208,10:41:36,2.0,200,61950
20240208,10:41:46,2.0,100,61950
20240208,10:42:06,2.0,100,61950
20240208,10:42:43,2.0,100,61950
20240208,10:43:03,2.0,3000,61950
20240208,10:44:50,2.05,150,64950
20240208,10:45:07,2.05,50,64950
20240208,10:45:17,2.0,50,64950
20240208,10:45:35,2.0,350,64950
20240208,10:45:45,2.0,300,64950
20240208,10:49:11,2.0,50,65800
20240208,10:49:44,2.05,50,65800
20240208,10:50:09,2.0,50,65850
20240208,10:50:34,2.0,150,65850
20240208,10:50:52,2.0,100,65850
20240208,10:51:19,2.05,100,65850
20240208,10:52:00,2.0,200,65850
20240208,10:52:08,2.05,500,65850
20240208,10:52:16,2.0,550,65850
20240208,10:52:32,2.05,6350,65850
20240208,10:52:40,2.05,4500,65850
20240208,10:52:48,2.05,100,65850
20240208,10:52:56,2.05,150,78000
20240208,10:53:43,2.05,200,78000
20240208,10:56:16,2.05,300,78050
20240208,10:56:49,2.05,250,78050
20240208,10:57:08,2.05,3900,78050
20240208,10:57:18,2.05,150,78050
20240208,10:57:29,2.05,100,78050
20240208,10:57:40,2.05,400,78050
20240208,10:57:51,2.05,3700,78050
20240208,10:58:03,2.1,6000,78050
20240208,10:58:15,2.1,1350,78050
20240208,10:58:37,2.1,2300,78050
20240208,10:59:08,2.1,100,85350
20240208,10:59:18,2.1,1000,85350
20240208,10:59:34,2.05,200,85350
20240208,10:59:42,2.05,700,85350
20240208,10:59:50,2.05,50,85350
20240208,11:00:21,2.1,400,85350
20240208,11:00:32,2.1,850,85350
20240208,11:00:43,2.15,50,85350
20240208,11:00:54,2.1,400,85350
20240208,11:01:04,2.1,200,85350
20240208,11:01:14,2.05,1100,85350
20240208,11:01:24,2.05,100,85350
20240208,11:02:12,2.1,50,88000
20240208,11:02:32,2.1,50,88000
20240208,11:02:41,2.1,1200,88000
20240208,11:03:02,2.1,50,88000
20240208,11:03:13,2.1,250,88000
20240208,11:03:25,2.15,2250,88000
20240208,11:03:54,2.1,200,88000
20240208,11:04:04,2.1,450,88000
20240208,11:04:14,2.15,50,88000
20240208,11:04:24,2.15,100,88000
20240208,11:04:33,2.15,200,88000
20240208,11:04:43,2.25,850,88000
20240208,11:04:52,2.2,200,88000
20240208,11:05:01,2.2,100,88000
20240208,11:05:36,2.2,300,88950
20240208,11:05:45,2.2,1250,88950
20240208,11:05:55,2.2,1200,88950
20240208,11:06:05,2.2,50,88950
20240208,11:06:15,2.15,200,88950
20240208,11:06:24,2.1,200,88950
20240208,11:06:35,2.1,100,88950
20240208,11:06:46,2.1,800,88950
20240208,11:06:56,2.1,450,88950
20240208,11:07:16,2.1,2000,88950
20240208,11:08:15,2.1,1000,88600
20240208,11:08:25,2.1,200,88600
20240208,11:08:35,2.25,5600,88600
20240208,11:08:44,2.3,3600,88600
20240208,11:08:54,2.4,4250,88600
20240208,11:09:03,2.35,150,88600
20240208,11:09:12,2.4,1100,88600
20240208,11:09:22,2.4,1150,88600
20240208,11:09:31,2.4,50,88600
20240208,11:09:41,2.4,3050,88600
20240208,11:09:51,2.45,1200,88600
20240208,11:09:59,2.55,6100,88600
20240208,11:10:09,2.6,1650,88600
20240208,11:10:18,2.65,1950,88600
20240208,11:10:28,2.65,450,88600
20240208,11:10:37,2.65,5250,88600
20240208,11:10:46,2.65,7050,88600
20240208,11:10:55,2.7,250,88600
20240208,11:11:03,2.7,200,87250
20240208,11:11:12,2.65,950,87250
20240208,11:11:21,2.75,18750,87250
20240208,11:11:31,2.6,10200,87250
20240208,11:11:40,2.65,800,87250
20240208,11:11:49,2.6,50,87250
20240208,11:12:08,2.6,1450,87250
20240208,11:12:17,2.55,50,87250
20240208,11:12:26,2.5,1850,87250
20240208,11:12:35,2.6,2100,87250
20240208,11:13:02,2.6,1250,87250
20240208,11:13:11,2.6,1200,87250
20240208,11:13:28,2.6,3700,87250
20240208,11:14:11,2.6,2850,80600
20240208,11:14:28,2.6,3100,80600
20240208,11:14:45,2.65,3000,80600
20240208,11:15:01,2.65,2000,80600
20240208,11:15:09,2.65,350,80600
20240208,11:15:18,2.65,650,80600
20240208,11:16:18,2.65,1600,80600
20240208,11:16:53,2.65,800,80600
20240208,11:17:01,2.65,200,80750
20240208,11:17:09,2.6,250,80750
20240208,11:17:19,2.6,250,80750
20240208,11:17:28,2.6,300,80750
20240208,11:18:40,2.6,2450,80750
20240208,11:18:48,2.6,1050,80750
20240208,11:18:56,2.6,150,80750
20240208,11:19:05,2.55,50,80750
20240208,11:19:13,2.55,1750,80750
20240208,11:19:29,2.5,100,80750
20240208,11:19:38,2.5,250,80750
20240208,11:20:03,2.5,2350,80750
20240208,11:20:12,2.5,50,81100
20240208,11:20:20,2.45,400,81100
20240208,11:20:37,2.45,200,81100
20240208,11:21:44,2.4,1700,81100
20240208,11:22:58,2.4,1800,81100
20240208,11:24:17,2.4,50,82250
20240208,11:24:32,2.35,1350,82250
20240208,11:25:12,2.4,1450,82250
20240208,11:25:38,2.35,3050,82250
20240208,11:25:47,2.35,2050,82250
20240208,11:27:37,2.2,4200,82650
20240208,11:27:47,2.2,1000,82650
20240208,11:27:56,2.2,50,82650
20240208,11:28:23,2.25,1000,82650
20240208,11:28:41,2.2,1850,82650
20240208,11:28:58,2.15,1100,82650
20240208,11:29:17,2.15,1200,83850
20240208,11:29:25,2.2,5250,83850
20240208,11:29:33,2.2,4750,83850
20240208,11:29:58,2.2,300,83850
20240208,11:30:15,2.2,2150,83850
20240208,11:31:53,2.15,1650,83850
20240208,11:32:26,2.15,50,85200
20240208,11:32:58,2.2,50,85200
20240208,11:33:06,2.2,600,85200
20240208,11:33:22,2.2,250,85200
20240208,11:33:45,2.2,50,85200
20240208,11:34:35,2.2,1800,85200
20240208,11:34:51,2.2,500,85200
20240208,11:34:58,2.2,250,85200
20240208,11:35:15,2.2,150,85550
20240208,11:35:22,2.2,1100,85550
20240208,11:35:29,2.2,3300,85550
20240208,11:35:37,2.2,100,85550
20240208,11:35:45,2.15,1500,85550
20240208,11:35:53,2.15,1650,85550
20240208,11:36:00,2.15,300,85550
20240208,11:36:08,2.15,200,85550
20240208,11:37:08,2.1,250,85550
20240208,11:37:16,2.1,800,85550
20240208,11:37:24,2.05,600,85550
20240208,11:38:03,2.05,50,85550
20240208,11:38:49,2.1,750,89350
20240208,11:39:18,2.1,50,89350
20240208,11:39:25,2.15,10200,89350
20240208,11:40:03,2.15,4750,89350
20240208,11:40:10,2.15,250,89350
20240208,11:41:41,2.15,1100,86400
20240208,11:41:55,2.15,400,86400
20240208,11:42:09,2.15,1000,86400
20240208,11:42:31,2.15,50,86400
20240208,11:42:38,2.15,50,86400
20240208,11:43:00,2.1,2000,86400
20240208,11:43:08,2.2,2150,86400
20240208,11:43:16,2.2,6250,86400
20240208,11:43:24,2.2,5800,86400
20240208,11:43:32,2.2,50,86400
20240208,11:43:39,2.2,50,86400
20240208,11:43:47,2.2,950,86400
20240208,11:44:01,2.15,50,86400
20240208,11:44:31,2.15,200,96300
20240208,11:46:35,2.2,1800,96300
20240208,11:46:56,2.15,1800,96300
20240208,11:48:11,2.15,250,96100
20240208,11:48:32,2.15,1550,96100
20240208,11:49:17,2.15,400,96100
20240208,11:50:21,2.15,250,96250
20240208,11:52:12,2.1,100,96250
20240208,11:52:42,2.1,100,96250
20240208,11:52:50,2.1,1050,96250
20240208,11:52:58,2.1,1550,96250
20240208,11:53:06,2.1,3000,96250
20240208,11:53:14,2.1,700,93850
20240208,11:53:21,2.1,50,93850
20240208,11:54:04,2.05,3200,93850
20240208,11:54:39,2.05,1800,93850
20240208,11:55:51,2.1,50,93850
20240208,11:57:05,2.1,500,94650
20240208,11:57:45,2.1,100,94650
20240208,11:58:09,2.1,700,94650
20240208,11:58:17,2.1,50,94650
20240208,11:58:55,2.1,100,94650
20240208,12:00:33,2.1,8100,94900
20240208,12:01:04,2.1,250,94900
20240208,12:01:20,2.15,1150,94900
20240208,12:01:29,2.2,150,94900
20240208,12:02:19,2.1,1800,94100
20240208,12:02:28,2.15,500,94100
20240208,12:02:54,2.15,150,94100
20240208,12:03:11,2.1,2000,94100
20240208,12:03:45,2.05,250,94100
20240208,12:04:09,2.1,1800,94100
20240208,12:04:17,2.05,100,94100
20240208,12:04:55,2.1,100,94100
20240208,12:05:45,2.1,500,92600
20240208,12:07:34,2.05,100,92600
20240208,12:07:59,2.05,50,92600
20240208,12:09:02,2.05,1000,92950
20240208,12:09:21,2.05,1000,92950
20240208,12:09:33,2.0,2000,92950
20240208,12:09:39,2.05,1350,92950
20240208,12:09:45,2.05,250,92950
20240208,12:09:57,2.1,400,92950
20240208,12:11:19,2.05,1000,93800
20240208,12:12:43,2.1,500,93800
20240208,12:13:14,2.1,150,93800
20240208,12:14:30,2.1,800,94300
20240208,12:14:43,2.1,3850,94300
20240208,12:15:02,2.1,3600,94300
20240208,12:15:15,2.1,250,94300
20240208,12:15:33,2.1,3850,94300
20240208,12:16:45,2.05,50,94300
20240208,12:17:58,2.05,750,97900
20240208,12:18:04,2.05,2600,97900
20240208,12:18:10,2.05,1600,97900
20240208,12:18:15,2.05,1550,97900
20240208,12:19:55,2.05,2000,97900
20240208,12:20:26,2.05,800,96050
20240208,12:22:47,2.1,1450,96050
20240208,12:23:38,2.15,50,97450
20240208,12:24:18,2.15,50,97450
20240208,12:24:25,2.15,400,97450
20240208,12:24:45,2.15,100,97450
20240208,12:25:12,2.15,50,97450
20240208,12:25:18,2.15,900,97450
20240208,12:25:39,2.15,850,97450
20240208,12:26:05,2.1,1400,97450
20240208,12:27:08,2.2,1000,98650
20240208,12:27:37,2.1,2100,98650
20240208,12:27:43,2.1,900,98650
20240208,12:27:48,2.1,2000,98650
20240208,12:28:00,2.1,1000,98650
20240208,12:28:06,2.05,1850,98650
20240208,12:28:34,2.05,250,98650
20240208,12:29:21,2.1,250,93950
20240208,12:29:45,2.1,100,93950
20240208,12:30:16,2.1,1800,93950
20240208,12:30:22,2.1,1350,93950
20240208,12:31:37,2.1,1050,93950
20240208,12:31:43,2.05,100,93950
20240208,12:31:55,2.1,100,93950
20240208,12:32:22,2.1,50,92500
20240208,12:33:20,2.1,50,92500
20240208,12:34:21,2.1,500,92500
20240208,12:34:27,2.1,300,92500
20240208,12:34:41,2.15,500,92500
20240208,12:34:46,2.15,250,92500
20240208,12:35:05,2.1,100,92500
20240208,12:35:24,2.1,3700,91600
20240208,12:35:31,2.1,100,91600
20240208,12:39:19,2.1,300,90100
20240208,12:39:26,2.1,350,90100
20240208,12:40:10,2.05,100,90100
20240208,12:40:29,2.05,600,90100
20240208,12:44:12,2.05,100,91250
20240208,12:44:35,2.05,50,91250
20240208,12:45:07,2.05,50,91250
20240208,12:47:01,2.1,50,91250
20240208,12:47:20,2.05,250,91250
20240208,12:48:00,2.05,350,91250
20240208,12:49:03,2.05,250,91250
20240208,12:49:08,2.05,50,91250
20240208,12:49:39,2.05,250,91250
20240208,12:49:45,2.05,100,91250
20240208,12:51:58,2.05,50,91500
20240208,12:55:34,2.05,100,91500
20240208,12:57:46,2.1,3600,91600
20240208,12:57:51,2.05,450,91600
20240208,12:59:16,2.05,250,91600
20240208,12:59:29,2.05,2300,88250
20240208,12:59:38,2.05,300,88250
20240208,12:59:57,2.05,250,88250
20240208,13:00:21,2.0,50,88250
20240208,13:00:39,2.0,50,88250
20240208,13:01:06,2.05,1000,88250
20240208,13:02:48,2.05,1100,87350
20240208,13:02:52,2.05,300,87350
20240208,13:03:01,2.05,650,87350
20240208,13:03:05,2.05,50,87350
20240208,13:03:19,2.05,1450,87350
20240208,13:03:37,2.05,350,87350
20240208,13:03:51,2.05,650,87350
20240208,13:04:01,2.0,250,87350
20240208,13:04:05,2.05,1600,87350
20240208,13:04:15,2.05,200,87350
20240208,13:04:19,2.05,350,87350
20240208,13:04:23,2.0,1800,87350
20240208,13:04:45,2.05,50,87350
20240208,13:04:50,2.05,400,87350
20240208,13:05:02,2.0,250,87350
20240208,13:05:10,2.05,2750,87350
20240208,13:05:13,2.05,300,87350
20240208,13:05:17,2.05,1200,87350
20240208,13:05:23,2.0,100,95250
20240208,13:05:28,2.05,1000,95250
20240208,13:05:41,2.05,50,95250
20240208,13:05:45,2.05,300,95250
20240208,13:05:54,2.05,100,95250
20240208,13:06:06,2.05,800,95250
20240208,13:06:25,2.05,300,95250
20240208,13:06:47,2.05,850,95250
20240208,13:07:01,2.05,50,95250
20240208,13:07:05,2.05,450,95250
20240208,13:07:09,2.05,100,95250
20240208,13:07:21,2.05,900,95250
20240208,13:07:37,2.0,300,95250
20240208,13:07:52,2.05,100,95250
20240208,13:08:09,2.05,550,95250
20240208,13:08:52,2.0,650,100800
20240208,13:09:21,2.0,200,100800
20240208,13:09:35,2.0,400,100800
20240208,13:11:35,2.0,300,101200
20240208,13:11:40,2.0,350,101200
20240208,13:12:16,2.0,850,101200
20240208,13:12:20,2.05,250,101200
20240208,13:13:28,2.0,600,101200
20240208,13:13:33,2.0,1800,101200
20240208,13:14:00,2.0,300,101200
20240208,13:16:02,2.05,300,101850
20240208,13:16:38,2.0,2100,101850
20240208,13:16:41,2.0,1000,101850
20240208,13:16:46,2.0,100,101850
20240208,13:16:54,2.0,650,101850
20240208,13:18:45,2.05,400,102000
20240208,13:19:09,2.0,50,102000
20240208,13:19:53,2.0,50,102000
20240208,13:20:09,2.0,150,102000
20240208,13:20:21,2.0,900,102150
20240208,13:20:43,2.0,50,102150
20240208,13:21:27,2.0,100,102150
20240208,13:21:33,2.05,250,102150
20240208,13:21:40,2.0,300,102150
20240208,13:22:01,2.0,200,102150
20240208,13:22:06,2.0,300,102150
20240208,13:22:30,2.0,1000,102150
20240208,13:25:55,2.05,500,103200
20240208,13:26:11,2.05,50,103200
20240208,13:29:35,2.0,50,103750
20240208,13:30:05,2.0,3000,103750
20240208,13:30:32,2.0,1000,103750
20240208,13:31:03,2.05,1800,103750
20240208,13:31:57,2.0,1800,103750
20240208,13:32:51,2.05,2550,105400
20240208,13:33:46,2.05,3600,105400
20240208,13:34:18,2.05,100,105400
20240208,13:34:34,2.1,100,105400
20240208,13:35:14,2.05,800,105400
20240208,13:35:38,2.05,100,109900
20240208,13:36:05,2.1,650,109900
20240208,13:36:08,2.1,3950,109900
20240208,13:37:19,2.1,2300,109900
20240208,13:37:47,2.05,500,109900
20240208,13:39:27,2.05,250,114150
20240208,13:39:56,2.1,450,114150
20240208,13:40:14,2.1,3050,114150
20240208,13:41:17,2.1,300,114150
20240208,13:41:21,2.1,50,114150
20240208,13:41:29,2.1,1450,116600
20240208,13:41:34,2.15,1800,116600
20240208,13:44:26,2.1,900,118400
20240208,13:44:45,2.1,50,118400
20240208,13:44:49,2.1,300,118400
20240208,13:44:53,2.1,400,118400
20240208,13:45:45,2.25,19250,118400
20240208,13:45:53,2.25,550,118400
20240208,13:45:58,2.25,3550,118400
20240208,13:46:19,2.25,7250,118400
20240208,13:46:26,2.25,3900,118400
20240208,13:46:34,2.25,1800,118400
20240208,13:46:45,2.3,1800,118400
20240208,13:47:29,2.25,250,134200
20240208,13:47:37,2.25,2300,134200
20240208,13:47:43,2.25,1700,134200
20240208,13:47:49,2.3,1800,134200
20240208,13:47:54,2.3,1500,134200
20240208,13:48:03,2.3,1800,134200
20240208,13:48:26,2.35,1800,134200
20240208,13:48:45,2.3,250,134200
20240208,13:50:11,2.3,500,134200
20240208,13:50:25,2.35,9150,134200
20240208,13:51:17,2.3,150,141350
20240208,13:51:33,2.4,9350,141350
20240208,13:51:46,2.35,1800,141350
20240208,13:52:00,2.35,3550,141350
20240208,13:52:04,2.35,200,141350
20240208,13:52:07,2.35,200,141350
20240208,13:52:26,2.35,3850,141350
20240208,13:52:53,2.3,9850,141350
20240208,13:53:07,2.3,1650,141350
20240208,13:53:13,2.3,50,141350
20240208,13:54:07,2.25,4250,152200
20240208,13:54:43,2.2,2450,152200
20240208,13:54:50,2.2,100,152200
20240208,13:55:03,2.15,100,152200
20240208,13:55:08,2.25,350,152200
20240208,13:55:14,2.2,1700,152200
20240208,13:55:26,2.15,3000,152200
20240208,13:55:32,2.2,1700,152200
20240208,13:55:36,2.2,3150,152200
20240208,13:55:41,2.2,1550,152200
20240208,13:55:55,2.2,1000,152200
20240208,13:56:00,2.2,1000,152200
20240208,13:56:05,2.2,1800,152200
20240208,13:56:09,2.2,1800,152200
20240208,13:56:13,2.2,2550,152200
20240208,13:56:17,2.2,1050,152200
20240208,13:56:22,2.2,800,152200
20240208,13:56:27,2.2,1250,149600
20240208,13:57:06,2.2,1000,149600
20240208,13:57:11,2.2,3250,149600
20240208,13:57:45,2.2,250,149600
20240208,13:57:49,2.2,200,149600
20240208,13:57:53,2.2,1000,149600
20240208,13:59:20,2.2,250,149600
20240208,13:59:53,2.2,450,149450
20240208,13:59:59,2.2,450,149450
20240208,14:00:07,2.2,100,149450
20240208,14:00:11,2.2,50,149450
20240208,14:00:40,2.25,100,149450
20240208,14:00:44,2.2,250,149450
20240208,14:00:47,2.2,1400,149450
20240208,14:01:02,2.2,150,149450
20240208,14:01:06,2.15,450,149450
20240208,14:01:13,2.2,250,149450
20240208,14:01:28,2.2,50,149450
20240208,14:01:43,2.2,2850,149450
20240208,14:02:06,2.2,250,149450
20240208,14:02:09,2.2,450,149450
20240208,14:02:13,2.25,2900,149450
20240208,14:02:16,2.2,100,149450
20240208,14:02:37,2.2,500,150700
20240208,14:02:42,2.2,50,150700
20240208,14:02:46,2.2,500,150700
20240208,14:03:03,2.2,450,150700
20240208,14:03:28,2.2,2250,150700
20240208,14:03:45,2.2,100,150700
20240208,14:03:59,2.25,3750,150700
20240208,14:04:06,2.2,1800,150700
20240208,14:04:14,2.15,4800,150700
20240208,14:04:28,2.15,450,150700
20240208,14:04:48,2.2,3150,150700
20240208,14:04:56,2.15,2600,150700
20240208,14:05:05,2.15,19100,150700
20240208,14:05:13,2.15,200,150700
20240208,14:05:20,2.15,250,150700
20240208,14:05:28,2.1,400,150700
20240208,14:05:43,2.15,50,159550
20240208,14:06:12,2.15,6700,159550
20240208,14:06:19,2.2,8900,159550
20240208,14:06:26,2.15,250,159550
20240208,14:07:12,2.2,800,159550
20240208,14:07:19,2.2,4350,159550
20240208,14:07:27,2.25,7800,159550
20240208,14:07:53,2.25,3650,159550
20240208,14:08:25,2.25,250,159550
20240208,14:08:44,2.2,1200,168050
20240208,14:09:03,2.2,100,168050
20240208,14:09:09,2.2,700,168050
20240208,14:09:15,2.25,1800,168050
20240208,14:10:44,2.2,50,168050
20240208,14:11:35,2.2,200,168900
20240208,14:11:54,2.2,400,168900
20240208,14:12:01,2.25,150,168900
20240208,14:12:06,2.25,50,168900
20240208,14:12:12,2.25,7300,168900
20240208,14:12:30,2.25,300,168900
20240208,14:12:43,2.25,4500,168900
20240208,14:12:49,2.25,2800,168900
20240208,14:13:01,2.3,3750,168900
20240208,14:13:40,2.3,400,168900
20240208,14:13:53,2.3,5750,168900
20240208,14:14:01,2.3,850,168900
20240208,14:14:09,2.3,100,168900
20240208,14:14:27,2.3,1850,168900
20240208,14:14:35,2.3,1800,183850
20240208,14:14:43,2.3,3600,183850
20240208,14:14:51,2.3,6650,183850
20240208,14:14:59,2.35,2850,183850
20240208,14:15:08,2.4,4750,183850
20240208,14:15:17,2.4,1100,183850
20240208,14:15:26,2.45,3200,183850
20240208,14:15:35,2.5,1800,183850
20240208,14:15:43,2.5,8300,183850
20240208,14:15:51,2.6,3850,183850
20240208,14:15:59,2.55,5100,183850
20240208,14:16:15,2.55,50,183850
20240208,14:16:23,2.55,2800,183850
20240208,14:16:31,2.5,1000,183850
20240208,14:16:39,2.5,50,183850
20240208,14:16:47,2.55,500,183850
20240208,14:16:56,2.6,2200,183850
20240208,14:17:28,2.55,500,183850
20240208,14:17:36,2.55,1950,189050
20240208,14:17:45,2.55,3250,189050
20240208,14:17:53,2.5,600,189050
20240208,14:18:01,2.55,2100,189050
20240208,14:18:16,2.55,2400,189050
20240208,14:18:24,2.5,1000,189050
20240208,14:18:32,2.5,700,189050
20240208,14:18:40,2.5,3350,189050
20240208,14:18:55,2.5,1400,189050
20240208,14:19:02,2.45,5800,189050
20240208,14:19:17,2.45,450,189050
20240208,14:19:39,2.45,2600,189050
20240208,14:19:45,2.4,1900,189050
20240208,14:19:59,2.4,300,189050
20240208,14:20:05,2.45,1800,189050
20240208,14:20:26,2.4,250,189050
20240208,14:20:33,2.4,500,194350
20240208,14:20:40,2.4,100,194350
20240208,14:20:54,2.45,4400,194350
20240208,14:21:02,2.45,2500,194350
20240208,14:21:16,2.5,5000,194350
20240208,14:21:30,2.5,2100,194350
20240208,14:21:36,2.5,250,194350
20240208,14:22:17,2.45,100,194350
20240208,14:22:47,2.45,100,194350
20240208,14:22:54,2.45,150,194350
20240208,14:23:00,2.45,800,194350
20240208,14:23:07,2.45,1300,194350
20240208,14:23:14,2.5,1950,194350
20240208,14:23:21,2.5,550,194350
20240208,14:23:41,2.55,150,193950
20240208,14:23:48,2.6,10850,193950
20240208,14:24:03,2.5,500,193950
20240208,14:24:18,2.5,1100,193950
20240208,14:24:45,2.5,2800,193950
20240208,14:24:51,2.5,150,193950
20240208,14:25:33,2.5,250,193950
20240208,14:25:53,2.5,50,193950
20240208,14:26:00,2.5,650,193950
20240208,14:26:24,2.55,1850,193950
20240208,14:26:42,2.55,500,194600
20240208,14:27:09,2.55,900,194600
20240208,14:27:43,2.55,4050,194600
20240208,14:27:52,2.5,2500,194600
20240208,14:28:00,2.55,150,194600
20240208,14:28:08,2.5,550,194600
20240208,14:28:16,2.55,1450,194600
20240208,14:28:32,2.6,1800,194600
20240208,14:28:40,2.55,200,194600
20240208,14:28:48,2.55,400,194600
20240208,14:28:56,2.55,650,194600
20240208,14:29:04,2.6,150,194600
20240208,14:29:33,2.55,50,201550
20240208,14:29:40,2.6,3600,201550
20240208,14:29:48,2.6,100,201550
20240208,14:29:55,2.6,200,201550
20240208,14:30:02,2.6,2250,201550
20240208,14:30:10,2.6,1800,201550
20240208,14:30:17,2.6,50,201550
20240208,14:30:25,2.55,200,201550
20240208,14:30:33,2.6,450,201550
20240208,14:30:41,2.6,300,201550
20240208,14:30:49,2.6,250,201550
20240208,14:30:56,2.65,2900,201550
20240208,14:31:05,2.65,3600,201550
20240208,14:31:13,2.6,350,201550
20240208,14:31:21,2.65,5750,201550
20240208,14:31:30,2.7,2350,201550
20240208,14:31:38,2.7,1200,201550
20240208,14:31:47,2.7,2100,201550
20240208,14:31:57,2.7,1350,201550
20240208,14:32:05,2.8,8700,201550
20240208,14:32:22,2.8,7950,201550
20240208,14:32:31,2.85,10850,224000
20240208,14:32:39,2.7,4950,224000
20240208,14:32:54,2.75,850,224000
20240208,14:33:02,2.8,1800,224000
20240208,14:33:09,2.75,700,224000
20240208,14:33:18,2.8,1300,224000
20240208,14:33:25,2.9,1600,224000
20240208,14:33:33,2.9,50,224000
20240208,14:33:40,2.85,1400,224000
20240208,14:33:48,2.85,300,224000
20240208,14:33:55,2.85,250,224000
20240208,14:34:03,2.8,5800,224000
20240208,14:34:11,2.7,1050,224000
20240208,14:34:19,2.7,300,224000
20240208,14:34:26,2.8,350,224000
20240208,14:34:48,2.8,200,224000
20240208,14:35:02,2.85,450,224000
20240208,14:35:10,2.85,2000,224000
20240208,14:35:17,2.8,1000,224000
20240208,14:35:25,2.9,5800,224000
20240208,14:35:33,3.0,1450,224950
20240208,14:35:41,3.05,600,224950
20240208,14:35:57,3.0,650,224950
20240208,14:36:06,3.0,250,224950
20240208,14:36:14,2.95,400,224950
20240208,14:36:22,3.0,3200,224950
20240208,14:36:30,3.0,1000,224950
20240208,14:36:37,3.0,3200,224950
20240208,14:37:07,3.05,100,224950
20240208,14:37:16,3.0,7500,224950
20240208,14:37:25,3.0,450,224950
20240208,14:37:33,3.0,2300,224950
20240208,14:37:42,3.0,1200,224950
20240208,14:37:50,3.0,3150,224950
20240208,14:37:59,3.0,3000,224950
20240208,14:38:08,3.0,900,224950
20240208,14:38:26,2.95,5200,224950
20240208,14:38:42,2.9,500,225100
20240208,14:39:00,2.95,1100,225100
20240208,14:39:10,2.95,2450,225100
20240208,14:39:27,3.0,1000,225100
20240208,14:39:45,2.95,150,225100
20240208,14:39:53,2.95,100,225100
20240208,14:40:02,2.95,2850,225100
20240208,14:40:18,3.0,150,225100
20240208,14:40:27,3.05,3050,225100
20240208,14:40:35,3.05,1300,225100
20240208,14:40:43,3.05,350,225100
20240208,14:40:51,3.05,50,225100
20240208,14:41:00,3.0,4900,225100
20240208,14:41:08,3.0,200,225100
20240208,14:41:16,3.05,300,225100
20240208,14:41:25,3.0,750,225100
20240208,14:41:34,3.0,300,226150
20240208,14:41:43,2.95,4900,226150
20240208,14:41:51,2.95,600,226150
20240208,14:42:07,2.9,1900,226150
20240208,14:42:16,2.85,1950,226150
20240208,14:42:25,2.85,1200,226150
20240208,14:42:34,2.85,2650,226150
20240208,14:42:51,2.85,300,226150
20240208,14:42:59,2.85,150,226150
20240208,14:43:24,2.8,1300,226150
20240208,14:44:31,2.8,1850,226150
20240208,14:44:38,2.8,2900,225550
20240208,14:45:26,2.85,100,225550
20240208,14:46:26,2.85,200,225550
20240208,14:46:42,2.85,200,225550
20240208,14:47:22,2.85,250,225550
20240208,14:47:37,2.75,750,223850
20240208,14:48:07,2.8,1050,223850
20240208,14:48:22,2.8,50,223850
20240208,14:48:37,2.8,100,223850
20240208,14:48:52,2.8,150,223850
20240208,14:49:15,2.8,1850,223850
20240208,14:49:23,2.85,400,223850
20240208,14:49:47,2.8,300,223850
20240208,14:49:54,2.8,500,223850
20240208,14:50:02,2.85,600,223850
20240208,14:50:18,2.85,6350,223850
20240208,14:50:26,2.8,250,223850
20240208,14:50:41,2.8,50,234450
20240208,14:50:49,2.85,1200,234450
20240208,14:50:56,2.8,3350,234450
20240208,14:51:03,2.8,150,234450
20240208,14:51:11,2.8,700,234450
20240208,14:51:19,2.85,150,234450
20240208,14:51:27,2.8,3200,234450
20240208,14:51:34,2.8,1000,234450
20240208,14:51:42,2.75,1750,234450
20240208,14:52:05,2.8,1150,234450
20240208,14:52:13,2.8,950,234450
20240208,14:52:20,2.85,1500,234450
20240208,14:52:27,2.85,2550,234450
20240208,14:52:34,2.85,250,234450
20240208,14:52:42,2.9,8200,234450
20240208,14:52:50,2.95,7450,234450
20240208,14:53:04,2.9,1000,234450
20240208,14:53:19,2.9,750,234450
20240208,14:53:27,2.9,1800,234450
20240208,14:53:35,2.9,1500,234450
20240208,14:53:56,2.9,100,255950
20240208,14:54:20,2.9,50,255950
20240208,14:54:35,2.9,500,255950
20240208,14:55:11,2.9,450,255950
20240208,14:55:26,2.95,1900,255950
20240208,14:55:43,2.95,500,255950
20240208,14:55:52,2.95,700,255950
20240208,14:56:00,2.95,950,255950
20240208,14:56:08,2.9,1400,255950
20240208,14:56:16,2.85,3950,255950
20240208,14:56:58,2.95,1600,257000
20240208,14:57:54,2.95,2350,257000
20240208,14:58:02,2.95,1500,257000
20240208,14:58:10,2.95,1800,257000
20240208,14:58:34,2.95,850,257000
20240208,14:58:54,3.0,700,257000
20240208,14:59:04,3.0,6750,257000
20240208,14:59:13,3.0,300,257000
20240208,14:59:22,3.0,50,257000
20240208,14:59:30,3.05,100,257000
20240208,14:59:39,3.05,1850,257000
20240208,14:59:48,3.05,900,255950
20240208,15:00:06,3.1,4350,255950
20240208,15:00:24,3.1,1550,255950
20240208,15:00:32,3.0,1450,255950
20240208,15:00:41,2.95,13250,255950
20240208,15:00:59,2.95,600,255950
20240208,15:01:09,2.95,10150,255950
20240208,15:01:18,2.95,1650,255950
20240208,15:01:35,2.95,1800,255950
20240208,15:01:54,3.05,2850,255950
20240208,15:02:14,3.15,750,255950
20240208,15:02:24,3.2,2000,255950
20240208,15:02:33,3.25,3150,255950
20240208,15:02:43,3.25,2800,256150
20240208,15:02:53,3.3,3500,256150
20240208,15:03:03,3.3,5300,256150
20240208,15:03:13,3.35,3150,256150
20240208,15:03:23,3.2,2150,256150
20240208,15:03:32,3.2,1150,256150
20240208,15:03:42,3.35,3100,256150
20240208,15:03:51,3.3,3450,256150
20240208,15:04:01,3.2,4300,256150
20240208,15:04:11,3.25,5300,256150
20240208,15:04:28,3.15,8100,256150
20240208,15:04:36,3.2,1500,256150
20240208,15:04:45,3.15,300,256150
20240208,15:04:54,3.15,4150,256150
20240208,15:05:04,2.9,5000,256150
20240208,15:05:14,3.0,550,256150
20240208,15:05:24,3.05,1600,256150
20240208,15:05:41,2.95,150,256150
20240208,15:05:49,2.95,1550,272100
20240208,15:05:58,2.95,1150,272100
20240208,15:06:07,2.9,1600,272100
20240208,15:06:17,2.85,3300,272100
20240208,15:06:25,2.85,2000,272100
20240208,15:06:33,2.9,450,272100
20240208,15:06:42,2.85,1150,272100
20240208,15:06:51,2.85,500,272100
20240208,15:06:59,2.8,3850,272100
20240208,15:07:08,2.85,2300,272100
20240208,15:07:18,2.85,1050,272100
20240208,15:07:36,2.9,12150,272100
20240208,15:07:45,2.9,7250,272100
20240208,15:08:03,2.9,500,272100
20240208,15:08:20,2.95,500,272100
20240208,15:08:37,2.9,1350,272100
20240208,15:08:46,2.9,1850,293400
20240208,15:08:55,2.9,3400,293400
20240208,15:09:03,2.85,50,293400
20240208,15:09:12,2.9,200,293400
20240208,15:09:21,2.9,2550,293400
20240208,15:09:30,2.8,3500,293400
20240208,15:09:40,2.8,5100,293400
20240208,15:09:49,2.8,550,293400
20240208,15:09:58,2.75,3000,293400
20240208,15:10:07,2.85,4000,293400
20240208,15:10:15,2.9,1500,293400
20240208,15:10:24,2.95,900,293400
20240208,15:10:33,2.9,1800,293400
20240208,15:10:42,2.9,100,293400
20240208,15:10:50,2.9,200,293400
20240208,15:10:59,2.9,500,293400
20240208,15:11:07,2.9,350,293400
20240208,15:11:16,2.95,50,293400
20240208,15:11:32,2.95,650,293400
20240208,15:11:41,2.85,3000,301500
20240208,15:11:49,2.85,500,301500
20240208,15:11:58,2.85,1650,301500
20240208,15:12:06,2.85,250,301500
20240208,15:12:14,2.8,3150,301500
20240208,15:12:22,2.75,2050,301500
20240208,15:12:30,2.75,300,301500
20240208,15:12:38,2.8,2400,301500
20240208,15:12:54,2.7,1050,301500
20240208,15:13:02,2.75,1100,301500
20240208,15:13:11,2.7,11450,301500
20240208,15:13:19,2.7,17400,301500
20240208,15:13:27,2.7,600,301500
20240208,15:13:35,2.7,50,301500
20240208,15:13:43,2.7,1900,301500
20240208,15:13:51,2.65,400,301500
20240208,15:13:59,2.7,1000,301500
20240208,15:14:07,2.65,3850,301500
20240208,15:14:16,2.65,6250,301500
20240208,15:14:24,2.7,350,301500
20240208,15:14:41,2.65,1000,307900
20240208,15:15:07,2.65,600,307900
20240208,15:15:16,2.7,3100,307900
20240208,15:15:25,2.7,12150,307900
20240208,15:15:33,2.7,800,307900
20240208,15:15:41,2.75,4700,307900
20240208,15:15:49,2.7,2150,307900
20240208,15:15:58,2.7,650,307900
20240208,15:16:06,2.7,250,307900
20240208,15:16:14,2.75,850,307900
20240208,15:16:30,2.75,500,307900
20240208,15:16:37,2.75,600,307900
20240208,15:16:53,2.75,4300,307900
20240208,15:17:01,2.75,17600,307900
20240208,15:17:17,2.7,4200,307900
20240208,15:17:24,2.75,1150,307900
20240208,15:17:32,2.8,4000,307900
20240208,15:17:40,2.8,1500,307900
20240208,15:17:48,2.8,3600,318550
20240208,15:17:56,2.75,2150,318550
20240208,15:18:04,2.8,1350,318550
20240208,15:18:19,2.75,18750,318550
20240208,15:18:27,2.7,1000,318550
20240208,15:18:35,2.75,150,318550
20240208,15:18:42,2.75,250,318550
20240208,15:18:57,2.8,11800,318550
20240208,15:19:05,2.75,2250,318550
20240208,15:19:13,2.7,8050,318550
20240208,15:19:21,2.7,1000,318550
20240208,15:19:29,2.6,38200,318550
20240208,15:19:37,2.7,2900,318550
20240208,15:19:45,2.75,21450,318550
20240208,15:19:53,2.7,2050,318550
20240208,15:20:02,2.7,250,318550
20240208,15:20:11,2.7,17650,318550
20240208,15:20:20,2.7,1950,318550
20240208,15:20:36,2.7,2000,318550
20240208,15:20:44,2.7,550,354150
20240208,15:20:52,2.7,3250,354150
20240208,15:21:00,2.7,4000,354150
20240208,15:21:16,2.65,3400,354150
20240208,15:21:24,2.65,3100,354150
20240208,15:21:48,2.65,4600,354150
20240208,15:21:57,2.6,3600,354150
20240208,15:22:04,2.7,13100,354150
20240208,15:22:13,2.65,11450,354150
20240208,15:22:29,2.65,250,354150
20240208,15:22:38,2.7,1200,354150
20240208,15:22:47,2.7,50,354150
20240208,15:22:55,2.7,900,354150
20240208,15:23:02,2.65,1250,354150
20240208,15:23:11,2.6,2450,354150
20240208,15:23:18,2.6,1850,354150
20240208,15:23:26,2.6,1950,354150
20240208,15:23:34,2.6,500,354150
20240208,15:23:41,2.55,1800,336250
20240208,15:23:48,2.55,500,336250
20240208,15:23:56,2.6,100,336250
20240208,15:24:03,2.6,4150,336250
20240208,15:24:10,2.55,200,336250
20240208,15:24:26,2.6,50,336250
20240208,15:24:41,2.5,4900,336250
20240208,15:24:48,2.5,4200,336250
20240208,15:24:55,2.5,1050,336250
20240208,15:25:03,2.55,1600,336250
20240208,15:25:12,2.45,1950,336250
20240208,15:25:29,2.5,450,336250
20240208,15:25:37,2.45,50,336250
20240208,15:25:45,2.5,100,336250
20240208,15:25:53,2.45,14400,336250
20240208,15:26:01,2.45,2950,336250
20240208,15:26:09,2.45,1200,336250
20240208,15:26:17,2.45,700,336250
20240208,15:26:25,2.4,9550,336250
20240208,15:26:34,2.4,300,336250
20240208,15:26:42,2.4,300,335750
20240208,15:26:51,2.4,200,335750
20240208,15:26:59,2.4,900,335750
20240208,15:27:07,2.4,1050,335750
20240208,15:27:16,2.4,7750,335750
20240208,15:27:25,2.35,4700,335750
20240208,15:27:34,2.35,750,335750
20240208,15:27:43,2.4,4550,335750
20240208,15:27:53,2.35,4100,335750
20240208,15:28:02,2.4,50,335750
20240208,15:28:11,2.4,5150,335750
20240208,15:28:20,2.4,1350,335750
20240208,15:28:30,2.4,300,335750
20240208,15:28:39,2.5,3350,335750
20240208,15:28:47,2.5,700,335750
20240208,15:28:57,2.4,3200,335750
20240208,15:29:05,2.45,1950,335750
20240208,15:29:13,2.45,400,335750
20240208,15:29:22,2.4,3950,335750
20240208,15:29:31,2.3,13150,335750
20240208,15:29:40,2.3,9700,362150
20240208,15:29:49,2.45,17800,362150
20240208,15:29:59,2.25,8800,362150
20240209,09:15:02,1.8,1,362350
20240209,09:15:02,1.8,200,362350
20240209,09:15:03,2.75,100,362350
20240209,09:15:04,2.75,1000,362350
20240209,09:15:05,2.75,2300,362350
20240209,09:15:06,2.5,8100,362350
20240209,09:15:07,2.5,7150,362350
20240209,09:15:08,2.75,15250,362350
20240209,09:15:09,2.75,3000,362350
20240209,09:15:10,2.7,50,362350
20240209,09:15:11,2.7,1900,362350
20240209,09:15:12,2.7,150,362350
20240209,09:15:14,2.65,550,362350
20240209,09:15:15,2.6,1600,362350
20240209,09:15:16,2.6,200,362350
20240209,09:15:17,2.55,50,362350
20240209,09:15:22,2.6,500,362350
20240209,09:15:24,2.6,150,362350
20240209,09:15:28,2.55,200,362350
20240209,09:15:29,2.6,50,362350
20240209,09:15:30,2.5,4200,362350
20240209,09:15:31,2.45,2700,362350
20240209,09:15:32,2.5,2600,362350
20240209,09:15:33,2.45,8700,362350
20240209,09:15:34,2.5,800,362350
20240209,09:15:36,2.4,4950,362350
20240209,09:15:37,2.4,50,362350
20240209,09:15:39,2.35,1100,362350
20240209,09:15:40,2.35,1800,362350
20240209,09:15:41,2.35,450,362350
20240209,09:15:42,2.4,700,362350
20240209,09:15:44,2.35,11100,362350
20240209,09:15:47,2.35,1800,362350
20240209,09:15:48,2.35,4650,362350
20240209,09:15:51,2.3,5850,362350
20240209,09:15:52,2.3,550,362350
20240209,09:15:54,2.25,100,362350
20240209,09:15:57,2.3,50,362350
20240209,09:15:59,2.25,1800,362350
20240209,09:16:00,2.2,12950,362350
20240209,09:16:01,2.25,50,362350
20240209,09:16:02,2.25,3650,362350
20240209,09:16:03,2.25,750,362350
20240209,09:16:07,2.3,500,362350
20240209,09:16:10,2.3,50,362350
20240209,09:16:11,2.25,2200,362350
20240209,09:16:13,2.3,6950,362350
20240209,09:16:15,2.3,250,362350
20240209,09:16:16,2.3,2800,362350
20240209,09:16:18,2.3,800,362350
20240209,09:16:19,2.3,300,376150
20240209,09:16:23,2.35,300,376150
20240209,09:16:24,2.3,250,376150
20240209,09:16:25,2.3,350,376150
20240209,09:16:27,2.3,400,376150
20240209,09:16:28,2.35,100,376150
20240209,09:16:29,2.3,3800,376150
20240209,09:16:31,2.3,250,376150
20240209,09:16:33,2.35,50,376150
20240209,09:16:35,2.3,500,376150
20240209,09:16:37,2.35,750,376150
20240209,09:16:38,2.35,300,376150
20240209,09:16:39,2.3,1850,376150
20240209,09:16:41,2.3,550,376150
20240209,09:16:42,2.3,1500,376150
20240209,09:16:44,2.3,350,376150
20240209,09:16:47,2.3,250,376150
20240209,09:16:52,2.3,250,376150
20240209,09:16:54,2.35,300,376150
20240209,09:16:56,2.35,250,376150
20240209,09:16:57,2.3,1500,376150
20240209,09:16:58,2.3,2450,376150
20240209,09:17:00,2.35,50,376150
20240209,09:17:01,2.35,4700,376150
20240209,09:17:02,2.35,4200,376150
20240209,09:17:03,2.35,1800,376150
20240209,09:17:06,2.35,5050,376150
20240209,09:17:07,2.35,6000,376150
20240209,09:17:10,2.35,1850,376150
20240209,09:17:11,2.35,2050,376150
20240209,09:17:12,2.35,1800,376150
20240209,09:17:13,2.35,50,376150
20240209,09:17:15,2.35,250,376150
20240209,09:17:16,2.35,50,376150
20240209,09:17:19,2.35,50,376150
20240209,09:17:21,2.35,200,376150
20240209,09:17:22,2.35,150,376150
20240209,09:17:23,2.35,200,376150
20240209,09:17:24,2.35,1000,376150
20240209,09:17:26,2.4,15300,376150
20240209,09:17:29,2.4,750,376150
20240209,09:17:30,2.4,250,376150
20240209,09:17:31,2.45,2450,376150
20240209,09:17:32,2.45,50,376150
20240209,09:17:33,2.45,350,376150
20240209,09:17:34,2.45,400,376150
20240209,09:17:35,2.45,50,376150
20240209,09:17:36,2.45,2500,376150
20240209,09:17:37,2.5,12000,376150
20240209,09:17:39,2.55,200,376150
20240209,09:17:41,2.55,1000,376150
20240209,09:17:42,2.55,250,376150
20240209,09:17:44,2.55,200,376150
20240209,09:17:45,2.55,200,376150
20240209,09:17:46,2.5,3400,376150
20240209,09:17:47,2.55,300,376150
20240209,09:17:50,2.55,450,376150
20240209,09:17:51,2.6,5450,376150
20240209,09:17:52,2.6,950,376150
20240209,09:17:53,2.6,4000,376150
20240209,09:17:54,2.65,2250,376150
20240209,09:17:55,2.65,2800,376150
20240209,09:17:56,2.65,250,376150
20240209,09:17:57,2.65,250,376150
20240209,09:17:58,2.65,350,376150
20240209,09:18:00,2.65,4250,376150
20240209,09:18:01,2.65,500,376150
20240209,09:18:02,2.6,1800,376150
20240209,09:18:03,2.6,950,376150
20240209,09:18:04,2.6,2500,376150
20240209,09:18:08,2.65,1800,376150
20240209,09:18:09,2.6,250,376150
20240209,09:18:11,2.6,15800,376150
20240209,09:18:18,2.6,600,376150
20240209,09:18:19,2.55,100,376150
20240209,09:18:21,2.55,600,376150
20240209,09:18:22,2.6,50,376150
20240209,09:18:23,2.6,500,376150
20240209,09:18:24,2.6,1000,376150
20240209,09:18:32,2.6,200,376150
20240209,09:18:35,2.6,3350,376150
20240209,09:18:36,2.55,250,376150
20240209,09:18:37,2.55,250,376150
20240209,09:18:38,2.55,500,376150
20240209,09:18:41,2.6,100,376150
20240209,09:18:43,2.55,5850,376150
20240209,09:18:47,2.55,3700,376150
20240209,09:18:47,2.55,100,376150
20240209,09:18:49,2.55,1800,376150
20240209,09:18:52,2.55,1800,376150
20240209,09:18:53,2.55,2000,376150
20240209,09:18:55,2.5,50,376150
20240209,09:18:56,2.5,3150,376150
20240209,09:19:00,2.55,200,376150
20240209,09:19:04,2.5,5650,376150
20240209,09:19:05,2.5,11650,376150
20240209,09:19:06,2.5,2350,376150
20240209,09:19:10,2.45,50,376150
20240209,09:19:14,2.45,50,376150
20240209,09:19:16,2.45,50,376150
20240209,09:19:17,2.45,2100,376150
20240209,09:19:17,2.45,650,389650
20240209,09:19:18,2.4,14700,389650
20240209,09:19:20,2.45,2400,389650
20240209,09:19:27,2.4,1800,389650
20240209,09:19:28,2.4,200,389650
20240209,09:19:40,2.4,1000,389650
20240209,09:19:41,2.4,1000,389650
20240209,09:19:44,2.45,2000,389650
20240209,09:19:46,2.4,100,389650
20240209,09:19:49,2.4,100,389650
20240209,09:19:51,2.4,150,389650
20240209,09:19:53,2.45,1000,389650
20240209,09:19:53,2.4,200,389650
20240209,09:19:57,2.4,500,389650
20240209,09:19:59,2.45,1250,389650
20240209,09:20:01,2.4,6950,389650
20240209,09:20:05,2.4,50,389650
20240209,09:20:10,2.4,250,389650
20240209,09:20:15,2.35,1000,389650
20240209,09:20:16,2.35,250,389650
20240209,09:20:17,2.4,100,389650
20240209,09:20:23,2.4,100,389650
20240209,09:20:28,2.35,200,389650
20240209,09:20:29,2.35,400,389650
20240209,09:20:33,2.4,1000,389650
20240209,09:20:35,2.4,100,389650
20240209,09:20:40,2.35,2650,389650
20240209,09:20:41,2.4,100,389650
20240209,09:20:42,2.4,300,389650
20240209,09:20:53,2.35,50,389650
20240209,09:20:55,2.4,50,389650
20240209,09:20:57,2.35,50,389650
20240209,09:20:59,2.35,50,389650
20240209,09:21:00,2.35,50,389650
20240209,09:21:02,2.4,50,389650
20240209,09:21:03,2.4,5000,389650
20240209,09:21:05,2.4,250,389650
20240209,09:21:15,2.35,50,389650
20240209,09:21:21,2.35,50,389650
20240209,09:21:24,2.4,800,389650
20240209,09:21:26,2.4,600,389650
20240209,09:21:28,2.35,550,389650
20240209,09:21:29,2.4,1050,389650
20240209,09:21:30,2.4,750,389650
20240209,09:21:32,2.4,650,389650
20240209,09:21:33,2.35,1100,389650
20240209,09:21:35,2.4,200,389650
20240209,09:21:36,2.4,350,389650
20240209,09:21:38,2.4,200,389650
20240209,09:21:39,2.4,100,389650
20240209,09:21:40,2.4,200,389650
20240209,09:21:43,2.4,450,389650
20240209,09:21:44,2.4,100,389650
20240209,09:21:45,2.35,450,389650
20240209,09:21:47,2.4,850,389650
20240209,09:21:48,2.35,100,389650
20240209,09:21:49,2.4,800,389650
20240209,09:21:50,2.35,50,389650
20240209,09:21:51,2.4,150,389650
20240209,09:21:52,2.4,800,389650
20240209,09:21:54,2.4,850,389650
20240209,09:21:56,2.4,1050,389650
20240209,09:21:57,2.4,150,389650
20240209,09:21:58,2.4,3850,389650
20240209,09:21:59,2.45,1050,389650
20240209,09:22:00,2.45,150,389650
20240209,09:22:02,2.45,900,389650
20240209,09:22:05,2.45,50,389650
20240209,09:22:07,2.4,50,389650
20240209,09:22:10,2.4,200,389650
20240209,09:22:12,2.4,200,389650
20240209,09:22:14,2.45,300,389650
20240209,09:22:15,2.4,4000,389650
20240209,09:22:18,2.35,50,389650
20240209,09:22:19,2.35,1800,398850
20240209,09:22:20,2.35,700,398850
20240209,09:22:27,2.35,950,398850
20240209,09:22:29,2.35,250,398850
20240209,09:22:31,2.35,200,398850
20240209,09:22:35,2.35,400,398850
20240209,09:22:38,2.35,28100,398850
20240209,09:22:41,2.3,3150,398850
20240209,09:22:42,2.3,50,398850
20240209,09:22:49,2.3,1900,398850
20240209,09:22:51,2.3,8050,398850
20240209,09:22:57,2.3,900,398850
20240209,09:23:01,2.25,1550,398850
20240209,09:23:04,2.25,1500,398850
20240209,09:23:05,2.3,50,398850
20240209,09:23:07,2.25,150,398850
20240209,09:23:09,2.25,1700,398850
20240209,09:23:11,2.25,7550,398850
20240209,09:23:12,2.25,50,398850
20240209,09:23:13,2.25,250,398850
20240209,09:23:18,2.25,1750,398850
20240209,09:23:19,2.2,1500,398850
20240209,09:23:21,2.2,2700,398850
20240209,09:23:22,2.2,50,398850
20240209,09:23:24,2.2,1000,398850
20240209,09:23:25,2.2,1950,398850
20240209,09:23:26,2.2,1600,398850
20240209,09:23:26,2.2,500,398850
20240209,09:23:27,2.2,1600,398850
20240209,09:23:28,2.2,6200,398850
20240209,09:23:29,2.2,300,398850
20240209,09:23:30,2.2,150,398850
20240209,09:23:34,2.2,7250,398850
20240209,09:23:35,2.15,50,398850
20240209,09:23:39,2.15,50,398850
20240209,09:23:49,2.15,200,398850
20240209,09:23:51,2.2,100,398850
20240209,09:23:54,2.2,50,398850
20240209,09:23:57,2.2,50,398850
20240209,09:24:02,2.2,50,398850
20240209,09:24:05,2.2,50,398850
20240209,09:24:11,2.2,50,398850
20240209,09:24:14,2.15,5350,398850
20240209,09:24:15,2.15,900,398850
20240209,09:24:21,2.1,1800,398850
20240209,09:24:22,2.1,50,398850
20240209,09:24:27,2.15,200,398850
20240209,09:24:30,2.1,1200,398850
20240209,09:24:51,2.1,400,398850
20240209,09:25:01,2.1,14250,398850
20240209,09:25:02,2.1,4000,398850
20240209,09:25:05,2.05,1000,398850
20240209,09:25:07,2.1,250,398850
20240209,09:25:08,2.1,600,398850
20240209,09:25:09,2.1,550,398850
20240209,09:25:10,2.1,200,398850
20240209,09:25:11,2.1,350,398850
20240209,09:25:12,2.1,700,398850
20240209,09:25:13,2.1,850,398850
20240209,09:25:14,2.1,100,398850
20240209,09:25:15,2.1,2000,398850
20240209,09:25:18,2.1,1800,398850
20240209,09:25:24,2.1,150,416950
20240209,09:25:25,2.1,50,416950
20240209,09:25:27,2.05,450,416950
20240209,09:25:27,2.05,600,416950
20240209,09:25:28,2.05,750,416950
20240209,09:25:30,2.05,1050,416950
20240209,09:25:31,2.05,750,416950
20240209,09:25:32,2.05,750,416950
20240209,09:25:33,2.05,600,416950
20240209,09:25:34,2.05,900,416950
20240209,09:25:35,2.05,750,416950
20240209,09:25:36,2.05,450,416950
20240209,09:25:37,2.05,750,416950
20240209,09:25:38,2.1,650,416950
20240209,09:25:40,2.05,5000,416950
20240209,09:25:47,2.05,1350,416950
20240209,09:25:48,2.05,1350,416950
20240209,09:25:49,2.05,7750,416950
20240209,09:25:50,2.05,50,416950
20240209,09:25:51,2.05,1100,416950
20240209,09:25:53,2.05,250,416950
20240209,09:25:55,2.05,500,416950
20240209,09:26:02,2.0,350,416950
20240209,09:26:05,2.0,1050,416950
20240209,09:26:06,2.0,17700,416950
20240209,09:26:07,2.0,600,416950
20240209,09:26:08,2.0,2000,416950
20240209,09:26:09,2.0,1650,416950
20240209,09:26:10,2.0,1750,416950
20240209,09:26:12,2.05,3300,416950
20240209,09:26:12,2.05,350,416950
20240209,09:26:18,2.0,1500,416950
20240209,09:26:19,2.0,1600,416950
20240209,09:26:21,2.05,150,416950
20240209,09:26:22,2.05,1800,416950
20240209,09:26:24,2.05,1800,416950
20240209,09:26:25,2.0,1800,416950
20240209,09:26:26,2.0,5400,416950
20240209,09:26:30,2.05,50,416950
20240209,09:26:31,2.0,750,416950
20240209,09:26:33,2.0,5100,416950
20240209,09:26:34,2.05,500,416950
20240209,09:26:34,2.05,1800,416950
20240209,09:26:37,2.0,250,416950
20240209,09:26:38,2.0,1000,416950
20240209,09:26:39,2.0,950,416950
20240209,09:26:40,2.0,1850,416950
20240209,09:26:44,2.0,50,416950
20240209,09:26:46,2.05,50,416950
20240209,09:26:55,2.0,2550,416950
20240209,09:26:56,2.0,3850,416950
20240209,09:26:57,2.0,1550,416950
20240209,09:26:58,2.0,1550,416950
20240209,09:26:59,2.0,600,416950
20240209,09:27:00,2.0,400,416950
20240209,09:27:01,2.0,4100,416950
20240209,09:27:02,2.0,600,416950
20240209,09:27:03,2.05,2950,416950
20240209,09:27:07,2.05,50,416950
20240209,09:27:08,2.05,50,416950
20240209,09:27:09,2.05,100,416950
20240209,09:27:10,2.05,1800,416950
20240209,09:27:16,2.05,800,416950
20240209,09:27:23,2.05,50,416950
20240209,09:27:39,2.05,1000,416950
20240209,09:27:40,2.0,3550,416950
20240209,09:27:41,2.0,4700,416950
20240209,09:27:42,2.0,10150,416950
20240209,09:27:44,2.0,150,416950
20240209,09:27:46,2.0,1850,416950
20240209,09:27:47,2.0,300,416950
20240209,09:27:48,2.0,11450,416950
20240209,09:27:55,2.0,2050,416950
20240209,09:27:56,2.0,1350,416950
20240209,09:27:57,2.0,2750,416950
20240209,09:27:58,2.05,1200,416950
20240209,09:27:59,2.05,400,416950
20240209,09:28:00,2.0,1650,416950
20240209,09:28:01,2.0,900,416950
20240209,09:28:03,2.05,500,416950
20240209,09:28:04,2.05,450,416950
20240209,09:28:05,2.05,350,416950
20240209,09:28:07,2.05,50,416950
20240209,09:28:08,2.05,150,416950
20240209,09:28:09,2.05,150,416950
20240209,09:28:10,2.05,400,416950
20240209,09:28:11,2.05,350,416950
20240209,09:28:12,2.05,200,416950
20240209,09:28:13,2.05,600,416950
20240209,09:28:22,2.0,100,416950
20240209,09:28:33,2.0,500,483950
20240209,09:28:37,2.0,50,483950
20240209,09:28:43,2.05,400,483950
20240209,09:28:47,2.05,500,483950
20240209,09:28:48,2.05,500,483950
20240209,09:28:51,2.0,250,483950
20240209,09:28:57,2.05,100,483950
20240209,09:29:05,2.05,350,483950
20240209,09:29:08,2.05,150,483950
20240209,09:29:09,2.05,100,483950
20240209,09:29:10,2.05,300,483950
20240209,09:29:12,2.05,50,483950
20240209,09:29:13,2.05,100,483950
20240209,09:29:14,2.05,1800,483950
20240209,09:29:15,2.05,1250,483950
20240209,09:29:16,2.05,200,483950
20240209,09:29:17,2.0,50,483950
20240209,09:29:19,2.05,1800,483950
20240209,09:29:25,2.0,50,483950
20240209,09:29:29,2.0,50,483950
20240209,09:29:30,2.05,800,483950
20240209,09:29:34,2.05,500,483950
20240209,09:29:35,2.0,50,483950
20240209,09:29:39,2.05,400,483950
20240209,09:29:40,2.05,50,483950
20240209,09:29:44,2.05,100,483950
20240209,09:30:01,2.0,250,483950
20240209,09:30:02,2.0,550,483950
20240209,09:30:07,2.05,50,483950
20240209,09:30:08,2.05,50,483950
20240209,09:30:09,2.0,250,483950
20240209,09:30:11,2.05,150,483950
20240209,09:30:12,2.05,100,483950
20240209,09:30:13,2.05,50,483950
20240209,09:30:16,2.0,150,483950
20240209,09:30:19,2.0,50,483950
20240209,09:30:20,2.0,1500,483950
20240209,09:30:21,2.0,2550,483950
20240209,09:30:24,2.05,500,483950
20240209,09:30:25,2.0,400,483950
20240209,09:30:27,2.0,250,483950
20240209,09:30:28,2.0,1500,483950
20240209,09:30:29,2.0,1300,483950
20240209,09:30:42,2.0,900,483950
20240209,09:30:43,2.0,250,483950
20240209,09:30:44,2.05,1000,483950
20240209,09:30:59,2.0,250,483950
20240209,09:31:00,2.0,250,483950
20240209,09:31:01,2.0,300,483950
20240209,09:31:02,2.0,750,483950
20240209,09:31:05,2.0,100,483950
20240209,09:31:06,2.05,100,483950
20240209,09:31:07,2.05,100,483950
20240209,09:31:08,2.05,200,483950
20240209,09:31:09,2.05,250,483950
20240209,09:31:10,2.05,150,483950
20240209,09:31:11,2.05,11150,483950
20240209,09:31:12,2.0,400,483950
20240209,09:31:15,2.0,12550,483950
20240209,09:31:18,2.0,50,483950
20240209,09:31:19,2.0,150,483950
20240209,09:31:25,1.95,1500,468300
20240209,09:31:26,2.0,50,468300
20240209,09:31:29,1.95,250,468300
20240209,09:31:30,1.95,9750,468300
20240209,09:31:32,1.95,100,468300
20240209,09:31:37,1.95,400,468300
20240209,09:31:40,1.95,250,468300
20240209,09:31:41,1.95,200,468300
20240209,09:31:43,1.95,250,468300
20240209,09:31:44,1.9,700,468300
20240209,09:31:50,1.9,1500,468300
20240209,09:32:07,1.95,100,468300
20240209,09:32:08,1.95,350,468300
20240209,09:32:09,1.95,200,468300
20240209,09:32:10,1.95,200,468300
20240209,09:32:11,1.95,300,468300
20240209,09:32:16,1.9,50,468300
20240209,09:32:19,1.9,600,468300
20240209,09:32:21,1.95,100,468300
20240209,09:32:25,1.9,200,468300
20240209,09:32:26,1.9,200,468300
20240209,09:32:27,1.9,250,468300
20240209,09:32:29,1.9,200,468300
20240209,09:32:30,1.9,200,468300
20240209,09:32:33,1.9,50,468300
20240209,09:32:33,1.9,300,468300
20240209,09:32:34,1.9,100,468300
20240209,09:32:50,1.9,200,468300
20240209,09:32:53,1.9,100,468300
20240209,09:32:54,1.9,50,468300
20240209,09:32:54,1.9,200,468300
20240209,09:32:55,1.9,100,468300
20240209,09:33:07,1.95,200,468300
20240209,09:33:08,1.95,200,468300
20240209,09:33:09,1.95,400,468300
20240209,09:33:10,1.9,400,468300
20240209,09:33:11,1.95,100,468300
20240209,09:33:12,1.95,100,468300
20240209,09:33:13,1.95,100,468300
20240209,09:33:25,1.9,50,468300
20240209,09:33:32,1.95,650,468300
20240209,09:33:35,1.95,4450,468300
20240209,09:33:38,1.95,50,468300
20240209,09:33:40,1.9,50,468300
20240209,09:33:44,1.95,150,468300
20240209,09:33:46,1.9,50,468300
20240209,09:33:47,1.9,50,468300
20240209,09:33:58,1.95,50,468300
20240209,09:34:00,1.9,400,468300
20240209,09:34:07,1.9,50,468300
20240209,09:34:16,1.95,100,468300
20240209,09:34:24,2.0,5500,477600
20240209,09:34:25,1.95,3300,477600
20240209,09:34:26,1.95,2200,477600
20240209,09:34:27,1.95,700,477600
20240209,09:34:33,1.95,9500,477600
20240209,09:34:40,1.95,15650,477600
20240209,09:34:44,1.95,50,477600
20240209,09:35:07,1.9,450,477600
20240209,09:35:09,1.95,100,477600
20240209,09:35:10,1.95,500,477600
20240209,09:35:10,1.95,300,477600
20240209,09:35:12,1.95,400,477600
20240209,09:35:14,1.95,100,477600
20240209,09:35:19,1.9,50,477600
20240209,09:35:21,1.9,50,477600
20240209,09:35:27,1.9,150,477600
20240209,09:35:29,1.9,100,477600
20240209,09:35:30,1.9,50,477600
20240209,09:35:31,1.9,150,477600
20240209,09:35:33,1.9,100,477600
20240209,09:35:36,1.95,100,477600
20240209,09:35:46,1.9,1700,477600
20240209,09:35:52,1.9,1600,477600
20240209,09:35:55,1.9,250,477600
20240209,09:36:04,1.9,250,477600
20240209,09:36:52,1.95,50,477600
20240209,09:37:00,1.95,1800,477600
20240209,09:37:00,1.95,9000,477600
20240209,09:37:02,1.95,25350,477600
20240209,09:37:05,1.95,2300,477600
20240209,09:37:05,1.95,1000,477600
20240209,09:37:08,1.95,100,477600
20240209,09:37:10,2.0,200,477600
20240209,09:37:16,2.0,200,477600
20240209,09:37:19,2.0,200,477600
20240209,09:37:22,2.0,50,477600
20240209,09:37:22,1.95,250,468350
20240209,09:37:31,1.95,1800,468350
20240209,09:37:52,1.95,400,468350
20240209,09:37:55,2.0,100,468350
20240209,09:38:23,2.0,21400,468350
20240209,09:38:25,2.0,23400,468350
20240209,09:38:34,1.95,350,468350
20240209,09:38:44,2.0,50,468350
20240209,09:38:48,1.95,1800,468350
20240209,09:38:49,1.95,1200,468350
20240209,09:38:50,2.0,50,468350
20240209,09:38:55,2.0,1000,468350
20240209,09:38:58,1.95,1800,468350
20240209,09:39:05,2.0,200,468350
20240209,09:39:10,1.95,50,468350
20240209,09:39:11,1.95,2450,468350
20240209,09:39:14,1.95,2750,468350
20240209,09:39:15,2.0,700,468350
20240209,09:39:16,2.0,300,468350
20240209,09:39:17,2.0,500,468350
20240209,09:39:19,2.0,500,468350
20240209,09:39:22,1.95,100,468350
20240209,09:39:25,1.95,850,468350
20240209,09:39:26,1.95,900,468350
20240209,09:39:27,2.0,1900,468350
20240209,09:39:28,2.0,250,468350
20240209,09:39:29,2.0,10100,468350
20240209,09:39:30,2.0,2700,468350
20240209,09:39:35,2.0,50,468350
20240209,09:39:38,2.0,50,468350
20240209,09:39:41,2.0,400,468350
20240209,09:39:43,2.0,250,468350
20240209,09:39:45,2.0,50,468350
20240209,09:39:46,2.0,300,468350
20240209,09:39:47,2.0,50,468350
20240209,09:39:48,2.0,500,468350
20240209,09:39:49,1.95,16550,468350
20240209,09:39:50,1.95,2350,468350
20240209,09:39:51,1.95,50,468350
20240209,09:39:52,1.95,1900,468350
20240209,09:39:55,1.9,350,468350
20240209,09:39:56,1.9,50,468350
20240209,09:39:57,1.95,100,468350
20240209,09:39:58,1.95,100,468350
20240209,09:39:59,1.95,100,468350
20240209,09:40:00,1.95,800,468350
20240209,09:40:01,1.95,1850,468350
20240209,09:40:02,1.9,1850,468350
20240209,09:40:03,1.95,2100,468350
20240209,09:40:04,1.95,50,468350
20240209,09:40:05,1.95,2150,468350
20240209,09:40:06,1.95,1450,468350
20240209,09:40:07,1.95,4400,468350
20240209,09:40:08,1.95,3850,468350
20240209,09:40:09,1.95,6150,468350
20240209,09:40:10,2.0,1300,468350
20240209,09:40:11,2.0,1150,468350
20240209,09:40:12,2.0,600,468350
20240209,09:40:13,2.0,200,468350
20240209,09:40:15,2.0,1650,468350
20240209,09:40:16,2.0,7850,468350
20240209,09:40:17,2.0,14300,468350
20240209,09:40:18,2.0,56800,468350
20240209,09:40:19,2.0,13700,468350
20240209,09:40:20,2.0,26200,468350
20240209,09:40:21,2.0,13650,555400
20240209,09:40:22,2.0,1000,555400
20240209,09:40:23,2.0,2700,555400
20240209,09:40:25,2.0,1950,555400
20240209,09:40:26,2.0,2050,555400
20240209,09:40:27,2.0,200,555400
20240209,09:40:28,2.0,1300,555400
20240209,09:40:29,2.0,2100,555400
20240209,09:40:30,2.0,3100,555400
20240209,09:40:31,2.0,1000,555400
20240209,09:40:32,2.0,4200,555400
20240209,09:40:33,2.0,950,555400
20240209,09:40:34,2.0,1950,555400
20240209,09:40:35,2.0,2150,555400
20240209,09:40:36,2.0,2300,555400
20240209,09:40:37,2.0,250,555400
20240209,09:40:38,2.0,300,555400
20240209,09:40:39,2.0,350,555400
20240209,09:40:40,2.0,2450,555400
20240209,09:40:42,2.0,350,555400
20240209,09:40:43,2.0,2300,555400
20240209,09:40:43,2.0,2100,555400
20240209,09:40:44,2.0,1150,555400
20240209,09:40:45,2.0,700,555400
20240209,09:40:46,2.0,850,555400
20240209,09:40:47,2.0,1400,555400
20240209,09:40:48,2.0,2250,555400
20240209,09:40:49,2.0,350,555400
20240209,09:40:50,2.0,100,555400
20240209,09:40:51,2.0,50,555400
20240209,09:40:52,2.0,1250,555400
20240209,09:40:53,2.0,100,555400
20240209,09:40:54,2.0,1050,555400
20240209,09:40:55,2.0,200,555400
20240209,09:40:56,2.0,800,555400
20240209,09:40:57,2.0,100,555400
20240209,09:40:58,2.0,600,555400
20240209,09:40:59,2.0,100,555400
20240209,09:41:00,2.0,2850,555400
20240209,09:41:02,2.0,4300,555400
20240209,09:41:03,2.0,300,555400
20240209,09:41:04,2.0,1700,555400
20240209,09:41:05,2.0,150,555400
20240209,09:41:06,2.0,400,555400
20240209,09:41:07,2.0,2050,555400
20240209,09:41:09,2.0,400,555400
20240209,09:41:09,2.0,50,555400
20240209,09:41:10,2.0,300,555400
20240209,09:41:11,2.0,350,555400
20240209,09:41:12,2.0,350,555400
20240209,09:41:13,2.0,400,555400
20240209,09:41:14,2.0,200,555400
20240209,09:41:15,2.0,50,555400
20240209,09:41:16,2.0,200,555400
20240209,09:41:17,2.0,1200,555400
20240209,09:41:18,2.0,1200,555400
20240209,09:41:19,2.0,200,555400
20240209,09:41:20,2.0,100,555400
20240209,09:41:22,2.0,350,555400
20240209,09:41:23,2.0,50,555400
20240209,09:41:24,2.0,300,555400
20240209,09:41:25,2.0,150,555400
20240209,09:41:25,2.0,50,555400
20240209,09:41:26,2.0,100,555400
20240209,09:41:27,2.0,50,555400
20240209,09:41:28,2.0,150,555400
20240209,09:41:29,2.0,50,555400
20240209,09:41:30,2.0,300,555400
20240209,09:41:31,2.0,450,555400
20240209,09:41:32,2.0,100,555400
20240209,09:41:33,2.0,50,555400
20240209,09:41:34,2.0,1050,555400
20240209,09:41:35,2.0,5050,555400
20240209,09:41:36,2.0,150,555400
20240209,09:41:38,2.0,500,555400
20240209,09:41:39,2.0,7550,555400
20240209,09:41:40,2.0,2550,555400
20240209,09:41:41,2.0,300,555400
20240209,09:41:42,2.0,700,555400
20240209,09:41:43,2.0,100,555400
20240209,09:41:44,2.0,550,555400
20240209,09:41:46,2.0,2350,555400
20240209,09:41:47,2.0,450,555400
20240209,09:41:47,2.0,50,555400
20240209,09:41:48,2.0,50,555400
20240209,09:41:49,2.0,500,555400
20240209,09:41:50,2.0,50,555400
20240209,09:41:51,2.0,500,555400
20240209,09:41:52,2.0,100,555400
20240209,09:41:53,2.0,100,555400
20240209,09:41:54,2.0,50,555400
20240209,09:41:55,2.0,100,555400
20240209,09:41:56,2.0,50,555400
20240209,09:41:57,2.0,100,555400
20240209,09:41:58,2.0,150,555400
20240209,09:41:59,2.0,300,555400
20240209,09:42:00,2.0,150,555400
20240209,09:42:01,2.0,100,555400
20240209,09:42:02,2.0,100,555400
20240209,09:42:03,2.0,3000,555400
20240209,09:42:04,2.0,12650,555400
20240209,09:42:05,2.05,4350,555400
20240209,09:42:06,2.0,250,555400
20240209,09:42:07,2.0,250,555400
20240209,09:42:08,2.05,200,555400
20240209,09:42:09,2.0,150,555400
20240209,09:42:10,2.05,900,555400
20240209,09:42:11,2.05,22700,555400
20240209,09:42:12,2.05,1100,555400
20240209,09:42:13,2.05,2100,555400
20240209,09:42:14,2.05,100,555400
20240209,09:42:15,2.05,750,555400
20240209,09:42:16,2.05,300,555400
20240209,09:42:17,2.05,150,555400
20240209,09:42:19,2.05,150,555400
20240209,09:42:21,2.05,1800,555400
20240209,09:42:22,2.05,50,555400
20240209,09:42:29,2.0,750,555400
20240209,09:42:30,2.0,3450,555400
20240209,09:42:32,2.0,1800,555400
20240209,09:42:33,2.0,1800,555400
20240209,09:42:34,2.0,1800,555400
20240209,09:42:35,2.0,1800,555400
20240209,09:42:37,2.0,1800,555400
20240209,09:42:41,2.0,50,555400
20240209,09:42:42,2.0,31700,555400
20240209,09:42:43,2.0,900,555400
20240209,09:42:45,2.0,7850,555400
20240209,09:42:51,2.0,50,555400
20240209,09:42:53,2.0,300,555400
20240209,09:42:54,2.0,100,555400
20240209,09:43:11,2.0,1150,555400
20240209,09:43:13,2.0,3100,555400
20240209,09:43:15,2.05,300,555400
20240209,09:43:16,2.0,3300,555400
20240209,09:43:21,2.0,12500,671100
20240209,09:43:24,2.0,500,671100
20240209,09:43:32,2.0,100,671100
20240209,09:43:48,2.0,50,671100
20240209,09:43:50,2.0,4700,671100
20240209,09:43:51,2.0,3650,671100
20240209,09:43:52,2.0,2750,671100
20240209,09:43:57,2.0,800,671100
20240209,09:43:59,2.0,1700,671100
20240209,09:44:02,2.0,1000,671100
20240209,09:44:03,2.0,250,671100
20240209,09:44:13,2.0,150,671100
20240209,09:44:21,1.95,50,671100
20240209,09:44:22,1.95,100,671100
20240209,09:44:23,1.95,50,671100
20240209,09:44:24,2.0,150,671100
20240209,09:44:25,1.95,50,671100
20240209,09:44:26,1.95,50,671100
20240209,09:44:28,1.95,100,671100
20240209,09:44:28,1.95,50,671100
20240209,09:44:29,1.95,50,671100
20240209,09:44:30,1.95,100,671100
20240209,09:44:31,1.95,100,671100
20240209,09:44:32,1.95,100,671100
20240209,09:44:34,1.95,150,671100
20240209,09:44:36,1.95,200,671100
20240209,09:44:38,1.95,100,671100
20240209,09:44:38,1.95,50,671100
20240209,09:44:40,1.95,50,671100
20240209,09:44:40,1.95,100,671100
20240209,09:44:41,1.95,50,671100
20240209,09:44:42,1.95,150,671100
20240209,09:44:44,1.95,50,671100
20240209,09:44:45,1.95,200,671100
20240209,09:44:45,1.95,5750,671100
20240209,09:44:51,1.9,50,671100
20240209,09:44:53,1.9,100,671100
20240209,09:44:54,1.9,50,671100
20240209,09:44:56,1.9,150,671100
20240209,09:44:57,1.95,150,671100
20240209,09:44:57,1.9,50,671100
20240209,09:44:58,1.9,150,671100
20240209,09:45:00,1.9,50,671100
20240209,09:45:01,1.9,150,671100
20240209,09:45:03,1.9,150,671100
20240209,09:45:04,1.9,4600,671100
20240209,09:45:05,1.9,19250,671100
20240209,09:45:13,1.9,250,671100
20240209,09:45:13,1.9,1500,671100
20240209,09:45:15,1.9,1500,671100
20240209,09:45:16,1.9,8300,671100
20240209,09:45:17,1.9,150,671100
20240209,09:45:19,1.9,3850,671100
20240209,09:45:24,1.9,1450,671100
20240209,09:45:25,1.9,150,671100
20240209,09:45:26,1.9,150,671100
20240209,09:45:27,1.9,3850,671100
20240209,09:45:29,1.9,1900,671100
20240209,09:45:30,1.9,1300,671100
20240209,09:45:31,1.9,100,671100
20240209,09:45:32,1.9,100,671100
20240209,09:45:33,1.9,100,671100
20240209,09:45:33,1.9,50,671100
20240209,09:45:34,1.9,50,671100
20240209,09:45:36,1.9,150,671100
20240209,09:45:37,1.9,100,671100
20240209,09:45:38,1.9,1100,671100
20240209,09:45:39,1.9,50,671100
20240209,09:45:39,1.95,100,671100
20240209,09:45:40,1.9,100,671100
20240209,09:45:41,1.9,100,671100
20240209,09:45:42,1.9,50,671100
20240209,09:45:44,1.9,100,671100
20240209,09:45:45,1.9,100,671100
20240209,09:45:46,1.9,100,671100
20240209,09:45:47,1.9,100,671100
20240209,09:45:48,1.9,100,671100
20240209,09:45:51,1.9,50,671100
20240209,09:45:54,1.9,100,671100
20240209,09:45:55,1.9,50,671100
20240209,09:45:56,1.9,100,671100
20240209,09:45:56,1.9,50,671100
20240209,09:46:00,1.9,9600,671100
20240209,09:46:01,1.9,50,671100
20240209,09:46:01,1.95,250,671100
20240209,09:46:02,1.95,1100,671100
20240209,09:46:03,1.9,150,671100
20240209,09:46:05,1.95,1800,671100
20240209,09:46:07,1.95,200,671100
20240209,09:46:08,1.95,26400,671100
20240209,09:46:09,1.95,11900,671100
20240209,09:46:11,1.95,200,671100
20240209,09:46:13,1.95,150,671100
20240209,09:46:14,1.95,50,671100
20240209,09:46:15,1.95,50,671100
20240209,09:46:16,1.95,100,671100
20240209,09:46:18,1.95,150,671100
20240209,09:46:19,1.95,50,671100
20240209,09:46:20,1.95,200,671100
20240209,09:46:21,1.95,50,678400
20240209,09:46:23,1.95,100,678400
20240209,09:46:24,1.95,50,678400
20240209,09:46:25,1.95,100,678400
20240209,09:46:25,2.0,250,678400
20240209,09:46:26,1.95,50,678400
20240209,09:46:27,1.95,100,678400
20240209,09:46:29,1.95,50,678400
20240209,09:46:31,1.95,50,678400
20240209,09:46:33,1.95,50,678400
20240209,09:46:33,2.0,600,678400
20240209,09:46:35,1.95,50,678400
20240209,09:46:38,1.95,50,678400
20240209,09:46:44,2.0,1800,678400
20240209,09:46:48,2.0,1800,678400
20240209,09:46:50,1.95,50,678400
20240209,09:46:50,2.0,1800,678400
20240209,09:46:52,1.95,100,678400
20240209,09:46:53,1.95,100,678400
20240209,09:46:54,1.95,150,678400
20240209,09:46:54,1.95,100,678400
20240209,09:46:55,1.95,1950,678400
20240209,09:46:56,1.95,300,678400
20240209,09:46:58,1.95,1900,678400
20240209,09:46:59,1.95,300,678400
20240209,09:47:00,1.95,300,678400
20240209,09:47:00,1.95,100,678400
20240209,09:47:01,1.95,2150,678400
20240209,09:47:03,1.95,21500,678400
20240209,09:47:04,1.95,650,678400
20240209,09:47:05,2.0,2150,678400
20240209,09:47:06,2.0,350,678400
20240209,09:47:07,1.95,2000,678400
20240209,09:47:08,1.95,200,678400
20240209,09:47:09,1.95,3950,678400
20240209,09:47:10,1.95,250,678400
20240209,09:47:10,1.95,50,678400
20240209,09:47:12,1.95,500,678400
20240209,09:47:13,2.0,2050,678400
20240209,09:47:14,1.95,500,678400
20240209,09:47:15,1.95,450,678400
20240209,09:47:16,1.95,200,678400
20240209,09:47:17,1.95,200,678400
20240209,09:47:19,1.95,50,678400
20240209,09:47:20,1.95,100,678400
20240209,09:47:21,1.95,50,678400
20240209,09:47:22,1.95,50,678400
20240209,09:47:24,1.95,100,678400
20240209,09:47:25,1.95,450,678400
20240209,09:47:26,1.95,100,678400
20240209,09:47:27,1.95,250,678400
20240209,09:47:28,1.95,50,678400
20240209,09:47:28,1.95,150,678400
20240209,09:47:30,1.95,350,678400
20240209,09:47:31,1.95,150,678400
20240209,09:47:32,1.95,250,678400
20240209,09:47:33,1.95,2450,678400
20240209,09:47:37,2.0,1300,678400
20240209,09:47:44,2.0,1800,678400
20240209,09:47:46,2.0,1800,678400
20240209,09:47:48,2.0,2550,678400
20240209,09:47:50,2.0,200,678400
20240209,09:47:51,2.05,1800,678400
20240209,09:47:53,2.05,1800,678400
20240209,09:47:55,2.05,1800,678400
20240209,09:47:57,2.05,1800,678400
20240209,09:48:01,2.0,500,678400
20240209,09:48:02,2.0,2050,678400
20240209,09:48:03,2.0,250,678400
20240209,09:48:04,2.0,50,678400
20240209,09:48:05,2.0,50,678400
20240209,09:48:06,2.05,1800,678400
20240209,09:48:08,2.0,300,678400
20240209,09:48:10,2.05,1800,678400
20240209,09:48:12,2.05,1800,678400
20240209,09:48:13,2.0,500,678400
20240209,09:48:14,2.0,12450,678400
20240209,09:48:16,2.0,4150,678400
20240209,09:48:21,2.05,50,678400
20240209,09:48:23,2.05,350,678400
20240209,09:48:24,2.05,150,678400
20240209,09:48:26,2.0,1500,678400
20240209,09:48:28,2.05,1700,678400
20240209,09:48:29,2.0,11300,678400
20240209,09:48:54,2.0,200,678400
20240209,09:48:58,2.0,50,678400
20240209,09:48:59,2.0,50,678400
20240209,09:49:00,2.0,50,678400
20240209,09:49:01,2.05,4700,678400
20240209,09:49:02,2.05,50,678400
20240209,09:49:03,2.05,50,678400
20240209,09:49:04,2.05,50,678400
20240209,09:49:05,2.05,50,678400
20240209,09:49:06,2.05,200,678400
20240209,09:49:07,2.05,800,678400
20240209,09:49:08,2.05,50,678400
20240209,09:49:09,2.05,50,678400
20240209,09:49:10,2.05,100,678400
20240209,09:49:11,2.05,300,678400
20240209,09:49:12,2.05,50,678400
20240209,09:49:13,2.05,50,678400
20240209,09:49:14,2.05,100,678400
20240209,09:49:15,2.05,50,678400
20240209,09:49:16,2.05,100,678400
20240209,09:49:17,2.05,50,678400
20240209,09:49:18,2.05,50,678400
20240209,09:49:19,2.05,50,678400
20240209,09:49:20,2.05,50,678400
20240209,09:49:21,2.05,50,678400
20240209,09:49:22,2.05,50,678400
20240209,09:49:23,2.05,50,674850
20240209,09:49:24,2.05,50,674850
20240209,09:49:25,2.05,50,674850
20240209,09:49:26,2.05,50,674850
20240209,09:49:27,2.05,50,674850
20240209,09:49:28,2.05,50,674850
20240209,09:49:29,2.05,100,674850
20240209,09:49:30,2.05,100,674850
20240209,09:49:31,2.05,50,674850
20240209,09:49:32,2.05,50,674850
20240209,09:49:33,2.05,50,674850
20240209,09:49:38,2.05,50,674850
20240209,09:49:43,2.05,50,674850
20240209,09:49:48,2.05,50,674850
20240209,09:49:49,2.05,50,674850
20240209,09:50:00,2.05,700,674850
20240209,09:50:01,2.05,2150,674850
20240209,09:50:02,2.05,500,674850
20240209,09:50:05,2.05,50,674850
20240209,09:50:06,2.1,50,674850
20240209,09:50:07,2.1,50,674850
20240209,09:50:08,2.1,50,674850
20240209,09:50:09,2.1,50,674850
20240209,09:50:10,2.1,50,674850
20240209,09:50:11,2.1,50,674850
20240209,09:50:12,2.1,50,674850
20240209,09:50:13,2.1,50,674850
20240209,09:50:14,2.1,50,674850
20240209,09:50:15,2.1,50,674850
20240209,09:50:17,2.05,250,674850
20240209,09:50:19,2.05,1850,674850
20240209,09:50:21,2.05,1000,674850
20240209,09:50:25,2.05,50,674850
20240209,09:50:31,2.05,50,674850
20240209,09:50:45,2.1,100,674850
20240209,09:50:49,2.1,2300,674850
20240209,09:50:54,2.1,50,674850
20240209,09:50:59,2.1,8100,674850
20240209,09:51:00,2.15,150,674850
20240209,09:51:04,2.15,50,674850
20240209,09:51:05,2.15,50,674850
20240209,09:51:06,2.15,1300,674850
20240209,09:51:07,2.15,200,674850
20240209,09:51:08,2.15,200,674850
20240209,09:51:09,2.15,200,674850
20240209,09:51:10,2.15,200,674850
20240209,09:51:11,2.15,200,674850
20240209,09:51:12,2.15,2600,674850
20240209,09:51:13,2.15,200,674850
20240209,09:51:14,2.15,200,674850
20240209,09:51:15,2.15,200,674850
20240209,09:51:18,2.15,50,674850
20240209,09:51:20,2.15,50,674850
20240209,09:51:21,2.15,100,674850
20240209,09:51:22,2.15,1250,674850
20240209,09:51:27,2.15,50,674850
20240209,09:51:34,2.15,150,674850
20240209,09:51:37,2.15,900,674850
20240209,09:51:38,2.15,6550,674850
20240209,09:51:39,2.2,250,674850
20240209,09:51:41,2.2,4000,674850
20240209,09:51:42,2.25,200,674850
20240209,09:51:43,2.25,50,674850
20240209,09:51:47,2.25,50,674850
20240209,09:51:50,2.25,1000,674850
20240209,09:51:51,2.25,1350,674850
20240209,09:51:55,2.2,250,674850
20240209,09:51:56,2.2,50,674850
20240209,09:51:57,2.2,950,674850
20240209,09:52:03,2.25,3250,674850
20240209,09:52:04,2.25,18350,674850
20240209,09:52:07,2.25,1050,674850
20240209,09:52:18,2.25,7850,674850
20240209,09:52:19,2.25,300,674850
20240209,09:52:24,2.25,2500,673500
20240209,09:52:31,2.25,50,673500
20240209,09:52:35,2.25,50,673500
20240209,09:52:36,2.25,3800,673500
20240209,09:52:40,2.3,150,673500
20240209,09:52:55,2.3,50,673500
20240209,09:52:58,2.25,300,673500
20240209,09:52:58,2.25,4800,673500
20240209,09:52:59,2.25,50,673500
20240209,09:53:02,2.2,200,673500
20240209,09:53:03,2.2,200,673500
20240209,09:53:04,2.2,5000,673500
20240209,09:53:05,2.2,350,673500
20240209,09:53:06,2.2,50,673500
20240209,09:53:09,2.2,150,673500
20240209,09:53:12,2.15,200,673500
20240209,09:53:13,2.15,250,673500
20240209,09:53:14,2.15,200,673500
20240209,09:53:15,2.15,2000,673500
20240209,09:53:16,2.2,50,673500
20240209,09:53:17,2.15,200,673500
20240209,09:53:18,2.15,200,673500
20240209,09:53:19,2.15,200,673500
20240209,09:53:20,2.2,250,673500
20240209,09:53:21,2.2,250,673500
20240209,09:53:22,2.15,200,673500
20240209,09:53:24,2.15,400,673500
20240209,09:53:25,2.15,200,673500
20240209,09:53:26,2.15,200,673500
20240209,09:53:27,2.15,300,673500
20240209,09:53:28,2.2,1300,673500
20240209,09:53:30,2.15,600,673500
20240209,09:53:30,2.2,50,673500
20240209,09:53:31,2.15,300,673500
20240209,09:53:32,2.2,950,673500
20240209,09:53:34,2.2,4650,673500
20240209,09:53:37,2.25,1500,673500
20240209,09:53:38,2.25,1750,673500
20240209,09:53:38,2.25,9550,673500
20240209,09:53:40,2.3,200,673500
20240209,09:53:42,2.3,550,673500
20240209,09:53:44,2.25,50,673500
20240209,09:53:47,2.25,200,673500
20240209,09:53:48,2.25,200,673500
20240209,09:53:53,2.3,1100,673500
20240209,09:53:57,2.25,4500,673500
20240209,09:54:04,2.25,350,673500
20240209,09:54:06,2.25,2250,673500
20240209,09:54:07,2.25,500,673500
20240209,09:54:08,2.25,300,673500
20240209,09:54:09,2.25,400,673500
20240209,09:54:10,2.25,350,673500
20240209,09:54:11,2.25,850,673500
20240209,09:54:13,2.25,900,673500
20240209,09:54:14,2.25,450,673500
20240209,09:54:15,2.25,1800,673500
20240209,09:54:16,2.25,800,673500
20240209,09:54:17,2.25,4050,673500
20240209,09:54:18,2.25,11150,673500
20240209,09:54:20,2.2,350,673500
20240209,09:54:21,2.2,150,673500
20240209,09:54:22,2.2,450,673500
20240209,09:54:23,2.2,1150,673500
20240209,09:54:24,2.2,150,673500
20240209,09:54:25,2.2,150,673500
20240209,09:54:26,2.2,150,673500
20240209,09:54:28,2.2,300,673500
20240209,09:54:29,2.2,200,673500
20240209,09:54:30,2.2,150,673500
20240209,09:54:35,2.2,5450,673500
20240209,09:54:36,2.15,600,673500
20240209,09:54:38,2.2,1850,673500
20240209,09:54:39,2.2,1750,673500
20240209,09:54:43,2.25,1500,673500
20240209,09:54:44,2.25,50,673500
20240209,09:54:47,2.2,250,673500
20240209,09:54:47,2.25,550,673500
20240209,09:54:54,2.2,50,673500
20240209,09:54:55,2.25,50,673500
20240209,09:54:59,2.25,500,673500
20240209,09:55:03,2.2,50,673500
20240209,09:55:05,2.2,150,673500
20240209,09:55:06,2.2,350,673500
20240209,09:55:07,2.2,1800,673500
20240209,09:55:08,2.2,50,673500
20240209,09:55:09,2.2,500,673500
20240209,09:55:10,2.2,50,673500
20240209,09:55:12,2.2,200,673500
20240209,09:55:14,2.2,100,673500
20240209,09:55:15,2.2,250,673500
20240209,09:55:16,2.2,200,673500
20240209,09:55:17,2.2,550,673500
20240209,09:55:18,2.2,150,673500
20240209,09:55:19,2.2,150,673500
20240209,09:55:20,2.2,250,673500
20240209,09:55:29,2.25,200,673600
20240209,09:55:32,2.25,150,673600
20240209,09:55:36,2.2,3350,673600
20240209,09:55:38,2.2,50,673600
20240209,09:55:49,2.2,9850,673600
20240209,09:55:50,2.25,600,673600
20240209,09:55:51,2.2,100,673600
20240209,09:55:56,2.2,1200,673600
20240209,09:56:01,2.25,7900,673600
20240209,09:56:03,2.25,100,673600
20240209,09:56:04,2.25,100,673600
20240209,09:56:04,2.25,150,673600
20240209,09:56:06,2.25,350,673600
20240209,09:56:07,2.25,100,673600
20240209,09:56:08,2.25,200,673600
20240209,09:56:09,2.3,11000,673600
20240209,09:56:11,2.3,50,673600
20240209,09:56:12,2.25,13100,673600
20240209,09:56:12,2.25,100,673600
20240209,09:56:14,2.25,100,673600
20240209,09:56:15,2.3,1800,673600
20240209,09:56:16,2.25,2400,673600
20240209,09:56:18,2.25,50,673600
20240209,09:56:18,2.3,150,673600
20240209,09:56:33,2.25,1300,673600
20240209,09:56:34,2.25,150,673600
20240209,09:56:35,2.3,450,673600
20240209,09:56:40,2.25,50,673600
20240209,09:57:03,2.25,300,673600
20240209,09:57:03,2.25,50,673600
20240209,09:57:05,2.25,200,673600
20240209,09:57:06,2.25,200,673600
20240209,09:57:07,2.3,550,673600
20240209,09:57:07,2.25,150,673600
20240209,09:57:08,2.25,150,673600
20240209,09:57:09,2.25,200,673600
20240209,09:57:11,2.25,50,673600
20240209,09:57:13,2.25,100,673600
20240209,09:57:16,2.25,50,673600
20240209,09:57:26,2.3,1950,673600
20240209,09:57:28,2.3,50,673600
20240209,09:57:32,2.3,50,673600
20240209,09:57:38,2.3,250,673600
20240209,09:57:40,2.3,300,673600
20240209,09:57:47,2.35,1800,673600
20240209,09:57:48,2.3,3050,673600
20240209,09:57:48,2.35,1000,673600
20240209,09:57:51,2.35,50,673600
20240209,09:57:53,2.3,1500,673600
20240209,09:57:55,2.3,100,673600
20240209,09:57:58,2.3,500,673600
20240209,09:57:59,2.3,100,673600
20240209,09:58:01,2.3,2450,673600
20240209,09:58:02,2.25,300,673600
20240209,09:58:03,2.25,100,673600
20240209,09:58:05,2.3,200,673600
20240209,09:58:05,2.25,50,673600
20240209,09:58:06,2.25,300,673600
20240209,09:58:07,2.25,200,673600
20240209,09:58:08,2.25,50,673600
20240209,09:58:10,2.25,200,673600
20240209,09:58:11,2.3,450,673600
20240209,09:58:12,2.3,2250,673600
20240209,09:58:13,2.3,500,673600
20240209,09:58:14,2.3,300,673600
20240209,09:58:15,2.3,250,673600
20240209,09:58:16,2.3,250,673600
20240209,09:58:16,2.3,300,673600
20240209,09:58:17,2.3,150,673600
20240209,09:58:19,2.3,200,673600
20240209,09:58:20,2.3,50,673600
20240209,09:58:23,2.3,300,673600
20240209,09:58:25,2.3,350,682200
20240209,09:58:26,2.3,250,682200
20240209,09:58:27,2.35,50,682200
20240209,09:58:33,2.35,200,682200
20240209,09:58:40,2.3,1450,682200
20240209,09:58:43,2.3,150,682200
20240209,09:58:50,2.3,350,682200
20240209,09:58:54,2.3,50,682200
20240209,09:59:00,2.3,1050,682200
20240209,09:59:02,2.25,400,682200
20240209,09:59:04,2.3,400,682200
20240209,09:59:16,2.35,500,682200
20240209,09:59:21,2.3,250,682200
20240209,09:59:22,2.35,750,682200
20240209,09:59:25,2.35,250,682200
20240209,09:59:26,2.35,500,682200
20240209,09:59:27,2.35,300,682200
20240209,09:59:29,2.35,4300,682200
20240209,09:59:30,2.35,700,682200
20240209,09:59:36,2.4,150,682200
20240209,09:59:38,2.4,50,682200
20240209,09:59:39,2.35,350,682200
20240209,09:59:40,2.4,1950,682200
20240209,09:59:44,2.35,1950,682200
20240209,09:59:45,2.35,700,682200
20240209,09:59:47,2.4,100,682200
20240209,09:59:48,2.4,150,682200
20240209,09:59:49,2.4,150,682200
20240209,09:59:51,2.35,100,682200
20240209,09:59:53,2.35,100,682200
20240209,09:59:54,2.4,150,682200
20240209,09:59:55,2.35,250,682200
20240209,09:59:56,2.4,250,682200
20240209,10:00:03,2.4,150,682200
20240209,10:00:04,2.4,150,682200
20240209,10:00:05,2.4,150,682200
20240209,10:00:06,2.4,150,682200
20240209,10:00:07,2.45,23300,682200
20240209,10:00:08,2.4,400,682200
20240209,10:00:09,2.45,600,682200
20240209,10:00:10,2.45,350,682200
20240209,10:00:11,2.45,400,682200
20240209,10:00:13,2.45,300,682200
20240209,10:00:16,2.4,100,682200
20240209,10:00:18,2.45,200,682200
20240209,10:00:19,2.45,200,682200
20240209,10:00:20,2.4,1200,682200
20240209,10:00:21,2.45,950,682200
20240209,10:00:23,2.45,400,682200
20240209,10:00:24,2.45,4100,682200
20240209,10:00:25,2.5,600,682200
20240209,10:00:26,2.45,950,682200
20240209,10:00:28,2.5,200,682200
20240209,10:00:29,2.5,3400,682200
20240209,10:00:30,2.5,200,682200
20240209,10:00:31,2.5,2550,682200
20240209,10:00:32,2.6,19450,682200
20240209,10:00:33,2.55,500,682200
20240209,10:00:35,2.6,200,682200
20240209,10:00:36,2.6,50,682200
20240209,10:00:37,2.6,5350,682200
20240209,10:00:38,2.6,100,682200
20240209,10:00:39,2.65,250,682200
20240209,10:00:40,2.6,900,682200
20240209,10:00:41,2.65,350,682200
20240209,10:00:42,2.65,200,682200
20240209,10:00:43,2.65,2800,682200
20240209,10:00:44,2.65,3750,682200
20240209,10:00:45,2.65,200,682200
20240209,10:00:46,2.65,1700,682200
20240209,10:00:49,2.65,850,682200
20240209,10:00:50,2.7,1100,682200
20240209,10:00:51,2.75,600,682200
20240209,10:00:54,2.75,50,682200
20240209,10:00:55,2.75,200,682200
20240209,10:00:57,2.75,250,682200
20240209,10:01:00,2.75,2100,682200
20240209,10:01:01,2.8,350,682200
20240209,10:01:03,2.85,50,682200
20240209,10:01:04,2.85,50,682200
20240209,10:01:05,2.85,6500,682200
20240209,10:01:06,2.9,300,682200
20240209,10:01:07,2.9,2700,682200
20240209,10:01:08,2.95,2500,682200
20240209,10:01:09,3.0,250,682200
20240209,10:01:10,3.05,4300,682200
20240209,10:01:11,3.05,450,682200
20240209,10:01:12,3.05,1150,682200
20240209,10:01:13,3.05,2900,682200
20240209,10:01:14,3.0,300,682200
20240209,10:01:15,3.05,3350,682200
20240209,10:01:16,3.05,1600,682200
20240209,10:01:17,3.05,900,682200
20240209,10:01:18,3.1,850,682200
20240209,10:01:19,3.1,200,682200
20240209,10:01:20,3.1,500,682200
20240209,10:01:21,3.1,500,682200
20240209,10:01:23,3.1,100,682200
20240209,10:01:24,3.05,3450,682200
20240209,10:01:25,3.0,50,692650
20240209,10:01:26,3.05,1300,692650
20240209,10:01:28,3.05,2800,692650
20240209,10:01:30,3.05,100,692650
20240209,10:01:34,3.0,3850,692650
20240209,10:01:36,3.0,50,692650
20240209,10:01:37,2.95,3200,692650
20240209,10:01:39,2.95,450,692650
20240209,10:01:40,2.95,550,692650
20240209,10:01:41,2.95,5200,692650
20240209,10:01:43,2.95,200,692650
20240209,10:01:44,2.9,1000,692650
20240209,10:01:45,2.95,5200,692650
20240209,10:01:46,2.95,50,692650
20240209,10:01:48,2.95,50,692650
20240209,10:01:49,2.9,1500,692650
20240209,10:01:51,2.9,100,692650
20240209,10:01:52,2.9,150,692650
20240209,10:01:55,2.85,1850,692650
20240209,10:01:58,2.9,500,692650
20240209,10:02:01,2.85,500,692650
20240209,10:02:02,2.85,3300,692650
20240209,10:02:08,2.85,50,692650
20240209,10:02:09,2.85,150,692650
20240209,10:02:10,2.85,200,692650
20240209,10:02:11,2.85,150,692650
20240209,10:02:12,2.8,3250,692650
20240209,10:02:13,2.8,150,692650
20240209,10:02:15,2.8,1200,692650
20240209,10:02:18,2.8,1450,692650
20240209,10:02:19,2.75,2650,692650
20240209,10:02:20,2.75,8350,692650
20240209,10:02:25,2.75,50,692650
20240209,10:02:26,2.7,350,692650
20240209,10:02:27,2.7,200,692650
20240209,10:02:30,2.7,300,692650
20240209,10:02:31,2.65,200,692650
20240209,10:02:32,2.65,200,692650
20240209,10:02:33,2.65,50,692650
20240209,10:02:34,2.65,100,692650
20240209,10:02:36,2.55,5800,692650
20240209,10:02:38,2.6,9000,692650
20240209,10:02:39,2.6,550,692650
20240209,10:02:40,2.6,450,692650
20240209,10:02:41,2.6,400,692650
20240209,10:02:42,2.6,1900,692650
20240209,10:02:44,2.55,50,692650
20240209,10:02:44,2.55,600,692650
20240209,10:02:45,2.55,400,692650
20240209,10:02:47,2.5,7100,692650
20240209,10:02:49,2.5,400,692650
20240209,10:02:52,2.55,500,692650
20240209,10:02:53,2.5,500,692650
20240209,10:02:54,2.5,1300,692650
20240209,10:02:55,2.5,550,692650
20240209,10:02:56,2.45,350,692650
20240209,10:02:57,2.45,4700,692650
20240209,10:02:58,2.45,800,692650
20240209,10:03:00,2.4,650,692650
20240209,10:03:01,2.4,200,692650
20240209,10:03:01,2.45,850,692650
20240209,10:03:02,2.4,200,692650
20240209,10:03:03,2.4,200,692650
20240209,10:03:04,2.45,1650,692650
20240209,10:03:06,2.4,550,692650
20240209,10:03:07,2.45,950,692650
20240209,10:03:08,2.45,450,692650
20240209,10:03:09,2.45,700,692650
20240209,10:03:10,2.45,850,692650
20240209,10:03:13,2.45,250,692650
20240209,10:03:14,2.45,1050,692650
20240209,10:03:16,2.45,200,692650
20240209,10:03:17,2.45,600,692650
20240209,10:03:19,2.45,750,692650
20240209,10:03:24,2.45,1050,692650
20240209,10:03:27,2.45,300,692650
20240209,10:03:28,2.45,1700,692650
20240209,10:03:34,2.5,650,692650
20240209,10:03:35,2.5,2400,692650
20240209,10:03:37,2.5,250,692650
20240209,10:03:43,2.5,50,692650
20240209,10:03:43,2.5,100,692650
20240209,10:03:50,2.45,250,692650
20240209,10:03:58,2.45,100,692650
20240209,10:04:00,2.5,400,692650
20240209,10:04:10,2.45,50,692650
20240209,10:04:12,2.45,50,692650
20240209,10:04:15,2.5,50,692650
20240209,10:04:16,2.5,50,692650
20240209,10:04:24,2.5,250,692650
20240209,10:04:25,2.5,50,692800
20240209,10:04:28,2.4,11400,692800
20240209,10:04:34,2.45,1650,692800
20240209,10:04:37,2.45,50,692800
20240209,10:04:40,2.4,3850,692800
20240209,10:04:41,2.35,50,692800
20240209,10:04:47,2.35,100,692800
20240209,10:04:50,2.3,3500,692800
20240209,10:04:51,2.3,2900,692800
20240209,10:04:54,2.3,1050,692800
20240209,10:04:56,2.3,750,692800
20240209,10:05:01,2.3,950,692800
20240209,10:05:02,2.3,50,692800
20240209,10:05:03,2.35,100,692800
20240209,10:05:04,2.35,1850,692800
20240209,10:05:06,2.35,150,692800
20240209,10:05:06,2.35,50,692800
20240209,10:05:07,2.3,800,692800
20240209,10:05:08,2.3,250,692800
20240209,10:05:12,2.3,250,692800
20240209,10:05:13,2.3,250,692800
20240209,10:05:14,2.3,50,692800
20240209,10:05:23,2.3,50,692800
20240209,10:05:26,2.35,400,692800
20240209,10:05:31,2.35,3000,692800
20240209,10:05:33,2.35,950,692800
20240209,10:05:38,2.35,500,692800
20240209,10:05:44,2.3,250,692800
20240209,10:05:48,2.3,450,692800
20240209,10:05:51,2.35,1800,692800
20240209,10:05:53,2.35,350,692800
20240209,10:05:54,2.3,2950,692800
20240209,10:05:55,2.35,600,692800
20240209,10:05:57,2.3,300,692800
20240209,10:05:58,2.3,11300,692800
20240209,10:05:58,2.3,600,692800
20240209,10:05:59,2.25,6600,692800
20240209,10:06:01,2.3,8200,692800
20240209,10:06:03,2.25,1500,692800
20240209,10:06:05,2.25,500,692800
20240209,10:06:07,2.3,1050,692800
20240209,10:06:11,2.25,250,692800
20240209,10:06:12,2.2,2100,692800
20240209,10:06:13,2.25,1250,692800
20240209,10:06:23,2.25,400,692800
20240209,10:06:35,2.2,2550,692800
20240209,10:06:36,2.15,200,692800
20240209,10:06:37,2.15,450,692800
20240209,10:06:38,2.15,200,692800
20240209,10:06:39,2.15,12700,692800
20240209,10:06:40,2.15,150,692800
20240209,10:06:41,2.15,150,692800
20240209,10:06:42,2.15,200,692800
20240209,10:06:44,2.1,600,692800
20240209,10:06:45,2.1,650,692800
20240209,10:06:46,2.1,200,692800
20240209,10:06:47,2.15,350,692800
20240209,10:06:49,2.1,300,692800
20240209,10:06:50,2.15,550,692800
20240209,10:06:51,2.1,150,692800
20240209,10:06:52,2.1,600,692800
20240209,10:06:53,2.15,50,692800
20240209,10:06:58,2.1,50,692800
20240209,10:06:59,2.1,50,692800
20240209,10:06:59,2.1,100,692800
20240209,10:07:05,2.1,450,692800
20240209,10:07:13,2.15,400,692800
20240209,10:07:14,2.15,1400,692800
20240209,10:07:17,2.2,750,692800
20240209,10:07:21,2.15,50,692800
20240209,10:07:23,2.2,1400,692800
20240209,10:07:26,2.15,3600,678400
20240209,10:07:30,2.2,5650,678400
20240209,10:07:35,2.25,250,678400
20240209,10:07:45,2.2,250,678400
20240209,10:08:07,2.2,50,678400
20240209,10:08:37,2.15,7800,678400
20240209,10:08:37,2.15,200,678400
20240209,10:08:47,2.15,250,678400
20240209,10:08:49,2.15,250,678400
20240209,10:08:50,2.15,400,678400
20240209,10:08:54,2.15,1150,678400
20240209,10:08:55,2.15,1500,678400
20240209,10:08:57,2.15,1500,678400
20240209,10:08:58,2.15,200,678400
20240209,10:08:59,2.15,1500,678400
20240209,10:09:02,2.15,350,678400
20240209,10:09:03,2.15,50,678400
20240209,10:09:04,2.2,50,678400
20240209,10:09:05,2.15,1150,678400
20240209,10:09:05,2.15,11000,678400
20240209,10:09:15,2.15,600,678400
20240209,10:09:17,2.1,150,678400
20240209,10:09:19,2.15,200,678400
20240209,10:09:26,2.15,50,678400
20240209,10:09:30,2.1,500,678400
20240209,10:09:32,2.1,50,678400
20240209,10:09:33,2.1,10850,678400
20240209,10:09:34,2.1,300,678400
20240209,10:09:48,2.15,300,678400
20240209,10:09:52,2.1,11300,678400
20240209,10:09:55,2.15,100,678400
20240209,10:09:56,2.15,150,678400
20240209,10:09:58,2.15,400,678400
20240209,10:09:59,2.15,200,678400
20240209,10:10:00,2.15,400,678400
20240209,10:10:06,2.15,50,678400
20240209,10:10:07,2.15,50,678400
20240209,10:10:08,2.15,50,678400
20240209,10:10:09,2.15,50,678400
20240209,10:10:10,2.2,3850,678400
20240209,10:10:11,2.2,50,678400
20240209,10:10:12,2.2,200,678400
20240209,10:10:13,2.2,200,678400
20240209,10:10:14,2.2,200,678400
20240209,10:10:15,2.2,50,678400
20240209,10:10:16,2.2,300,678400
20240209,10:10:17,2.2,50,678400
20240209,10:10:18,2.2,50,678400
20240209,10:10:19,2.2,50,678400
20240209,10:10:20,2.2,200,678400
20240209,10:10:22,2.2,600,678400
20240209,10:10:23,2.2,450,678400
20240209,10:10:24,2.2,200,678400
20240209,10:10:25,2.2,200,678400
20240209,10:10:26,2.2,3850,673450
20240209,10:10:27,2.25,100,673450
20240209,10:10:28,2.25,50,673450
20240209,10:10:29,2.25,50,673450
20240209,10:10:30,2.25,50,673450
20240209,10:10:31,2.25,50,673450
20240209,10:10:32,2.25,50,673450
20240209,10:10:33,2.25,50,673450
20240209,10:10:34,2.25,50,673450
20240209,10:10:35,2.25,50,673450
20240209,10:10:36,2.25,50,673450
20240209,10:10:37,2.25,50,673450
20240209,10:10:38,2.25,50,673450
20240209,10:10:39,2.25,50,673450
20240209,10:10:40,2.25,50,673450
20240209,10:10:41,2.25,50,673450
20240209,10:10:42,2.25,50,673450
20240209,10:10:43,2.25,50,673450
20240209,10:10:44,2.25,200,673450
20240209,10:10:45,2.25,200,673450
20240209,10:10:46,2.25,200,673450
20240209,10:10:47,2.25,6200,673450
20240209,10:10:48,2.3,50,673450
20240209,10:10:49,2.3,50,673450
20240209,10:10:50,2.3,50,673450
20240209,10:10:51,2.3,200,673450
20240209,10:10:52,2.3,200,673450
20240209,10:10:53,2.3,1200,673450
20240209,10:10:54,2.3,200,673450
20240209,10:10:55,2.3,200,673450
20240209,10:10:56,2.3,200,673450
20240209,10:10:57,2.3,200,673450
20240209,10:10:58,2.3,200,673450
20240209,10:10:59,2.3,50,673450
20240209,10:11:00,2.3,50,673450
20240209,10:11:01,2.3,200,673450
20240209,10:11:02,2.3,200,673450
20240209,10:11:03,2.3,200,673450
20240209,10:11:04,2.3,200,673450
20240209,10:11:05,2.3,50,673450
20240209,10:11:06,2.3,50,673450
20240209,10:11:07,2.3,50,673450
20240209,10:11:08,2.3,50,673450
20240209,10:11:09,2.3,150,673450
20240209,10:11:10,2.3,50,673450
20240209,10:11:11,2.3,50,673450
20240209,10:11:12,2.3,50,673450
20240209,10:11:13,2.3,50,673450
20240209,10:11:14,2.3,50,673450
20240209,10:11:15,2.3,50,673450
20240209,10:11:16,2.3,50,673450
20240209,10:11:17,2.3,50,673450
20240209,10:11:19,2.3,100,673450
20240209,10:11:20,2.25,350,673450
20240209,10:11:21,2.3,50,673450
20240209,10:11:22,2.3,50,673450
20240209,10:11:24,2.3,300,673450
20240209,10:11:25,2.3,4200,673450
20240209,10:11:27,2.3,2300,673450
20240209,10:11:46,2.3,2900,673450
20240209,10:11:48,2.3,50,673450
20240209,10:11:49,2.3,50,673450
20240209,10:11:50,2.3,50,673450
20240209,10:11:51,2.3,100,673450
20240209,10:11:52,2.35,50,673450
20240209,10:11:53,2.35,50,673450
20240209,10:11:54,2.35,50,673450
20240209,10:11:55,2.35,50,673450
20240209,10:11:56,2.35,50,673450
20240209,10:11:57,2.3,150,673450
20240209,10:11:58,2.35,50,673450
20240209,10:11:59,2.35,50,673450
20240209,10:12:00,2.35,50,673450
20240209,10:12:01,2.35,50,673450
20240209,10:12:09,2.35,100,673450
20240209,10:12:35,2.35,100,673450
20240209,10:12:36,2.35,50,673450
20240209,10:12:39,2.3,3750,673450
20240209,10:12:42,2.3,50,673450
20240209,10:12:43,2.3,50,673450
20240209,10:12:44,2.3,50,673450
20240209,10:12:45,2.3,50,673450
20240209,10:12:46,2.3,50,673450
20240209,10:12:47,2.35,300,673450
20240209,10:12:50,2.35,2500,673450
20240209,10:12:57,2.3,50,673450
20240209,10:12:58,2.3,500,673450
20240209,10:13:12,2.3,250,673450
20240209,10:13:13,2.3,50,673450
20240209,10:13:16,2.3,250,673450
20240209,10:13:17,2.35,50,673450
20240209,10:13:18,2.3,50,673450
20240209,10:13:22,2.3,350,673450
20240209,10:13:28,2.3,350,673450
20240209,10:13:47,2.3,1900,674150
20240209,10:13:47,2.3,300,674150
20240209,10:13:49,2.35,50,674150
20240209,10:13:50,2.3,400,674150
20240209,10:13:52,2.35,350,674150
20240209,10:13:53,2.35,400,674150
20240209,10:13:54,2.35,50,674150
20240209,10:13:55,2.35,50,674150
20240209,10:13:56,2.3,150,674150
20240209,10:13:57,2.3,300,674150
20240209,10:13:58,2.35,200,674150
20240209,10:13:59,2.3,450,674150
20240209,10:14:00,2.35,200,674150
20240209,10:14:02,2.35,50,674150
20240209,10:14:03,2.35,50,674150
20240209,10:14:04,2.35,50,674150
20240209,10:14:05,2.35,50,674150
20240209,10:14:06,2.35,50,674150
20240209,10:14:07,2.35,50,674150
20240209,10:14:08,2.35,50,674150
20240209,10:14:09,2.35,50,674150
20240209,10:14:10,2.35,300,674150
20240209,10:14:15,2.35,50,674150
20240209,10:14:15,2.3,50,674150
20240209,10:14:16,2.35,50,674150
20240209,10:14:17,2.35,50,674150
20240209,10:14:18,2.35,50,674150
20240209,10:14:19,2.35,50,674150
20240209,10:14:20,2.35,50,674150
20240209,10:14:21,2.35,50,674150
20240209,10:14:22,2.35,50,674150
20240209,10:14:23,2.35,50,674150
20240209,10:14:24,2.35,300,674150
20240209,10:14:25,2.35,50,674150
20240209,10:14:26,2.35,50,674150
20240209,10:14:27,2.35,50,674150
20240209,10:14:28,2.35,50,674150
20240209,10:14:29,2.35,100,674150
20240209,10:14:30,2.35,250,674150
20240209,10:14:40,2.3,250,674150
20240209,10:14:42,2.3,650,674150
20240209,10:14:44,2.3,4100,674150
20240209,10:14:51,2.3,50,674150
20240209,10:14:52,2.25,250,674150
20240209,10:14:56,2.3,650,674150
20240209,10:14:57,2.25,50,674150
20240209,10:15:01,2.3,7500,674150
20240209,10:15:09,2.35,600,674150
20240209,10:15:11,2.4,7100,674150
20240209,10:15:13,2.35,50,674150
20240209,10:15:16,2.3,4750,674150
20240209,10:15:18,2.3,150,674150
20240209,10:15:27,2.3,50,674150
20240209,10:15:29,2.3,250,674150
20240209,10:15:40,2.3,700,674150
20240209,10:15:43,2.35,1800,674150
20240209,10:15:48,2.35,100,674150
20240209,10:15:49,2.35,50,674150
20240209,10:15:50,2.35,350,674150
20240209,10:15:51,2.35,50,674150
20240209,10:15:52,2.35,50,674150
20240209,10:15:53,2.35,50,674150
20240209,10:15:55,2.35,100,674150
20240209,10:15:56,2.35,50,674150
20240209,10:15:57,2.35,50,674150
20240209,10:15:58,2.35,50,674150
20240209,10:15:59,2.35,50,674150
20240209,10:16:00,2.4,1400,674150
20240209,10:16:01,2.4,50,674150
20240209,10:16:02,2.4,50,674150
20240209,10:16:04,2.4,100,674150
20240209,10:16:05,2.4,50,674150
20240209,10:16:06,2.4,50,674150
20240209,10:16:07,2.4,50,674150
20240209,10:16:09,2.4,100,674150
20240209,10:16:10,2.4,50,674150
20240209,10:16:11,2.4,50,674150
20240209,10:16:12,2.4,50,674150
20240209,10:16:13,2.4,850,674150
20240209,10:16:14,2.45,250,674150
20240209,10:16:15,2.4,150,674150
20240209,10:16:16,2.4,50,674150
20240209,10:16:17,2.4,1800,674150
20240209,10:16:18,2.45,250,674150
20240209,10:16:20,2.45,900,674150
20240209,10:16:21,2.45,200,674150
20240209,10:16:22,2.45,250,674150
20240209,10:16:23,2.5,900,674150
20240209,10:16:24,2.5,50,674150
20240209,10:16:25,2.5,50,674150
20240209,10:16:27,2.5,100,675300
20240209,10:16:28,2.5,250,675300
20240209,10:16:29,2.5,200,675300
20240209,10:16:30,2.5,200,675300
20240209,10:16:31,2.5,50,675300
20240209,10:16:32,2.5,50,675300
20240209,10:16:33,2.5,50,675300
20240209,10:16:34,2.5,50,675300
20240209,10:16:35,2.5,50,675300
20240209,10:16:36,2.5,50,675300
20240209,10:16:38,2.5,250,675300
20240209,10:16:39,2.5,200,675300
20240209,10:16:40,2.5,50,675300
20240209,10:16:41,2.5,50,675300
20240209,10:16:42,2.5,50,675300
20240209,10:16:43,2.5,50,675300
20240209,10:16:45,2.5,100,675300
20240209,10:16:46,2.5,50,675300
20240209,10:16:47,2.5,50,675300
20240209,10:16:48,2.5,50,675300
20240209,10:16:49,2.5,50,675300
