date,time,tick_price,volume,open_interest
20240215,09:24:20,508.0,100,100
20240215,09:25:50,507.9,1200,100
20240215,11:10:20,507.9,50,1250
20240215,11:48:40,507.9,50,1300
20240216,14:17:53,420.6,1,1250
20240216,14:17:53,420.6,50,1250
20240216,14:22:02,385.35,50,1300
20240216,15:25:36,385.35,50,1250
20240216,15:27:23,394.65,50,1250
20240219,11:13:02,365.0,1,1250
20240219,11:13:02,365.0,500,1250
20240219,11:22:22,355.0,100,1750
20240219,11:27:31,355.0,50,1850
20240219,11:48:31,355.0,300,1850
20240219,11:57:22,340.0,50,2150
20240219,12:02:35,340.0,50,2150
20240219,12:17:53,342.1,50,2100
20240219,12:47:13,338.45,50,2150
20240219,13:06:35,327.85,50,2150
20240219,13:12:28,327.85,50,2200
20240219,14:18:46,333.0,50,2150
20240219,14:33:24,335.55,50,2150
20240219,15:07:14,365.0,100,2200
20240220,10:43:00,379.7,1,2200
20240220,10:43:00,379.7,50,2200
20240220,11:39:44,362.15,50,2200
20240220,11:59:12,355.0,50,2250
20240220,12:54:36,348.4,50,2300
20240220,13:55:05,348.4,100,2300
20240220,14:08:06,385.6,50,2200
20240220,14:31:30,385.6,100,2250
20240220,15:05:09,343.85,150,2350
20240220,15:08:03,330.0,50,2500
20240220,15:16:44,330.0,50,2550
20240220,15:19:01,331.2,100,2600
20240221,09:17:03,331.2,1,2700
20240221,09:17:03,331.2,50,2700
20240221,09:18:00,325.9,50,2700
20240221,09:19:26,323.1,50,2800
20240221,09:21:23,323.1,50,2800
20240221,09:25:58,316.25,50,2850
20240221,09:30:02,316.25,100,2800
20240221,09:33:45,324.0,50,2850
20240221,09:51:51,317.75,50,2850
20240221,09:53:54,309.8,50,2850
20240221,09:59:03,309.8,100,2850
20240221,10:16:13,319.7,50,2850
20240221,10:20:06,326.15,50,2900
20240221,10:20:15,328.95,50,2900
20240221,10:21:27,330.0,50,2900
20240221,10:22:48,328.7,50,3000
20240221,10:23:08,327.8,50,3000
20240221,10:29:29,331.6,50,3100
20240221,10:47:09,338.05,100,3050
20240221,10:51:38,340.0,50,2950
20240221,11:08:05,340.0,50,2950
20240221,12:20:31,311.15,50,2950
20240221,12:21:52,308.0,50,2950
20240221,12:45:40,308.0,50,3000
20240221,12:53:05,300.0,100,3050
20240221,12:53:33,299.0,50,3050
20240221,12:59:42,299.0,50,3050
20240221,13:37:30,300.05,50,3100
20240221,13:38:55,301.0,50,3100
20240221,13:39:45,298.8,100,3100
20240221,13:48:32,320.2,450,3200
20240221,13:48:40,321.25,400,3200
20240221,13:49:25,325.0,50,3200
20240221,13:54:06,319.95,50,4050
20240221,13:54:27,325.0,50,4050
20240221,13:55:12,330.0,150,4050
20240221,14:02:31,343.8,200,4050
20240221,14:02:50,345.0,50,4100
20240221,14:03:20,348.25,50,4100
20240221,14:05:31,348.25,50,4250
20240221,14:07:55,336.4,50,4250
20240221,14:08:47,340.0,50,4350
20240221,14:09:01,340.1,100,4350
20240221,14:11:02,338.95,50,4500
20240221,14:12:34,346.35,100,4500
20240221,14:13:15,353.35,50,4500
20240221,14:14:02,353.35,50,4700
20240221,14:14:48,348.8,50,4700
20240221,14:16:39,348.8,100,4700
20240221,14:17:07,347.95,50,4900
20240221,14:17:51,342.05,50,4900
20240221,14:18:49,342.55,50,4900
20240221,14:18:56,342.8,50,4900
20240221,14:20:55,344.05,50,5100
20240221,14:21:36,341.25,50,5100
20240221,14:21:42,341.45,100,5100
20240221,14:21:49,342.0,150,5100
20240221,14:23:14,354.9,100,5350
20240221,14:23:24,356.1,50,5350
20240221,14:24:04,368.65,50,5350
20240221,14:24:32,368.65,50,5350
20240221,14:40:12,397.2,250,5400
20240221,14:41:07,399.95,50,5200
20240221,14:43:34,399.95,50,5200
20240221,14:46:03,405.0,50,5150
20240221,14:47:21,409.2,100,5150
20240221,14:47:28,409.2,350,5150
20240221,14:48:20,409.2,200,5150
20240221,14:55:56,402.75,50,5450
20240221,14:56:13,406.2,50,5500
20240221,14:58:11,411.35,100,5500
20240221,15:00:38,411.35,50,5450
20240221,15:00:45,391.05,50,5450
20240221,15:01:01,395.55,50,5450
20240221,15:13:09,375.25,50,5450
20240221,15:16:40,373.45,150,5400
20240221,15:24:29,403.15,50,5450
20240221,15:24:38,403.1,100,5450
20240221,15:29:24,406.95,50,5450
20240222,09:23:56,406.85,1,5400
20240222,09:23:56,406.85,50,5400
20240222,09:42:17,367.85,50,5450
20240222,09:44:20,360.0,50,5400
20240222,09:53:33,360.0,50,5350
20240222,09:58:57,405.0,100,5400
20240222,10:04:36,405.0,50,5400
20240222,10:05:55,444.85,50,5400
20240222,10:18:36,444.85,150,5350
20240222,10:31:43,427.4,50,5300
20240222,13:22:51,410.95,50,5250
20240222,13:43:47,369.05,50,5250
20240222,14:09:33,313.45,50,5200
20240222,14:31:00,313.45,50,5200
20240222,14:35:11,330.6,50,5250
20240222,14:46:12,320.0,50,5200
20240222,14:46:57,314.6,50,5200
20240222,14:48:42,309.6,50,5200
20240222,14:52:16,297.35,50,5250
20240222,14:52:33,296.85,50,5250
20240222,14:57:11,296.85,100,5200
20240222,15:00:51,304.15,50,5300
20240222,15:04:47,294.15,50,5350
20240222,15:07:07,294.15,50,5350
20240222,15:09:14,291.0,50,5400
20240222,15:10:38,290.0,100,5400
20240222,15:10:54,290.0,50,5400
20240222,15:11:22,287.0,150,5400
20240222,15:11:57,284.0,50,5400
20240222,15:13:01,282.2,50,5400
20240222,15:15:44,282.2,50,5500
20240222,15:16:02,279.15,100,5500
20240222,15:17:15,279.15,50,5500
20240222,15:18:41,279.15,400,5500
20240222,15:19:21,279.1,50,5500
20240222,15:21:17,277.85,50,5550
20240222,15:25:21,277.0,600,5600
20240222,15:25:48,276.5,50,5600
20240222,15:27:35,274.0,50,6150
20240222,15:28:09,274.0,100,6150
20240222,15:28:42,275.9,50,6150
20240222,15:28:58,275.9,200,6150
20240222,15:29:07,274.0,100,6450
20240222,15:29:15,274.0,150,6450
20240222,15:29:44,274.0,50,6450
20240223,09:15:05,280.2,1,6550
20240223,09:15:05,280.2,100,6550
20240223,09:15:19,263.85,1050,6550
20240223,09:15:35,274.75,50,6550
20240223,09:15:52,274.95,50,7100
20240223,09:15:57,274.75,50,7100
20240223,09:16:08,272.95,50,7100
20240223,09:16:18,275.15,50,7100
20240223,09:16:33,275.15,50,7100
20240223,09:17:02,275.45,50,7100
20240223,09:17:06,275.0,50,7100
20240223,09:17:16,275.0,50,7100
20240223,09:17:25,275.25,50,7100
20240223,09:17:34,277.95,100,7100
20240223,09:17:43,276.9,200,7100
20240223,09:18:11,274.1,50,7100
20240223,09:18:20,272.95,150,7100
20240223,09:18:25,273.2,100,7100
20240223,09:18:25,273.1,150,7100
20240223,09:18:28,273.45,150,7100
20240223,09:18:33,272.4,50,7100
20240223,09:18:37,271.6,1500,7100
20240223,09:18:44,272.25,200,7100
20240223,09:18:48,272.35,200,5600
20240223,09:18:55,272.1,200,5600
20240223,09:19:00,271.3,150,5600
20240223,09:19:02,269.65,100,5600
20240223,09:19:03,268.85,50,5600
20240223,09:19:04,268.1,50,5600
20240223,09:19:10,268.95,50,5600
20240223,09:19:15,268.9,100,5600
20240223,09:19:19,268.3,450,5600
20240223,09:19:35,269.75,150,5600
20240223,09:20:07,269.7,100,5600
20240223,09:20:13,271.85,100,5600
20240223,09:20:28,271.15,50,5600
20240223,09:20:31,269.9,50,5600
20240223,09:20:38,272.4,50,5600
20240223,09:20:53,270.0,1000,5600
20240223,09:21:05,271.2,50,5600
20240223,09:21:24,266.7,200,5600
20240223,09:21:27,268.5,350,5600
20240223,09:22:06,266.65,50,6150
20240223,09:23:34,266.3,100,6150
20240223,09:23:47,266.25,200,6150
20240223,09:25:18,274.95,200,6200
20240223,09:25:43,272.65,100,6200
20240223,09:25:52,272.5,100,6200
20240223,09:26:04,272.5,50,6200
20240223,09:26:33,270.0,50,6200
20240223,09:27:43,278.15,50,6200
20240223,09:28:07,278.55,50,6250
20240223,09:28:56,274.05,100,6250
20240223,09:30:10,280.5,100,6250
20240223,09:30:17,280.5,100,6250
20240223,09:30:33,277.7,200,6250
20240223,09:30:43,278.65,50,6250
20240223,09:30:44,278.45,50,6250
20240223,09:30:45,276.3,500,6250
20240223,09:31:01,275.3,50,6200
20240223,09:31:10,275.4,50,6200
20240223,09:31:13,273.15,50,6200
20240223,09:31:50,277.1,500,6200
20240223,09:32:22,279.85,50,6200
20240223,09:32:51,279.45,50,6200
20240223,09:32:59,280.0,100,6200
20240223,09:33:00,278.5,100,6200
20240223,09:33:01,280.0,100,6200
20240223,09:33:06,280.9,100,6200
20240223,09:33:07,280.4,100,6200
20240223,09:33:13,281.0,50,6200
20240223,09:33:14,281.0,450,6200
20240223,09:33:27,281.4,50,6200
20240223,09:33:38,281.4,200,6200
20240223,09:33:52,280.4,300,6350
20240223,09:33:57,282.2,50,6350
20240223,09:34:05,282.4,200,6350
20240223,09:34:07,282.55,250,6350
20240223,09:34:09,283.65,300,6350
20240223,09:34:15,283.65,50,6350
20240223,09:34:28,284.4,100,6350
20240223,09:34:38,284.4,50,6350
20240223,09:34:47,282.0,200,6350
20240223,09:35:25,276.45,200,6350
20240223,09:35:58,278.0,300,6350
20240223,09:38:02,270.0,50,6350
20240223,09:39:03,265.0,50,6550
20240223,09:41:08,263.25,250,6650
20240223,09:43:23,265.55,1800,6550
20240223,09:43:51,265.2,1800,6550
20240223,09:44:23,265.2,50,6550
20240223,09:44:33,265.2,550,6550
20240223,09:44:34,265.2,1250,6550
20240223,09:44:40,266.0,1800,6550
20240223,09:45:06,266.05,150,6550
20240223,09:45:09,266.1,100,6550
20240223,09:45:27,268.0,2450,6550
20240223,09:45:45,266.0,700,6550
20240223,09:45:45,266.0,250,6550
20240223,09:45:46,266.0,500,6550
20240223,09:45:47,266.0,550,6550
20240223,09:46:14,265.0,150,6550
20240223,09:46:17,265.0,1650,14750
20240223,09:46:20,265.95,1800,14750
20240223,09:46:23,264.5,50,14750
20240223,09:46:52,265.0,1800,14750
20240223,09:46:58,265.25,200,14750
20240223,09:47:40,266.15,200,14750
20240223,09:47:44,266.3,100,14750
20240223,09:47:53,267.85,100,14750
20240223,09:48:08,270.2,500,14750
20240223,09:48:16,267.9,100,14750
20240223,09:48:19,267.85,150,14750
20240223,09:48:21,267.85,3450,14750
20240223,09:49:04,268.4,300,24150
20240223,09:49:08,269.9,100,24150
20240223,09:49:29,271.55,50,24150
20240223,09:49:39,271.95,50,24150
20240223,09:49:41,271.0,1800,24150
20240223,09:50:12,272.5,400,24150
20240223,09:50:37,273.05,50,24150
20240223,09:50:41,273.05,50,24150
20240223,09:50:42,273.0,1800,24150
20240223,09:50:48,272.0,500,24150
20240223,09:51:01,271.0,1800,24150
20240223,09:51:02,269.9,350,24150
20240223,09:51:03,270.1,50,24150
20240223,09:51:13,269.9,1500,24150
20240223,09:51:15,269.35,200,24150
20240223,09:51:16,269.9,200,24150
20240223,09:51:23,269.85,200,24150
20240223,09:51:45,266.75,300,24150
20240223,09:51:54,268.4,50,31950
20240223,09:52:11,269.65,250,31950
20240223,09:52:30,269.2,200,31950
20240223,09:53:49,274.25,200,31950
20240223,09:54:02,276.45,450,31950
20240223,09:54:19,277.05,50,31950
20240223,09:54:29,276.2,50,31950
20240223,09:54:54,271.7,100,31950
20240223,09:55:00,272.8,50,31800
20240223,09:55:23,272.95,550,31800
20240223,09:55:54,273.2,50,31800
20240223,09:56:03,272.0,50,31800
20240223,09:56:14,271.25,50,31800
20240223,09:56:22,270.4,50,31800
20240223,09:56:58,272.2,100,31800
20240223,09:57:18,272.9,100,31800
20240223,09:57:25,274.0,100,31800
20240223,09:58:10,275.0,1100,31750
20240223,09:58:16,275.05,50,31750
20240223,09:58:37,275.65,100,31750
20240223,09:59:28,270.0,50,31750
20240223,09:59:44,268.0,1800,31750
20240223,09:59:47,267.35,100,31750
20240223,10:00:06,267.8,100,31750
20240223,10:00:15,267.8,50,31750
20240223,10:00:24,269.8,200,31750
20240223,10:01:07,266.5,400,34750
20240223,10:01:38,268.6,500,34750
20240223,10:01:50,269.8,300,34750
20240223,10:02:17,269.95,1500,34750
20240223,10:02:19,268.85,100,34750
20240223,10:03:25,270.25,550,34750
20240223,10:03:32,270.0,1800,34750
20240223,10:03:58,270.0,50,38050
20240223,10:04:02,268.85,100,38050
20240223,10:04:04,268.9,50,38050
20240223,10:04:15,268.85,1700,38050
20240223,10:04:44,267.0,400,38050
20240223,10:04:48,267.0,150,38050
20240223,10:05:15,267.0,200,38050
20240223,10:05:58,267.5,250,38050
20240223,10:05:59,267.0,2050,38050
20240223,10:06:01,267.2,200,38050
20240223,10:06:36,267.2,800,38050
20240223,10:07:08,267.2,2850,43650
20240223,10:07:09,264.6,100,43650
20240223,10:07:10,263.45,50,43650
20240223,10:07:11,264.05,400,43650
20240223,10:07:51,263.8,100,43650
20240223,10:07:58,262.5,100,43650
20240223,10:08:03,262.5,150,43650
20240223,10:09:16,265.6,50,43650
20240223,10:10:15,264.4,650,46550
20240223,10:10:47,264.15,50,46550
20240223,10:10:52,265.05,500,46550
20240223,10:11:15,265.25,100,46550
20240223,10:11:19,265.45,150,46550
20240223,10:11:29,264.6,750,46550
20240223,10:11:30,264.55,100,46550
20240223,10:11:44,259.9,250,46550
20240223,10:11:46,261.1,600,46550
20240223,10:11:49,261.75,600,46550
20240223,10:11:50,262.45,550,46550
20240223,10:12:00,263.2,750,46550
20240223,10:13:06,266.75,50,47100
20240223,10:13:07,265.4,50,47100
20240223,10:13:30,263.2,1000,47100
20240223,10:14:09,263.45,150,47100
20240223,10:14:41,263.0,200,47100
20240223,10:14:53,263.0,1800,47100
20240223,10:14:56,263.0,1800,47100
20240223,10:14:58,262.0,500,47100
20240223,10:15:01,262.0,300,47100
20240223,10:15:04,262.0,1500,47100
20240223,10:15:06,260.4,150,47100
20240223,10:15:18,259.35,150,47100
20240223,10:15:45,258.05,150,47100
20240223,10:16:55,258.05,1800,53250
20240223,10:16:56,259.3,200,53250
20240223,10:17:04,259.3,1800,53250
20240223,10:17:12,259.0,1800,53250
20240223,10:17:35,257.0,50,53250
20240223,10:17:37,256.55,1800,53250
20240223,10:17:38,255.35,50,53250
20240223,10:17:43,255.35,500,53250
20240223,10:17:49,254.95,50,53250
20240223,10:17:57,254.95,100,53250
20240223,10:18:03,255.95,50,53250
20240223,10:18:09,252.85,150,53250
20240223,10:18:12,253.25,100,53250
20240223,10:18:18,253.1,100,53250
20240223,10:18:24,250.7,100,53250
20240223,10:18:25,250.8,450,53250
20240223,10:18:26,250.6,50,53250
20240223,10:18:28,250.0,550,53250
20240223,10:18:31,249.3,100,53250
20240223,10:18:32,249.9,400,53250
20240223,10:18:37,249.85,50,53250
20240223,10:18:43,250.25,200,53250
20240223,10:18:43,250.3,250,53250
20240223,10:18:45,250.6,500,53250
20240223,10:18:53,250.8,150,53250
20240223,10:18:54,250.15,200,53250
20240223,10:18:55,250.65,200,53250
20240223,10:18:59,250.0,100,61450
20240223,10:19:00,250.45,50,61450
20240223,10:19:10,249.05,100,61450
20240223,10:19:11,249.4,100,61450
20240223,10:19:13,249.85,1000,61450
20240223,10:19:14,248.95,200,61450
20240223,10:19:15,248.95,100,61450
20240223,10:19:18,249.0,100,61450
20240223,10:19:21,248.65,50,61450
20240223,10:19:22,248.6,50,61450
20240223,10:19:26,248.35,150,61450
20240223,10:19:27,248.35,50,61450
20240223,10:19:32,248.05,100,61450
20240223,10:19:33,248.0,50,61450
20240223,10:19:38,247.65,150,61450
20240223,10:19:40,247.6,250,61450
20240223,10:19:43,246.5,50,61450
20240223,10:19:51,246.5,50,61450
20240223,10:19:53,246.8,350,61450
20240223,10:20:01,247.85,50,61450
20240223,10:20:04,246.0,450,61450
20240223,10:20:16,245.65,50,61450
20240223,10:20:17,245.35,50,61450
20240223,10:20:19,245.25,50,61450
20240223,10:20:20,245.05,100,61450
20240223,10:20:21,245.0,650,61450
20240223,10:20:22,245.3,100,61450
20240223,10:20:23,245.1,100,61450
20240223,10:20:34,246.3,250,61450
20240223,10:20:48,245.65,50,61450
20240223,10:20:55,245.2,200,61450
20240223,10:20:57,245.8,150,61450
20240223,10:21:04,245.7,50,61450
20240223,10:21:15,247.75,50,61450
20240223,10:21:34,247.1,100,61450
20240223,10:21:35,247.15,400,61450
20240223,10:21:38,247.4,100,61450
20240223,10:21:44,248.25,150,61450
20240223,10:21:48,248.15,100,61450
20240223,10:21:49,248.2,50,61450
20240223,10:21:50,248.85,100,61450
20240223,10:21:55,250.05,50,61450
20240223,10:22:02,249.9,50,62600
20240223,10:22:04,249.85,50,62600
20240223,10:22:06,249.55,50,62600
20240223,10:22:10,250.2,150,62600
20240223,10:22:11,248.8,100,62600
20240223,10:22:15,248.6,300,62600
20240223,10:22:16,248.65,350,62600
20240223,10:22:17,248.7,100,62600
20240223,10:22:18,249.15,200,62600
20240223,10:22:21,249.1,50,62600
20240223,10:22:22,249.5,100,62600
20240223,10:22:29,250.15,400,62600
20240223,10:22:31,249.85,50,62600
20240223,10:22:35,250.2,50,62600
20240223,10:22:36,249.0,100,62600
20240223,10:22:38,249.6,50,62600
20240223,10:22:39,249.8,50,62600
20240223,10:22:47,250.3,50,62600
20240223,10:22:56,250.55,50,62600
20240223,10:23:09,253.35,50,62600
20240223,10:24:00,257.8,50,62600
20240223,10:24:01,257.6,50,62600
20240223,10:24:04,258.0,100,62600
20240223,10:24:05,259.2,50,62600
20240223,10:24:06,257.8,250,62600
20240223,10:24:11,260.05,50,62600
20240223,10:24:20,259.35,150,62600
20240223,10:24:32,260.4,50,62600
20240223,10:24:36,262.0,100,62600
20240223,10:24:59,265.25,200,62600
20240223,10:25:00,265.75,50,62600
20240223,10:25:03,265.45,650,62500
20240223,10:25:13,264.7,200,62500
20240223,10:25:15,264.9,50,62500
20240223,10:25:16,264.8,100,62500
20240223,10:25:23,265.45,100,62500
20240223,10:25:31,266.8,100,62500
20240223,10:25:32,266.1,200,62500
20240223,10:25:38,267.0,150,62500
20240223,10:25:41,267.45,100,62500
20240223,10:25:44,267.75,350,62500
20240223,10:25:46,267.65,50,62500
20240223,10:25:47,267.75,100,62500
20240223,10:25:49,268.45,100,62500
20240223,10:25:50,268.4,150,62500
20240223,10:25:55,267.65,150,62500
20240223,10:25:56,267.3,950,62500
20240223,10:26:16,268.8,50,62500
20240223,10:26:20,269.6,150,62500
20240223,10:26:21,270.0,100,62500
20240223,10:26:23,269.95,150,62500
20240223,10:26:26,269.9,200,62500
20240223,10:26:27,270.0,200,62500
20240223,10:26:28,269.45,50,62500
20240223,10:26:50,269.5,100,62500
20240223,10:26:54,270.0,700,62500
20240223,10:26:59,270.5,50,62500
20240223,10:27:01,271.9,50,62500
20240223,10:27:06,273.9,50,62500
20240223,10:27:11,275.6,500,62500
20240223,10:27:12,274.9,100,62500
20240223,10:27:15,273.85,50,62500
20240223,10:27:21,275.2,100,62500
20240223,10:27:22,275.7,150,62500
20240223,10:27:24,275.4,50,62500
20240223,10:27:28,277.15,200,62500
20240223,10:27:29,275.9,50,62500
20240223,10:28:00,274.65,50,62500
20240223,10:28:03,275.25,50,60300
20240223,10:28:09,273.0,150,60300
20240223,10:28:11,273.55,50,60300
20240223,10:28:23,273.0,50,60300
20240223,10:28:42,276.35,100,60300
20240223,10:28:45,276.55,100,60300
20240223,10:28:46,277.0,50,60300
20240223,10:28:49,277.25,50,60300
20240223,10:28:56,276.95,150,60300
20240223,10:29:09,274.35,200,60300
20240223,10:29:44,276.45,50,60300
20240223,10:29:51,273.75,50,60300
20240223,10:29:53,274.35,50,60300
20240223,10:29:54,273.85,50,60300
20240223,10:29:55,273.25,50,60300
20240223,10:29:58,273.7,50,60300
20240223,10:30:01,275.4,50,60300
20240223,10:30:05,274.95,50,60300
20240223,10:30:12,274.9,50,60300
20240223,10:30:21,275.8,150,60300
20240223,10:30:24,276.45,50,60300
20240223,10:30:30,275.95,50,60300
20240223,10:30:39,273.75,50,60300
20240223,10:30:41,273.5,50,60300
20240223,10:30:45,273.7,50,60300
20240223,10:30:53,271.65,50,60300
20240223,10:31:01,272.6,100,60300
20240223,10:31:02,272.2,200,60150
20240223,10:31:06,273.7,150,60150
20240223,10:31:07,276.3,300,60150
20240223,10:31:33,279.25,50,60150
20240223,10:31:38,280.0,100,60150
20240223,10:31:42,279.75,100,60150
20240223,10:31:43,278.95,100,60150
20240223,10:31:47,280.0,50,60150
20240223,10:31:52,281.0,50,60150
20240223,10:31:55,282.3,50,60150
20240223,10:32:00,281.5,50,60150
20240223,10:32:03,280.7,50,60150
20240223,10:32:06,283.0,4300,60150
20240223,10:32:07,282.15,100,60150
20240223,10:32:10,281.95,100,60150
20240223,10:32:16,283.0,300,60150
20240223,10:32:17,283.0,650,60150
20240223,10:32:20,282.95,150,60150
20240223,10:32:21,282.95,50,60150
20240223,10:32:22,282.95,300,60150
20240223,10:32:24,282.95,650,60150
20240223,10:32:30,282.95,100,60150
20240223,10:32:32,282.05,100,60150
20240223,10:32:35,282.85,250,60150
20240223,10:32:38,281.25,150,60150
20240223,10:32:50,280.25,50,60150
20240223,10:33:05,282.25,50,60150
20240223,10:33:37,279.6,100,60150
20240223,10:33:39,279.35,50,60150
20240223,10:33:45,278.65,50,60150
20240223,10:33:52,278.6,300,60150
20240223,10:34:27,278.0,2300,54700
20240223,10:34:28,278.0,2150,54700
20240223,10:34:35,276.95,650,54700
20240223,10:35:01,273.85,50,54700
20240223,10:35:10,272.8,50,54700
20240223,10:35:30,270.85,50,54700
20240223,10:35:31,271.0,2250,54700
20240223,10:35:33,271.0,1800,54700
20240223,10:35:42,271.05,50,54700
20240223,10:35:51,271.0,1800,54700
20240223,10:35:54,271.05,300,54700
20240223,10:35:56,271.0,350,54700
20240223,10:36:00,271.05,1550,54700
20240223,10:36:01,271.05,950,54700
20240223,10:36:02,271.05,2250,54700
20240223,10:36:04,272.0,1850,54700
20240223,10:36:09,272.8,200,54700
20240223,10:36:10,272.8,300,54700
20240223,10:36:11,272.8,150,54700
20240223,10:36:12,273.0,4750,54700
20240223,10:36:21,273.85,550,54700
20240223,10:36:22,273.85,1250,54700
20240223,10:36:24,275.0,50,54700
20240223,10:36:28,275.0,1750,54700
20240223,10:36:31,277.9,700,54700
20240223,10:36:36,277.7,150,54700
20240223,10:36:39,275.4,50,54700
20240223,10:36:46,276.6,100,54700
20240223,10:36:52,276.8,150,54700
20240223,10:36:56,277.0,1000,54700
20240223,10:36:57,277.0,500,54700
20240223,10:37:02,277.65,6900,30200
20240223,10:37:03,279.5,400,30200
20240223,10:37:04,278.0,800,30200
20240223,10:37:08,278.75,200,30200
20240223,10:37:30,278.25,150,30200
20240223,10:37:32,278.45,50,30200
20240223,10:37:34,277.0,200,30200
20240223,10:37:45,275.75,500,30200
20240223,10:37:55,274.8,150,30200
20240223,10:38:00,275.45,50,30200
20240223,10:38:04,275.75,300,30200
20240223,10:38:09,275.1,2200,30200
20240223,10:38:12,275.4,150,30200
20240223,10:38:29,274.45,50,30200
20240223,10:38:36,274.0,150,30200
20240223,10:38:48,273.75,100,30200
20240223,10:38:57,274.65,350,30200
20240223,10:39:10,274.65,1850,30200
20240223,10:39:17,275.75,1500,30200
20240223,10:39:22,276.0,150,30200
20240223,10:39:43,275.35,100,30200
20240223,10:39:44,274.3,150,30200
20240223,10:40:01,275.0,50,30200
20240223,10:40:05,273.95,150,19950
20240223,10:40:08,273.7,200,19950
20240223,10:40:21,274.6,150,19950
20240223,10:40:24,275.0,50,19950
20240223,10:40:30,275.0,1700,19950
20240223,10:40:31,276.0,850,19950
20240223,10:40:33,275.95,350,19950
20240223,10:40:52,275.0,150,19950
20240223,10:40:56,274.35,150,19950
20240223,10:41:01,274.55,50,19950
20240223,10:41:02,273.8,500,19950
20240223,10:41:28,271.75,150,19950
20240223,10:41:30,271.3,500,19950
20240223,10:41:38,270.0,50,19950
20240223,10:41:42,269.3,50,19950
20240223,10:41:45,269.05,1150,19950
20240223,10:41:59,266.75,50,19950
20240223,10:42:09,267.0,1800,19950
20240223,10:42:15,265.65,150,19950
20240223,10:42:32,261.1,900,19950
20240223,10:42:41,261.25,150,19950
20240223,10:42:57,260.2,50,19950
20240223,10:43:03,262.45,450,19950
20240223,10:43:22,262.95,50,17750
20240223,10:43:53,261.95,150,17750
20240223,10:44:22,265.15,300,17750
20240223,10:44:30,266.0,100,17750
20240223,10:44:43,264.65,50,17750
20240223,10:45:04,264.4,50,17750
20240223,10:45:18,264.55,250,17750
20240223,10:45:22,262.9,250,17750
20240223,10:48:16,264.3,350,17450
20240223,10:48:17,264.9,100,17450
20240223,10:48:19,263.4,400,17450
20240223,10:48:25,263.8,50,17450
20240223,10:48:31,263.0,100,17450
20240223,10:48:32,262.95,350,17450
20240223,10:48:56,266.7,500,17450
20240223,10:49:02,264.65,350,17450
20240223,10:49:22,263.15,150,17700
20240223,10:49:26,262.0,300,17700
20240223,10:52:25,263.9,50,18150
20240223,10:52:35,263.6,50,18150
20240223,10:54:02,259.2,50,18150
20240223,10:54:03,258.45,50,18150
20240223,10:54:26,259.0,900,18150
20240223,10:54:27,259.0,150,18150
20240223,10:54:35,259.0,350,18150
20240223,10:54:39,259.0,400,18150
20240223,10:54:58,255.65,200,18150
20240223,10:55:00,257.65,1800,18150
20240223,10:55:17,259.0,1800,18900
20240223,10:55:32,259.0,150,18900
20240223,10:55:33,259.0,50,18900
20240223,10:56:10,260.0,150,18900
20240223,10:56:22,259.05,50,18900
20240223,10:56:23,259.05,50,18900
20240223,10:56:25,259.0,500,18900
20240223,10:56:34,257.4,300,18900
20240223,10:59:57,259.0,1800,20650
20240223,11:00:21,260.05,50,20650
20240223,11:00:26,260.0,850,20650
20240223,11:00:27,260.0,50,20650
20240223,11:00:51,260.0,900,20650
20240223,11:01:11,259.5,1800,23600
20240223,11:01:14,258.4,50,23600
20240223,11:01:44,258.05,350,23600
20240223,11:02:03,258.05,1850,23600
20240223,11:02:15,258.05,100,23600
20240223,11:02:42,258.0,1500,23600
20240223,11:03:06,256.85,1800,23600
20240223,11:03:25,254.45,50,23600
20240223,11:03:27,254.8,1800,23600
20240223,11:03:31,253.1,50,23600
20240223,11:03:32,252.05,50,23600
20240223,11:03:43,251.95,550,23600
20240223,11:04:14,249.25,50,30350
20240223,11:04:17,249.05,200,30350
20240223,11:04:24,248.8,100,30350
20240223,11:04:25,248.85,100,30350
20240223,11:04:54,245.0,50,30350
20240223,11:05:03,244.75,200,30350
20240223,11:05:12,244.3,100,30350
20240223,11:05:13,244.0,200,30350
20240223,11:05:13,244.0,50,30350
20240223,11:05:14,244.05,300,30350
20240223,11:05:27,242.6,100,30350
20240223,11:05:29,242.6,50,30350
20240223,11:05:30,243.05,200,30350
20240223,11:05:38,242.1,50,30350
20240223,11:05:39,241.8,100,30350
20240223,11:05:54,239.65,200,30350
20240223,11:05:55,239.65,100,30350
20240223,11:06:03,239.35,150,30350
20240223,11:06:10,239.1,150,30350
20240223,11:06:12,238.95,50,30350
20240223,11:06:15,238.05,150,30350
20240223,11:06:21,237.8,50,30350
20240223,11:06:23,237.35,50,30350
20240223,11:06:31,237.2,250,30350
20240223,11:06:42,237.15,250,30350
20240223,11:06:45,237.15,50,30350
20240223,11:06:57,238.4,50,30350
20240223,11:07:05,239.8,200,30350
20240223,11:07:08,240.25,100,30350
20240223,11:07:10,240.3,100,32250
20240223,11:07:35,241.8,50,32250
20240223,11:07:53,241.0,200,32250
20240223,11:08:00,241.15,50,32250
20240223,11:08:19,240.6,100,32250
20240223,11:08:20,240.95,100,32250
20240223,11:08:21,241.75,50,32250
20240223,11:10:31,245.7,100,32600
20240223,11:11:18,248.0,50,32600
20240223,11:11:24,246.9,50,32600
20240223,11:11:41,247.5,150,32600
20240223,11:12:05,246.35,200,32600
20240223,11:12:07,246.3,100,32600
20240223,11:12:10,247.4,50,32600
20240223,11:12:15,247.0,50,32600
20240223,11:13:00,247.4,50,32600
20240223,11:13:14,246.85,50,32550
20240223,11:13:21,247.35,50,32550
20240223,11:13:22,248.15,50,32550
20240223,11:13:26,248.6,50,32550
20240223,11:13:57,250.0,50,32550
20240223,11:14:27,253.1,150,32550
20240223,11:15:01,254.45,100,32550
20240223,11:15:02,256.1,200,32550
20240223,11:15:03,255.55,50,32550
20240223,11:15:18,254.7,50,32550
20240223,11:15:18,254.15,400,32550
20240223,11:15:19,253.5,650,32550
20240223,11:15:23,253.25,50,32550
20240223,11:15:24,254.35,150,32550
20240223,11:15:26,254.1,50,32550
20240223,11:15:27,254.3,300,32550
20240223,11:15:28,254.15,50,32550
20240223,11:15:31,254.1,50,32550
20240223,11:15:33,253.75,100,32550
20240223,11:15:34,253.25,100,32550
20240223,11:15:41,255.45,200,32550
20240223,11:15:42,255.3,50,32550
20240223,11:15:43,255.7,50,32550
20240223,11:15:45,255.55,100,32550
20240223,11:16:54,260.45,200,30150
20240223,11:16:57,260.9,50,30150
20240223,11:17:07,258.7,150,30150
20240223,11:17:12,259.4,50,30150
20240223,11:17:28,261.1,50,30150
20240223,11:17:36,260.7,50,30150
20240223,11:17:47,260.65,150,30150
20240223,11:17:52,261.2,150,30150
20240223,11:17:54,261.15,150,30150
20240223,11:18:16,259.3,100,30150
20240223,11:18:24,260.0,200,30150
20240223,11:19:36,260.85,50,29750
20240223,11:19:38,261.05,50,29750
20240223,11:19:39,260.65,100,29750
20240223,11:19:41,260.1,50,29750
20240223,11:19:48,259.65,50,29750
20240223,11:20:07,261.45,50,29750
20240223,11:20:27,263.9,200,29750
20240223,11:20:34,263.05,50,29750
20240223,11:21:41,260.45,50,29750
20240223,11:24:46,250.0,50,29800
20240223,11:24:56,249.0,50,29800
20240223,11:25:11,251.0,50,29800
20240223,11:26:18,254.85,100,29800
20240223,11:26:52,255.35,50,29800
20240223,11:27:25,256.3,50,29800
20240223,11:27:26,257.05,50,29800
20240223,11:27:47,257.15,100,29800
20240223,11:27:54,257.75,50,29800
20240223,11:28:14,258.45,50,29800
20240223,11:28:48,259.0,50,29800
20240223,11:29:17,259.45,100,29800
20240223,11:29:27,259.55,100,29800
20240223,11:29:33,258.15,100,29800
20240223,11:30:12,255.5,200,29800
20240223,11:30:19,254.8,100,29800
20240223,11:31:02,259.9,100,29800
20240223,11:31:06,259.75,50,29800
20240223,11:31:30,257.95,50,29850
20240223,11:31:47,256.9,150,29850
20240223,11:34:10,259.35,150,29850
20240223,11:34:26,257.9,50,29900
20240223,11:35:07,257.9,50,29900
20240223,11:35:26,258.0,700,29900
20240223,11:35:51,259.25,50,29900
20240223,11:36:46,257.9,50,29900
20240223,11:36:47,257.9,50,29900
20240223,11:37:17,260.9,600,30650
20240223,11:37:54,258.2,100,30650
20240223,11:38:10,257.55,250,30650
20240223,11:38:35,256.75,600,30650
20240223,11:39:13,256.1,50,30650
20240223,11:39:28,254.8,100,30650
20240223,11:39:57,256.05,50,30650
20240223,11:43:38,255.6,50,30650
20240223,11:45:50,253.7,150,30650
20240223,11:48:36,253.45,100,30750
20240223,11:48:54,253.0,100,30750
20240223,11:50:31,255.3,50,30950
20240223,11:50:42,255.4,50,30950
20240223,11:50:50,259.15,50,30950
20240223,11:52:49,263.0,50,30950
20240223,11:52:50,263.95,150,30950
20240223,11:52:55,264.7,200,30950
20240223,11:52:57,266.0,50,30950
20240223,11:53:03,265.25,100,30950
20240223,11:53:12,265.15,50,30950
20240223,11:53:22,265.05,50,30950
20240223,11:54:08,262.15,50,30950
20240223,11:55:22,266.4,100,30900
20240223,11:55:29,266.0,250,30900
20240223,11:56:33,261.8,50,30900
20240223,11:56:34,261.7,150,30900
20240223,11:58:02,262.5,200,30900
20240223,11:58:11,262.85,100,30900
20240223,11:58:24,264.1,50,31150
20240223,11:58:54,264.15,150,31150
20240223,11:59:11,265.0,50,31150
20240223,11:59:12,265.5,100,31150
20240223,12:01:04,265.5,200,31150
20240223,12:01:06,265.7,200,31150
20240223,12:01:09,265.4,100,31150
20240223,12:01:20,263.6,100,31100
20240223,12:02:57,266.15,100,31100
20240223,12:03:02,265.4,100,31100
20240223,12:03:06,265.4,50,31100
20240223,12:04:53,262.0,50,31150
20240223,12:05:41,258.7,50,31150
20240223,12:06:10,262.45,300,31150
20240223,12:07:54,263.85,100,31050
20240223,12:08:44,262.5,150,31050
20240223,12:09:05,262.5,50,31050
20240223,12:11:32,264.8,100,31100
20240223,12:11:33,265.0,100,31100
20240223,12:11:50,267.3,250,31100
20240223,12:11:53,267.45,50,31100
20240223,12:11:56,267.0,50,31100
20240223,12:13:03,261.25,100,31100
20240223,12:13:49,264.45,50,31400
20240223,12:14:38,264.4,50,31400
20240223,12:16:50,262.45,100,31400
20240223,12:19:00,263.0,50,31400
20240223,12:21:30,266.0,50,31500
20240223,12:22:31,262.75,150,31500
20240223,12:22:50,262.75,50,31500
20240223,12:24:00,260.4,50,31500
20240223,12:24:17,258.15,450,31500
20240223,12:25:13,254.65,50,31500
20240223,12:25:17,254.75,100,31500
20240223,12:25:18,254.2,100,31500
20240223,12:27:05,251.3,100,31650
20240223,12:27:55,251.7,50,31650
20240223,12:30:27,252.0,500,31600
20240223,12:32:29,255.0,50,32100
20240223,12:33:32,256.45,100,32100
20240223,12:34:49,256.4,50,32150
20240223,12:36:34,256.4,50,32150
20240223,12:37:29,255.45,150,32250
20240223,12:37:35,255.0,50,32250
20240223,12:37:37,254.4,50,32250
20240223,12:37:46,253.85,150,32250
20240223,12:37:52,252.45,50,32250
20240223,12:37:53,252.25,100,32250
20240223,12:38:19,252.35,50,32250
20240223,12:40:02,254.1,150,32250
20240223,12:42:03,254.15,100,31850
20240223,12:43:15,252.7,100,31850
20240223,12:44:44,251.9,100,31950
20240223,12:44:51,250.45,50,31950
20240223,12:47:02,252.85,100,31950
20240223,12:48:29,254.65,100,31950
20240223,12:49:53,255.4,50,31900
20240223,12:50:45,252.45,150,31900
20240223,12:50:47,252.4,150,31900
20240223,12:51:31,253.5,50,31900
20240223,12:51:33,253.1,50,31900
20240223,12:51:35,253.1,500,31900
20240223,12:52:01,252.0,50,31900
20240223,12:52:33,251.0,400,31950
20240223,12:52:38,250.45,150,31950
20240223,12:52:47,250.0,100,31950
20240223,12:52:49,250.0,50,31950
20240223,12:53:11,249.85,150,31950
20240223,12:53:13,248.8,550,31950
20240223,12:53:20,249.6,100,31950
20240223,12:53:43,249.95,100,31950
20240223,12:53:48,251.7,1500,31950
20240223,12:53:51,251.85,250,31950
20240223,12:53:57,250.45,900,31950
20240223,12:54:08,251.75,100,31950
20240223,12:54:22,251.6,50,31950
20240223,12:54:29,250.25,500,31950
20240223,12:54:46,250.45,50,31950
20240223,12:54:58,249.45,50,31950
20240223,12:55:03,249.5,100,31950
20240223,12:55:05,247.95,100,31950
20240223,12:55:08,250.2,550,31950
20240223,12:55:11,250.0,600,31950
20240223,12:55:28,249.0,100,33450
20240223,12:55:31,248.35,150,33450
20240223,12:55:37,249.6,150,33450
20240223,12:55:49,250.15,350,33450
20240223,12:55:50,250.85,100,33450
20240223,12:55:51,249.65,700,33450
20240223,12:55:57,250.95,100,33450
20240223,12:56:08,251.9,650,33450
20240223,12:56:31,252.0,50,33450
20240223,12:56:32,250.85,700,33450
20240223,12:56:44,250.45,150,33450
20240223,12:56:47,250.5,150,33450
20240223,12:56:49,249.6,550,33450
20240223,12:56:51,250.15,100,33450
20240223,12:57:00,249.2,150,33450
20240223,12:57:02,249.25,500,33450
20240223,12:57:11,250.1,700,33450
20240223,12:57:12,249.15,100,33450
20240223,12:57:13,249.1,700,33450
20240223,12:57:17,250.2,100,33450
20240223,12:57:22,250.2,150,33450
20240223,12:57:23,249.15,700,33450
20240223,12:57:44,250.65,100,33450
20240223,12:57:46,250.35,50,33450
20240223,12:57:55,249.6,100,33450
20240223,12:58:11,250.2,600,33450
20240223,12:58:14,248.6,100,33450
20240223,12:58:31,248.15,50,33300
20240223,12:58:36,250.1,100,33300
20240223,12:58:43,249.2,500,33300
20240223,12:59:10,250.2,650,33300
20240223,12:59:18,249.15,50,33300
20240223,12:59:29,249.8,50,33300
20240223,12:59:41,250.15,50,33300
20240223,12:59:42,251.05,100,33300
20240223,12:59:44,250.7,100,33300
20240223,13:00:38,250.15,100,33300
20240223,13:01:24,250.8,100,33300
20240223,13:02:15,250.8,50,33150
20240223,13:04:47,251.05,50,33150
20240223,13:05:03,250.65,250,33150
20240223,13:05:21,250.5,250,33150
20240223,13:06:11,254.6,100,33150
20240223,13:06:25,256.0,50,33150
20240223,13:08:00,256.0,50,33150
20240223,13:08:52,256.0,50,33150
20240223,13:11:05,255.15,100,33050
20240223,13:11:41,257.5,300,33050
20240223,13:12:13,256.15,100,33050
20240223,13:12:50,253.95,150,33050
20240223,13:13:32,253.0,100,32650
20240223,13:14:36,255.9,100,32650
20240223,13:16:01,255.35,150,32650
20240223,13:16:38,256.1,150,32550
20240223,13:18:36,258.95,100,32550
20240223,13:18:42,260.0,150,32550
20240223,13:18:44,260.7,350,32550
20240223,13:19:31,256.8,50,32400
20240223,13:22:32,260.4,100,32350
20240223,13:22:33,260.05,100,32350
20240223,13:22:45,260.0,950,32350
20240223,13:24:31,262.25,550,32350
20240223,13:24:51,266.55,50,32350
20240223,13:24:53,267.45,50,32350
20240223,13:24:55,266.6,50,32350
20240223,13:25:14,266.8,100,32350
20240223,13:25:21,268.75,50,32350
20240223,13:25:31,274.35,500,32350
20240223,13:25:33,273.45,100,33000
20240223,13:25:44,275.45,150,33000
20240223,13:26:02,278.45,150,33000
20240223,13:26:12,276.1,200,33000
20240223,13:26:47,276.1,100,33000
20240223,13:26:54,272.95,100,33000
20240223,13:26:57,273.05,950,33000
20240223,13:27:43,276.45,100,33000
20240223,13:27:52,278.0,50,33000
20240223,13:27:54,278.6,50,33000
20240223,13:27:56,277.45,100,33000
20240223,13:28:11,278.45,100,33000
20240223,13:28:12,276.0,9750,33000
20240223,13:28:13,276.0,7200,33000
20240223,13:28:36,271.7,50,21600
20240223,13:28:39,273.65,100,21600
20240223,13:28:45,274.7,150,21600
20240223,13:29:00,274.25,50,21600
20240223,13:29:15,272.45,700,21600
20240223,13:29:25,270.95,50,21600
20240223,13:29:26,271.35,100,21600
20240223,13:29:26,270.3,100,21600
20240223,13:29:35,268.9,150,21600
20240223,13:29:38,267.65,50,21600
20240223,13:29:40,268.05,50,21600
20240223,13:29:56,263.5,150,21600
20240223,13:29:58,263.95,50,21600
20240223,13:30:00,263.45,50,21600
20240223,13:30:01,264.55,100,21600
20240223,13:30:03,264.85,50,21600
20240223,13:30:08,265.55,50,21600
20240223,13:30:11,266.0,1800,21600
20240223,13:30:20,267.4,300,21600
20240223,13:30:24,267.4,200,21600
20240223,13:30:31,265.95,100,21600
20240223,13:30:58,265.5,100,21600
20240223,13:31:05,264.8,100,21600
20240223,13:31:06,265.2,100,21600
20240223,13:31:30,261.45,100,19350
20240223,13:32:07,253.5,100,19350
20240223,13:32:20,252.75,50,19350
20240223,13:32:23,253.55,50,19350
20240223,13:33:35,252.0,1800,19350
20240223,13:33:52,253.0,1800,19350
20240223,13:34:09,255.0,1800,19350
20240223,13:34:18,253.1,100,19350
20240223,13:35:00,255.25,100,24500
20240223,13:35:18,256.1,50,24500
20240223,13:36:28,257.1,100,24500
20240223,13:38:36,255.75,50,24600
20240223,13:38:37,255.25,150,24600
20240223,13:39:04,256.1,150,24600
20240223,13:42:41,262.0,750,24600
20240223,13:43:00,262.9,50,24700
20240223,13:45:07,261.0,100,24700
20240223,13:45:16,260.45,100,24200
20240223,13:45:21,258.7,50,24200
20240223,13:45:39,258.75,50,24200
20240223,13:45:41,258.7,100,24200
20240223,13:45:52,258.7,50,24200
20240223,13:46:44,259.85,100,24000
20240223,13:47:25,260.0,350,24000
20240223,13:48:00,258.55,100,24000
20240223,13:49:36,262.95,100,23900
20240223,13:49:37,263.0,2100,23900
20240223,13:49:38,263.0,500,23900
20240223,13:49:42,262.95,50,23900
20240223,13:49:44,263.0,50,23900
20240223,13:49:48,263.0,400,23900
20240223,13:49:49,263.0,2350,23900
20240223,13:50:22,264.6,50,23900
20240223,13:50:37,263.2,50,23900
20240223,13:50:40,262.5,250,23900
20240223,13:50:49,261.95,50,23900
20240223,13:50:50,261.95,50,23900
20240223,13:51:03,264.8,450,23900
20240223,13:51:16,262.55,50,23900
20240223,13:51:31,261.25,50,23900
20240223,13:51:37,260.55,150,23900
20240223,13:51:39,259.95,150,23900
20240223,13:51:44,259.55,50,23900
20240223,13:52:12,264.1,200,23900
20240223,13:52:25,262.05,100,23900
20240223,13:52:26,261.85,50,23900
20240223,13:52:27,261.7,50,23900
20240223,13:52:44,261.9,350,20850
20240223,13:52:45,261.4,150,20850
20240223,13:53:18,260.5,50,20850
20240223,13:53:37,261.8,100,20850
20240223,13:54:01,261.55,50,20850
20240223,13:54:21,262.6,50,20850
20240223,13:54:25,262.4,50,20850
20240223,13:54:44,264.15,100,20850
20240223,13:55:09,266.7,200,20850
20240223,13:55:11,265.7,50,20850
20240223,13:55:16,265.05,50,20850
20240223,13:55:22,262.6,100,20850
20240223,13:55:26,262.5,50,20850
20240223,13:55:41,262.45,150,21300
20240223,13:55:43,261.85,50,21300
20240223,13:56:52,264.05,50,21300
20240223,13:57:02,264.25,50,21300
20240223,13:57:27,263.35,50,21300
20240223,13:57:53,262.95,50,21300
20240223,14:00:26,266.6,100,21300
20240223,14:01:03,262.1,1100,21300
20240223,14:01:04,262.15,100,21300
20240223,14:01:08,261.25,100,21300
20240223,14:01:15,260.0,150,21300
20240223,14:01:16,260.0,400,21300
20240223,14:02:32,257.45,100,22200
20240223,14:04:16,256.6,100,22200
20240223,14:06:43,256.75,50,22350
20240223,14:07:04,258.45,50,22350
20240223,14:09:51,264.6,50,22350
20240223,14:10:04,264.55,500,22350
20240223,14:10:09,262.55,100,22350
20240223,14:12:48,263.25,50,22500
20240223,14:13:01,263.25,50,22500
20240223,14:13:37,266.45,50,22550
20240223,14:14:09,269.05,250,22550
20240223,14:14:12,267.5,100,22550
20240223,14:15:01,270.2,400,22550
20240223,14:15:11,273.65,250,22550
20240223,14:15:35,273.75,50,22550
20240223,14:15:36,273.75,50,22550
20240223,14:15:58,270.95,400,22550
20240223,14:16:20,267.35,50,22550
20240223,14:16:37,266.3,100,23050
20240223,14:16:54,265.0,150,23050
20240223,14:19:15,263.2,500,23050
20240223,14:19:34,264.0,50,23050
20240223,14:19:35,263.0,50,23050
20240223,14:20:15,263.3,50,23350
20240223,14:20:47,262.55,50,23350
20240223,14:23:04,259.7,50,23300
20240223,14:24:50,260.75,200,23300
20240223,14:25:19,263.95,200,23300
20240223,14:28:54,263.05,200,23200
20240223,14:29:35,260.55,200,23200
20240223,14:30:03,262.3,200,23200
20240223,14:30:13,263.75,200,23200
20240223,14:35:23,269.45,50,23000
20240223,14:37:41,266.8,400,23000
20240223,14:40:23,251.4,450,23000
20240223,14:40:31,250.5,100,23000
20240223,14:40:59,254.8,300,22750
20240223,14:41:15,254.4,100,22750
20240223,14:41:22,257.1,50,22750
20240223,14:41:57,258.0,1950,22750
20240223,14:44:36,255.25,1800,24400
20240223,14:44:41,254.8,1800,24400
20240223,14:44:49,254.8,1800,24400
20240223,14:45:04,254.85,50,24400
20240223,14:45:06,255.05,250,24400
20240223,14:45:24,256.05,2000,24400
20240223,14:45:35,257.0,1800,24400
20240223,14:45:43,257.0,1800,24400
20240223,14:45:45,256.05,200,24400
20240223,14:49:03,261.8,150,31650
20240223,14:49:10,261.8,50,31650
20240223,14:50:04,262.0,700,31500
20240223,14:50:07,261.0,1800,31500
20240223,14:50:09,261.0,1800,31500
20240223,14:50:10,262.0,1100,31500
20240223,14:50:12,261.1,1800,31500
20240223,14:50:18,261.75,100,31500
20240223,14:50:21,261.8,350,31500
20240223,14:50:22,261.0,1800,31500
20240223,14:51:02,257.3,50,31500
20240223,14:51:08,259.25,100,31500
20240223,14:51:09,259.95,50,31500
20240223,14:51:20,260.0,1800,31500
20240223,14:51:33,260.95,50,31500
20240223,14:51:38,261.0,1800,31500
20240223,14:51:40,261.8,550,31500
20240223,14:51:42,261.8,1250,31500
20240223,14:52:02,261.65,100,31500
20240223,14:53:31,265.3,150,22950
20240223,14:53:45,264.9,100,22950
20240223,14:53:46,264.0,550,22950
20240223,14:54:07,263.9,100,22950
20240223,14:57:08,261.8,100,23500
20240223,14:57:22,262.5,150,23500
20240223,14:57:47,260.9,150,23500
20240223,14:57:48,260.0,150,23500
20240223,14:58:00,260.0,50,23500
20240223,14:59:14,260.3,100,23900
20240223,14:59:54,259.3,100,23900
20240223,15:00:27,259.45,50,23900
20240223,15:01:20,265.15,50,23900
20240223,15:01:49,261.6,50,23900
20240223,15:02:12,265.0,100,23900
20240223,15:03:05,265.55,50,23900
20240223,15:03:37,265.55,200,23900
20240223,15:04:08,267.1,100,23900
20240223,15:04:16,265.95,50,23900
20240223,15:04:52,270.75,50,23750
20240223,15:05:13,266.7,150,23750
20240223,15:05:28,262.55,650,23750
20240223,15:06:22,263.05,100,23750
20240223,15:07:05,264.75,100,23750
20240223,15:07:06,265.85,100,23750
20240223,15:07:24,269.1,50,23750
20240223,15:09:27,267.0,200,24400
20240223,15:09:30,267.4,100,24400
20240223,15:09:45,267.0,50,24400
20240223,15:10:01,264.15,1450,24400
20240223,15:10:10,265.7,350,24400
20240223,15:10:18,266.75,50,24400
20240223,15:11:00,267.4,150,23800
20240223,15:11:22,268.65,50,23800
20240223,15:11:44,267.05,100,23800
20240223,15:12:12,265.4,50,23800
20240223,15:15:01,265.0,150,23850
20240223,15:15:09,266.8,50,23850
20240223,15:15:55,268.2,50,23850
20240223,15:16:25,270.0,50,23850
20240223,15:16:28,271.25,450,23850
20240223,15:16:47,275.0,50,23950
20240223,15:16:49,275.0,350,23950
20240223,15:16:51,275.4,700,23950
20240223,15:17:11,273.15,50,23950
20240223,15:17:26,275.0,50,23950
20240223,15:17:43,273.75,50,23950
20240223,15:18:01,273.8,50,23950
20240223,15:18:35,273.5,250,23950
20240223,15:19:23,270.0,50,23950
20240223,15:20:05,263.55,200,23650
20240223,15:20:08,263.75,250,23650
20240223,15:20:10,263.4,50,23650
20240223,15:20:11,263.6,200,23650
20240223,15:20:13,263.4,150,23650
20240223,15:20:15,262.85,50,23650
20240223,15:20:16,262.95,150,23650
20240223,15:20:18,262.25,200,23650
20240223,15:20:22,262.15,150,23650
20240223,15:20:23,264.1,350,23650
20240223,15:20:25,262.55,50,23650
20240223,15:20:35,262.5,100,23650
20240223,15:20:36,262.4,100,23650
20240223,15:20:39,262.6,100,23650
20240223,15:20:40,262.65,50,23650
20240223,15:20:41,264.55,250,23650
20240223,15:20:42,262.5,250,23650
20240223,15:20:43,265.15,300,23650
20240223,15:21:00,265.45,50,23650
20240223,15:21:01,264.65,50,23650
20240223,15:21:02,264.4,200,23650
20240223,15:21:04,264.05,250,23650
20240223,15:21:11,264.0,50,23650
20240223,15:21:13,264.6,100,23650
20240223,15:21:44,263.05,50,23650
20240223,15:21:46,263.8,50,23650
20240223,15:22:01,262.0,1800,23650
20240223,15:22:15,259.1,250,23650
20240223,15:22:25,258.05,50,23650
20240223,15:22:32,259.35,100,23650
20240223,15:22:40,256.5,200,23650
20240223,15:23:02,256.5,50,23650
20240223,15:23:46,259.6,100,21000
20240223,15:25:27,266.25,100,21000
20240223,15:25:35,271.0,100,21000
20240223,15:25:58,272.55,50,20900
20240223,15:26:00,272.6,50,20900
20240223,15:26:25,275.0,50,20900
20240223,15:26:49,272.0,100,20900
20240223,15:27:15,274.5,500,20900
20240223,15:27:28,274.55,50,20900
20240223,15:28:05,270.45,100,20900
20240223,15:28:19,273.05,250,20900
20240223,15:28:42,273.7,50,20900
20240223,15:28:55,275.0,50,20050
20240223,15:28:56,272.95,100,20050
20240223,15:29:05,272.7,150,20050
20240223,15:29:25,269.8,50,20050
20240223,15:29:46,268.95,50,20050
20240226,09:15:47,287.25,1,18950
20240226,09:15:47,287.25,100,18950
20240226,09:15:53,285.1,300,19050
20240226,09:16:16,284.0,150,19050
20240226,09:16:23,284.0,50,19050
20240226,09:16:49,283.35,100,19050
20240226,09:17:40,283.35,300,19050
20240226,09:18:26,282.8,300,19050
20240226,09:18:33,280.7,1500,19050
20240226,09:18:55,280.7,100,18850
20240226,09:19:59,282.0,100,18850
20240226,09:20:02,280.0,50,18850
20240226,09:20:15,280.0,200,18850
20240226,09:20:16,284.25,50,18850
20240226,09:20:30,285.0,50,18850
20240226,09:20:43,280.0,150,18850
20240226,09:21:29,276.35,500,18850
20240226,09:22:39,276.35,100,18700
20240226,09:24:09,281.95,100,18700
20240226,09:24:38,281.95,500,18700
20240226,09:24:42,278.6,50,18700
20240226,09:25:04,279.3,100,18950
20240226,09:25:37,278.0,100,18950
20240226,09:26:08,280.0,50,18950
20240226,09:27:34,282.05,50,18950
20240226,09:28:03,283.95,150,19000
20240226,09:28:04,284.0,150,19000
20240226,09:30:29,282.75,50,19000
20240226,09:32:03,282.75,100,19100
20240226,09:32:49,283.65,50,19100
20240226,09:33:27,282.0,100,19100
20240226,09:33:46,280.5,100,19100
20240226,09:36:13,280.5,50,19350
20240226,09:36:47,282.0,200,19350
20240226,09:38:05,284.25,50,19100
20240226,09:38:19,284.85,150,19100
20240226,09:38:32,283.0,550,19100
20240226,09:44:17,273.2,450,19550
20240226,09:44:21,272.7,50,19550
20240226,09:44:33,269.55,200,19550
20240226,09:44:42,268.65,300,19550
20240226,09:46:02,268.0,50,19500
20240226,09:46:03,267.1,350,19500
20240226,09:47:51,267.1,50,19500
20240226,09:48:11,275.25,100,19500
20240226,09:48:27,275.0,50,19500
20240226,09:49:40,273.45,100,19450
20240226,09:50:01,280.0,250,19450
20240226,09:50:08,280.65,50,19450
20240226,09:50:33,284.9,50,19450
20240226,09:50:34,285.55,50,19450
20240226,09:50:52,287.9,800,19450
20240226,09:51:53,288.5,350,19450
20240226,09:52:26,296.0,350,19650
20240226,09:52:34,296.0,50,19650
20240226,09:52:35,296.0,100,19650
20240226,09:52:37,296.0,50,19650
20240226,09:52:47,296.15,50,19650
20240226,09:52:55,296.15,800,19650
20240226,09:53:01,298.45,100,19650
20240226,09:53:02,299.0,50,19650
20240226,09:53:03,300.0,150,19650
20240226,09:53:08,301.6,50,19650
20240226,09:53:31,301.6,100,19650
20240226,09:53:34,294.85,1000,19650
20240226,09:53:49,296.9,100,19650
20240226,09:54:14,294.65,50,19650
20240226,09:55:40,296.95,50,18850
20240226,09:55:41,294.75,50,18850
20240226,09:55:53,295.0,100,18850
20240226,09:56:01,294.05,100,18850
20240226,09:57:08,298.0,50,18850
20240226,09:57:11,300.0,300,18850
20240226,09:57:45,300.0,100,18850
20240226,09:57:46,300.05,50,18850
20240226,09:57:47,302.75,50,18850
20240226,09:57:56,302.75,50,18500
20240226,09:58:05,301.75,50,18500
20240226,09:59:05,306.25,100,18500
20240226,09:59:58,308.05,600,18500
20240226,10:01:34,308.05,50,17800
20240226,10:01:55,305.5,50,17800
20240226,10:01:57,302.9,100,17800
20240226,10:03:04,304.65,100,17800
20240226,10:03:42,300.0,100,17800
20240226,10:04:06,303.15,100,17650
20240226,10:04:07,303.3,50,17650
20240226,10:04:08,303.95,100,17650
20240226,10:04:26,304.95,50,17650
20240226,10:06:27,300.85,100,17650
20240226,10:07:02,299.05,300,17500
20240226,10:07:18,297.1,100,17500
20240226,10:08:50,291.9,100,17500
20240226,10:09:13,294.75,150,17500
20240226,10:09:20,296.2,100,17500
20240226,10:10:30,300.25,200,17400
20240226,10:12:40,303.25,50,17400
20240226,10:12:53,299.7,100,17400
20240226,10:13:15,299.2,100,17300
20240226,10:13:29,297.1,100,17300
20240226,10:13:58,297.95,100,17300
20240226,10:15:47,296.4,250,17300
20240226,10:16:01,298.45,100,17300
20240226,10:16:35,297.95,50,17450
20240226,10:16:35,297.8,50,17450
20240226,10:18:57,298.7,100,17450
20240226,10:19:32,300.0,50,17350
20240226,10:22:15,298.5,50,17200
20240226,10:22:29,298.55,100,17200
20240226,10:22:43,299.65,100,17200
20240226,10:24:15,297.7,100,17200
20240226,10:25:17,299.7,650,17150
20240226,10:25:30,301.05,150,17150
20240226,10:26:11,298.9,200,17150
20240226,10:27:00,300.65,100,17150
20240226,10:27:18,302.1,100,17150
20240226,10:28:17,300.25,100,16550
20240226,10:28:59,304.0,50,16550
20240226,10:29:10,305.0,50,16550
20240226,10:30:02,308.85,100,16550
20240226,10:32:29,308.85,50,16550
20240226,10:33:44,303.9,100,16550
20240226,10:33:45,304.7,50,16550
20240226,10:34:02,302.4,50,16400
20240226,10:34:54,300.95,150,16400
20240226,10:36:28,303.85,50,16400
20240226,10:36:46,299.25,150,16400
20240226,10:36:52,297.0,450,16400
20240226,10:37:16,296.05,100,16100
20240226,10:37:23,296.95,100,16100
20240226,10:37:31,295.0,50,16100
20240226,10:37:52,295.2,500,16100
20240226,10:43:16,306.0,50,16100
20240226,10:44:06,305.0,100,16100
20240226,10:44:41,306.35,100,16100
20240226,10:48:36,301.35,150,16050
20240226,10:49:28,301.25,500,15900
20240226,10:49:47,301.1,100,15900
20240226,10:50:00,298.85,100,15900
20240226,10:50:20,297.5,100,15900
20240226,10:50:26,297.65,100,15900
20240226,10:50:40,301.0,100,15900
20240226,10:51:12,302.35,100,15900
20240226,10:51:31,303.45,100,15900
20240226,10:53:16,304.05,100,16500
20240226,10:53:43,304.0,100,16500
20240226,10:55:50,304.95,150,16400
20240226,10:58:03,306.7,100,16400
20240226,10:58:16,308.05,100,16300
20240226,10:59:22,308.05,50,16300
20240226,10:59:29,311.5,200,16300
20240226,11:00:10,318.0,450,16300
20240226,11:00:20,318.85,150,16300
20240226,11:00:52,314.45,100,16300
20240226,11:01:01,311.2,50,16300
20240226,11:01:50,309.65,350,16550
20240226,11:02:25,309.6,100,16550
20240226,11:03:16,305.85,100,16550
20240226,11:03:39,303.6,200,16550
20240226,11:03:58,303.85,200,16550
20240226,11:04:09,305.0,200,17100
20240226,11:04:29,305.3,200,17100
20240226,11:04:38,305.15,200,17100
20240226,11:05:30,303.15,200,17100
20240226,11:05:46,303.0,50,17100
20240226,11:11:25,303.85,100,17100
20240226,11:12:09,306.8,100,17400
20240226,11:14:26,307.7,100,17300
20240226,11:15:39,308.25,200,17300
20240226,11:16:29,308.25,300,17400
20240226,11:19:24,304.75,100,17600
20240226,11:19:30,304.85,450,17600
20240226,11:19:37,306.35,50,17600
20240226,11:21:04,310.5,250,17600
20240226,11:22:12,309.65,100,17400
20240226,11:26:07,304.85,100,17300
20240226,11:26:41,306.25,50,17300
20240226,11:27:30,307.15,100,17300
20240226,11:27:42,306.45,50,17300
20240226,11:32:12,310.4,50,17400
20240226,11:33:38,309.65,100,17400
20240226,11:35:01,311.85,200,17300
20240226,11:36:04,312.0,100,17300
20240226,11:37:45,309.65,350,17400
20240226,11:37:58,310.0,50,17400
20240226,11:40:09,311.55,100,17400
20240226,11:40:22,313.0,100,17300
20240226,11:40:35,313.4,100,17300
20240226,11:40:47,313.8,100,17300
20240226,11:41:12,314.4,200,17300
20240226,11:41:32,315.8,200,17300
20240226,11:41:38,315.7,300,17300
20240226,11:43:26,315.45,100,16400
20240226,11:44:21,312.8,300,16400
20240226,11:48:53,310.25,100,16300
20240226,11:49:42,312.55,50,16300
20240226,11:52:46,312.25,50,16350
20240226,11:53:05,313.0,350,16350
20240226,11:53:31,316.0,200,16350
20240226,11:54:24,315.2,1800,16350
20240226,11:54:38,319.1,100,16350
20240226,11:54:54,324.0,350,16350
20240226,11:55:14,330.0,200,16350
20240226,11:55:36,330.0,500,16350
20240226,11:57:01,323.9,100,16350
20240226,11:57:16,324.7,100,16350
20240226,11:57:29,324.0,50,16350
20240226,11:57:35,323.25,100,16350
20240226,11:59:11,320.1,150,16250
20240226,11:59:33,317.35,50,16250
20240226,12:01:04,320.65,50,16250
20240226,12:02:22,315.25,50,16250
20240226,12:03:35,316.9,50,16250
20240226,12:04:52,321.45,50,16250
20240226,12:04:59,321.7,100,16250
20240226,12:06:17,319.7,50,16250
20240226,12:08:12,318.45,50,16250
20240226,12:09:39,318.45,50,16250
20240226,12:10:37,323.8,250,16250
20240226,12:11:35,323.05,50,16250
20240226,12:11:42,322.2,50,16250
20240226,12:13:16,322.1,50,16250
20240226,12:13:23,322.95,150,16250
20240226,12:15:35,324.55,50,16250
20240226,12:18:08,326.25,50,16250
20240226,12:18:56,335.0,550,16250
20240226,12:19:14,335.0,50,16250
20240226,12:19:43,332.35,450,16300
20240226,12:20:34,330.6,250,16300
20240226,12:21:02,330.6,50,16300
20240226,12:21:08,330.65,100,16300
20240226,12:21:36,332.45,50,16300
20240226,12:22:39,328.1,50,16350
20240226,12:24:52,325.5,50,16350
20240226,12:25:10,325.4,150,16350
20240226,12:26:18,321.7,50,16300
20240226,12:27:13,315.0,50,16300
20240226,12:28:01,311.9,50,16300
20240226,12:28:15,313.55,50,16300
20240226,12:28:41,314.8,50,16350
20240226,12:32:05,318.4,50,16350
20240226,12:32:32,313.6,50,16350
20240226,12:32:38,314.3,50,16350
20240226,12:34:12,312.8,100,16350
20240226,12:34:57,310.6,450,16300
20240226,12:35:31,313.45,100,16300
20240226,12:35:39,314.4,350,16300
20240226,12:39:01,319.2,50,16300
20240226,12:39:40,316.85,50,16300
20240226,12:40:31,315.3,50,16250
20240226,12:40:37,314.45,400,16250
20240226,12:40:57,312.8,100,16250
20240226,12:41:03,312.0,150,16250
20240226,12:41:17,313.5,450,16250
20240226,12:41:30,315.0,50,16250
20240226,12:44:08,315.25,50,16250
20240226,12:44:28,318.4,50,16250
20240226,12:46:25,318.9,50,16250
20240226,12:46:58,316.05,50,16250
20240226,12:47:18,317.55,50,16250
20240226,12:47:30,318.4,50,16250
20240226,12:51:20,318.45,50,16250
20240226,12:52:58,317.6,50,16250
20240226,12:56:02,313.05,50,16250
20240226,12:57:50,308.2,50,16250
20240226,12:58:12,306.0,200,16250
20240226,12:58:19,306.1,50,16250
20240226,12:58:54,304.75,50,16050
20240226,12:59:28,303.05,200,16050
20240226,12:59:50,301.1,50,16050
20240226,13:00:04,301.0,50,16050
20240226,13:00:32,302.35,50,16050
20240226,13:01:00,299.35,50,16050
20240226,13:01:14,300.3,100,16050
20240226,13:01:28,303.15,600,16050
20240226,13:01:35,304.65,50,16050
20240226,13:01:42,305.6,200,16050
20240226,13:02:02,306.6,150,16050
20240226,13:04:12,304.85,50,16050
20240226,13:04:39,305.0,50,16050
20240226,13:06:56,303.05,500,16050
20240226,13:07:34,300.05,50,16050
20240226,13:08:19,299.25,150,16050
20240226,13:08:46,296.25,150,16050
20240226,13:08:54,296.25,250,16050
20240226,13:10:21,292.5,50,16050
20240226,13:10:50,291.75,50,16100
20240226,13:10:58,290.55,600,16100
20240226,13:11:40,282.25,50,16100
20240226,13:11:57,285.25,500,16100
20240226,13:12:29,282.0,150,16100
20240226,13:13:30,285.45,50,16100
20240226,13:13:44,286.4,250,16000
20240226,13:14:19,288.35,100,16000
20240226,13:15:05,287.35,100,16000
20240226,13:15:26,285.75,50,16000
20240226,13:15:33,284.35,50,16000
20240226,13:15:53,282.7,250,16000
20240226,13:16:07,280.6,100,16000
20240226,13:16:42,280.0,100,15900
20240226,13:17:02,275.0,950,15900
20240226,13:17:53,276.0,100,15900
20240226,13:18:06,277.9,500,15900
20240226,13:19:31,280.0,250,16050
20240226,13:19:42,280.0,700,16050
20240226,13:19:50,281.3,50,16050
20240226,13:20:53,279.5,100,16050
20240226,13:20:59,279.05,50,16050
20240226,13:21:00,279.0,100,16050
20240226,13:22:01,284.25,50,16050
20240226,13:22:14,283.8,50,16050
20240226,13:22:21,285.35,50,16050
20240226,13:22:50,285.75,100,16000
20240226,13:25:04,285.1,500,16000
20240226,13:25:56,285.1,500,16050
20240226,13:26:30,282.15,50,16050
20240226,13:26:37,282.7,50,16050
20240226,13:27:35,283.45,50,16050
20240226,13:30:59,290.0,250,16050
20240226,13:31:19,288.95,50,16050
20240226,13:31:54,294.95,50,16000
20240226,13:32:02,297.0,150,16000
20240226,13:32:24,295.5,50,16000
20240226,13:33:54,294.0,300,16000
20240226,13:34:01,295.15,50,16000
20240226,13:34:47,294.0,50,16050
20240226,13:35:00,294.0,50,16050
20240226,13:35:33,291.85,50,16050
20240226,13:36:11,290.35,50,16050
20240226,13:36:18,290.0,50,16050
20240226,13:37:02,291.6,100,16050
20240226,13:37:29,291.1,50,16050
20240226,13:37:49,292.45,50,16050
20240226,13:38:08,291.05,50,16050
20240226,13:38:34,289.3,100,16050
20240226,13:38:47,290.6,50,16050
20240226,13:38:54,291.65,200,16050
20240226,13:39:07,292.4,50,16050
20240226,13:39:14,294.65,750,16050
20240226,13:39:21,295.45,150,16050
20240226,13:39:36,299.25,50,16050
20240226,13:40:38,295.6,50,16100
20240226,13:41:47,292.55,100,16100
20240226,13:43:02,295.4,50,16100
20240226,13:43:28,296.4,50,16100
20240226,13:45:26,295.5,100,16100
20240226,13:45:33,296.05,50,16100
20240226,13:46:12,295.6,50,16100
20240226,13:46:19,296.1,50,16100
20240226,13:47:38,286.6,50,16100
20240226,13:48:35,284.3,50,16100
20240226,13:49:03,285.4,50,16100
20240226,13:49:16,285.05,100,16100
20240226,13:49:23,284.3,600,16100
20240226,13:50:00,282.65,50,16150
20240226,13:50:53,284.95,250,16150
20240226,13:51:08,285.0,50,16150
20240226,13:52:03,286.6,50,16150
20240226,13:52:37,284.35,50,16150
20240226,13:53:17,281.25,300,16200
20240226,13:53:24,281.25,400,16200
20240226,13:54:01,278.0,100,16200
20240226,13:54:25,277.9,50,16200
20240226,13:54:34,278.55,50,16200
20240226,13:55:16,279.25,50,16200
20240226,13:55:57,281.25,200,16600
20240226,13:56:18,282.0,50,16600
20240226,13:59:13,284.5,50,16400
20240226,14:00:07,281.3,50,16400
20240226,14:00:42,281.3,50,16400
20240226,14:01:22,279.9,50,16400
20240226,14:02:13,282.15,50,16300
20240226,14:03:09,282.15,100,16300
20240226,14:03:36,280.6,50,16300
20240226,14:03:50,280.45,50,16300
20240226,14:04:23,279.8,100,16300
20240226,14:05:37,281.4,50,16550
20240226,14:05:50,279.65,50,16550
20240226,14:06:33,277.4,50,16550
20240226,14:06:49,277.85,100,16550
20240226,14:07:40,276.0,50,16500
20240226,14:08:17,275.5,400,16500
20240226,14:08:32,274.3,500,16500
20240226,14:08:39,276.1,50,16500
20240226,14:08:47,276.2,50,16500
20240226,14:09:38,279.1,50,16500
20240226,14:09:52,277.3,50,16500
20240226,14:10:33,278.75,50,16500
20240226,14:11:05,279.6,50,16350
20240226,14:11:12,279.55,50,16350
20240226,14:11:19,277.4,100,16350
20240226,14:12:12,280.6,50,16350
20240226,14:14:13,285.45,350,16550
20240226,14:15:29,288.0,50,16550
20240226,14:15:43,289.85,250,16550
20240226,14:15:55,290.7,50,16550
20240226,14:17:13,284.5,250,16150
20240226,14:19:14,283.55,50,16150
20240226,14:22:20,276.6,150,16100
20240226,14:23:23,275.0,450,16100
20240226,14:23:30,272.2,50,16200
20240226,14:23:46,272.0,50,16200
20240226,14:24:01,270.0,900,16200
20240226,14:24:09,270.0,500,16200
20240226,14:24:17,270.2,250,16200
20240226,14:24:32,271.95,50,16200
20240226,14:24:40,273.65,50,16200
20240226,14:25:37,275.6,50,16200
20240226,14:27:03,278.6,100,16850
20240226,14:32:10,278.6,400,16850
20240226,14:32:37,280.55,50,16850
20240226,14:34:19,278.1,50,16850
20240226,14:34:42,283.0,50,16850
20240226,14:36:10,286.75,800,16500
20240226,14:36:32,283.6,100,16500
20240226,14:37:20,282.45,100,16500
20240226,14:38:37,285.5,400,16700
20240226,14:38:59,289.9,1000,16700
20240226,14:39:52,294.0,100,16700
20240226,14:42:44,288.85,50,16700
20240226,14:45:36,294.0,100,16650
20240226,14:47:23,287.4,150,16650
20240226,14:48:17,290.35,50,16650
20240226,14:48:24,291.45,50,16650
20240226,14:49:03,298.6,700,16650
20240226,14:49:52,302.85,50,16650
20240226,14:49:59,300.35,750,16650
20240226,14:50:07,302.1,50,16650
20240226,14:50:45,304.8,100,16650
20240226,14:50:53,304.8,500,16650
20240226,14:52:55,306.15,50,16700
20240226,14:53:18,310.0,50,16700
20240226,14:57:29,303.1,50,16700
20240226,14:57:30,302.1,50,16700
20240226,14:57:45,300.3,100,16700
20240226,14:58:44,301.5,50,16700
20240226,14:59:47,305.9,50,16700
20240226,15:00:45,303.1,50,16700
20240226,15:03:30,295.1,50,16700
20240226,15:03:44,295.25,50,16700
20240226,15:04:08,298.65,50,16700
20240226,15:04:16,300.45,50,16700
20240226,15:04:24,297.7,50,16700
20240226,15:04:32,296.9,550,16700
20240226,15:04:47,296.05,100,16700
20240226,15:05:09,299.85,500,16750
20240226,15:07:51,301.6,500,16750
20240226,15:09:07,299.3,100,16750
20240226,15:11:00,300.5,50,16700
20240226,15:14:12,298.85,50,16700
20240226,15:14:34,297.3,50,16700
20240226,15:17:21,301.6,50,16750
20240226,15:17:36,302.8,350,16750
20240226,15:18:27,305.0,100,16750
20240226,15:18:35,304.7,50,16750
20240226,15:19:05,305.65,50,16750
20240226,15:19:20,303.6,50,16750
20240226,15:19:28,303.7,150,16750
20240226,15:19:36,302.15,100,16750
20240226,15:20:04,299.7,100,16400
20240226,15:20:18,301.45,50,16400
20240226,15:20:25,300.3,50,16400
20240226,15:20:32,300.55,200,16400
20240226,15:20:40,301.3,300,16400
20240226,15:20:54,300.85,100,16400
20240226,15:21:01,304.05,150,16400
20240226,15:21:38,301.95,50,16400
20240226,15:24:33,299.5,150,16050
20240226,15:24:46,301.95,300,16050
20240226,15:25:36,301.6,50,16050
20240226,15:25:44,301.5,50,16050
20240226,15:25:59,299.0,50,16150
20240226,15:26:27,296.05,50,16150
20240226,15:26:34,296.2,100,16150
20240226,15:27:23,295.25,150,16150
20240226,15:27:43,295.1,550,16150
20240226,15:28:11,294.85,150,16150
20240226,15:28:13,297.4,50,16150
20240226,15:28:14,294.9,50,16150
20240226,15:28:17,294.6,150,16150
20240226,15:28:39,295.75,50,16150
20240226,15:29:00,297.0,100,15100
20240226,15:29:02,296.3,50,15100
20240226,15:29:07,296.25,100,15100
20240226,15:29:32,296.6,50,15100
20240227,09:15:40,305.55,1,14950
20240227,09:15:40,305.0,1000,14950
20240227,09:16:11,305.0,100,14750
20240227,09:16:25,308.1,950,14750
20240227,09:16:40,308.05,400,14750
20240227,09:17:09,310.4,50,14750
20240227,09:17:17,311.95,150,14750
20240227,09:17:56,311.95,350,14750
20240227,09:18:10,311.0,100,14750
20240227,09:18:18,309.25,150,14750
20240227,09:18:33,311.1,150,14750
20240227,09:19:44,317.1,50,14900
20240227,09:20:02,317.1,150,14900
20240227,09:20:34,314.45,250,14900
20240227,09:21:05,315.2,100,14900
20240227,09:21:53,309.55,150,14900
20240227,09:22:10,309.8,50,14850
20240227,09:22:26,311.25,50,14850
20240227,09:22:34,311.05,50,14850
20240227,09:22:42,308.4,50,14850
20240227,09:22:50,308.1,100,14850
20240227,09:23:03,306.45,50,14850
20240227,09:23:26,304.75,50,14850
20240227,09:23:34,304.75,50,14850
20240227,09:23:41,304.75,50,14850
20240227,09:24:15,304.75,50,14850
20240227,09:25:38,304.45,50,14750
20240227,09:25:46,303.0,50,14750
20240227,09:26:31,303.0,50,14750
20240227,09:26:55,300.0,250,14750
20240227,09:28:03,300.0,150,14650
20240227,09:30:31,300.0,100,14650
20240227,09:30:48,305.65,100,14650
20240227,09:33:11,302.75,100,14650
20240227,09:34:27,299.0,150,14650
20240227,09:35:24,299.0,100,14650
20240227,09:38:02,307.1,100,14650
20240227,09:40:57,296.6,100,14750
20240227,09:41:36,296.6,100,14750
20240227,09:44:05,308.0,50,14750
20240227,09:44:35,306.2,200,14750
20240227,09:47:40,304.45,100,14650
20240227,09:48:35,302.7,100,14650
20240227,09:49:28,300.3,100,14650
20240227,09:49:36,300.25,50,14650
20240227,09:49:44,298.55,800,14650
20240227,09:50:17,294.1,100,14650
20240227,09:50:45,294.1,100,14650
20240227,09:51:01,297.45,100,14650
20240227,09:52:19,299.9,50,14550
20240227,09:53:36,302.9,50,14550
20240227,09:54:00,302.9,200,14550
20240227,09:54:46,304.35,100,14550
20240227,09:54:55,308.0,50,14550
20240227,09:55:03,307.95,200,14650
20240227,09:55:20,308.0,50,14650
20240227,09:58:50,303.3,50,14650
20240227,09:59:58,298.05,150,14650
20240227,10:00:06,298.0,100,14650
20240227,10:00:14,299.0,50,14650
20240227,10:00:39,296.0,50,14650
20240227,10:01:27,296.85,50,14600
20240227,10:01:53,293.55,50,14600
20240227,10:02:02,293.35,50,14600
20240227,10:02:33,293.35,50,14600
20240227,10:02:48,291.8,100,14600
20240227,10:03:56,291.8,50,14600
20240227,10:04:03,294.35,50,14600
20240227,10:04:11,295.05,150,14700
20240227,10:05:02,293.4,100,14700
20240227,10:05:10,293.1,100,14700
20240227,10:05:17,293.2,50,14700
20240227,10:05:25,291.1,100,14700
20240227,10:05:49,291.1,100,14700
20240227,10:05:57,294.15,50,14700
20240227,10:06:15,299.95,50,14700
20240227,10:08:49,305.65,200,14700
20240227,10:09:26,308.75,200,14700
20240227,10:09:50,308.45,50,14700
20240227,10:10:05,309.45,50,14600
20240227,10:10:13,306.45,200,14600
20240227,10:10:36,309.95,100,14600
20240227,10:10:44,307.5,100,14600
20240227,10:10:52,307.7,50,14600
20240227,10:11:23,303.3,100,14600
20240227,10:12:55,306.5,200,14600
20240227,10:13:27,312.6,250,14250
20240227,10:13:44,315.0,50,14250
20240227,10:13:52,312.7,350,14250
20240227,10:14:41,314.5,50,14250
20240227,10:14:57,315.2,50,14250
20240227,10:18:25,307.6,50,13950
20240227,10:20:05,309.85,50,13950
20240227,10:20:13,308.1,100,13950
20240227,10:20:29,311.85,50,13950
20240227,10:20:36,311.95,100,13950
20240227,10:21:08,311.95,200,13950
20240227,10:21:15,314.3,50,13950
20240227,10:21:45,315.2,600,13950
20240227,10:22:53,314.45,50,13850
20240227,10:23:00,315.85,50,13850
20240227,10:23:38,317.0,50,13850
20240227,10:24:10,320.45,200,13850
20240227,10:24:52,320.45,150,13850
20240227,10:25:00,316.05,100,13850
20240227,10:25:16,312.05,50,13850
20240227,10:26:37,315.2,300,13750
20240227,10:27:21,317.45,50,13750
20240227,10:28:49,315.7,50,13800
20240227,10:29:12,317.45,500,13800
20240227,10:30:13,320.0,100,13800
20240227,10:30:21,321.5,150,13800
20240227,10:31:08,321.5,100,13800
20240227,10:31:15,317.65,100,13800
20240227,10:37:17,314.6,50,13800
20240227,10:38:50,313.65,50,13800
20240227,10:49:01,305.5,100,13800
20240227,10:49:31,304.0,50,13800
20240227,11:00:08,295.0,150,13800
20240227,11:00:48,295.0,50,13800
20240227,11:01:12,293.2,50,13800
20240227,11:01:20,293.5,700,13800
20240227,11:02:34,293.0,250,13800
20240227,11:03:39,296.1,50,13800
20240227,11:04:57,296.95,50,13800
20240227,11:07:01,298.45,100,13800
20240227,11:11:00,300.0,200,13900
20240227,11:12:39,296.35,100,13900
20240227,11:15:01,298.75,50,13800
20240227,11:17:00,300.45,50,13800
20240227,11:18:14,300.85,100,13850
20240227,11:19:21,301.25,450,13800
20240227,11:20:19,303.15,150,13800
20240227,11:20:54,303.15,50,13800
20240227,11:22:21,297.85,50,14150
20240227,11:23:01,297.85,100,14150
20240227,11:24:41,291.05,50,14150
20240227,11:25:10,289.8,50,14150
20240227,11:25:28,287.9,100,14350
20240227,11:25:43,286.25,100,14350
20240227,11:25:51,283.85,100,14350
20240227,11:26:00,283.85,50,14350
20240227,11:27:24,285.75,50,14350
20240227,11:27:47,286.45,100,14350
20240227,11:28:17,288.85,250,14350
20240227,11:29:06,288.85,50,14500
20240227,11:29:21,288.6,50,14500
20240227,11:30:16,289.7,50,14500
20240227,11:31:47,287.45,50,14300
20240227,11:32:35,288.75,50,14300
20240227,11:34:09,285.2,100,14300
20240227,11:37:11,285.7,100,14300
20240227,11:37:24,286.95,50,14400
20240227,11:38:33,285.25,50,14400
20240227,11:40:43,288.3,100,14450
20240227,11:42:33,290.35,50,14450
20240227,11:44:34,288.05,50,14400
20240227,11:45:50,288.7,50,14400
20240227,11:45:56,289.4,50,14400
20240227,11:46:02,289.8,100,14400
20240227,11:46:09,289.4,50,14400
20240227,11:47:18,288.9,50,14700
20240227,11:47:25,289.7,50,14700
20240227,11:47:51,288.0,1000,14700
20240227,11:49:57,287.75,100,15650
20240227,11:50:03,287.15,50,15650
20240227,11:56:42,295.0,50,15800
20240227,11:58:39,294.75,50,15750
20240227,12:02:45,294.9,100,15800
20240227,12:04:03,294.35,1000,15800
20240227,12:04:39,299.15,100,16150
20240227,12:07:40,300.45,100,16150
20240227,12:09:11,302.75,50,16150
20240227,12:09:19,303.95,50,16150
20240227,12:11:54,305.25,50,16150
20240227,12:12:07,305.35,50,16150
20240227,12:12:15,308.0,100,16150
20240227,12:12:44,308.55,150,16150
20240227,12:13:12,303.7,50,16150
20240227,12:15:31,296.3,100,16150
20240227,12:16:57,298.1,50,15900
20240227,12:21:09,301.15,50,15850
20240227,12:26:31,298.15,50,15850
20240227,12:27:29,297.75,50,15850
20240227,12:29:51,299.35,50,15750
20240227,12:34:50,298.85,100,15750
20240227,12:35:26,300.85,50,15750
20240227,12:36:51,293.8,100,15750
20240227,12:37:47,290.0,50,15550
20240227,12:40:49,286.05,50,15600
20240227,12:40:56,285.4,50,15600
20240227,12:43:07,285.15,100,15600
20240227,12:47:39,281.35,50,15700
20240227,12:48:22,280.0,150,15700
20240227,12:49:28,274.4,50,15700
20240227,12:50:56,273.25,50,15850
20240227,12:51:04,271.55,50,15850
20240227,12:51:21,268.0,200,15850
20240227,12:52:44,263.05,100,16050
20240227,12:52:53,263.05,150,16050
20240227,12:53:09,268.6,50,16050
20240227,12:53:25,268.6,150,16050
20240227,12:54:04,268.6,200,16050
20240227,12:55:09,263.0,50,16050
20240227,12:55:37,263.0,50,16400
20240227,12:56:11,264.15,250,16400
20240227,12:56:51,265.0,50,16400
20240227,12:57:15,267.4,50,16400
20240227,12:57:23,267.0,50,16400
20240227,12:57:55,265.0,100,16400
20240227,12:58:04,264.15,1150,16400
20240227,12:59:47,263.25,50,16800
20240227,12:59:56,262.7,150,16800
20240227,13:00:02,262.0,150,16800
20240227,13:01:22,262.0,100,16800
20240227,13:01:46,268.05,50,17100
20240227,13:02:18,267.3,850,17100
20240227,13:03:03,268.05,150,17100
20240227,13:03:10,266.8,50,17100
20240227,13:03:26,268.6,250,17100
20240227,13:03:48,268.55,150,17100
20240227,13:04:03,267.45,50,17100
20240227,13:06:22,267.15,1000,17200
20240227,13:07:43,269.65,50,17750
20240227,13:07:59,269.65,100,17750
20240227,13:08:07,269.65,150,17750
20240227,13:09:01,270.0,50,17750
20240227,13:09:53,272.0,100,17750
20240227,13:10:01,272.0,50,17750
20240227,13:11:52,269.0,50,18050
20240227,13:11:59,269.0,250,18050
20240227,13:13:18,267.0,50,18050
20240227,13:14:02,266.65,50,18300
20240227,13:14:48,263.85,50,18300
20240227,13:14:57,263.8,50,18300
20240227,13:17:30,267.25,100,18350
20240227,13:18:14,266.5,50,18350
20240227,13:18:29,264.75,50,18350
20240227,13:18:53,266.0,50,18350
20240227,13:19:23,264.4,150,18350
20240227,13:19:58,260.0,100,18500
20240227,13:20:09,259.65,150,18500
20240227,13:20:52,259.65,100,18500
20240227,13:21:17,265.3,1200,18500
20240227,13:25:05,267.4,50,18500
20240227,13:25:20,267.05,50,18500
20240227,13:25:48,269.0,50,18550
20240227,13:26:02,268.85,50,18550
20240227,13:26:44,269.0,400,18550
20240227,13:27:14,270.8,50,18550
20240227,13:27:28,269.0,150,18550
20240227,13:27:41,268.3,50,18550
20240227,13:27:49,267.45,50,18550
20240227,13:28:10,269.0,100,18550
20240227,13:28:24,269.1,350,18550
20240227,13:29:02,269.15,1200,19000
20240227,13:29:09,270.9,50,19000
20240227,13:29:24,272.0,800,19000
20240227,13:29:31,270.25,150,19000
20240227,13:30:19,270.6,50,19000
20240227,13:30:27,271.6,50,19000
20240227,13:30:42,269.65,50,19000
20240227,13:31:03,269.55,50,19000
20240227,13:31:11,270.05,50,19000
20240227,13:32:05,269.0,50,19000
20240227,13:32:49,268.15,350,18150
20240227,13:33:06,267.45,100,18150
20240227,13:34:18,269.75,50,18150
20240227,13:34:25,268.25,50,18150
20240227,13:36:44,272.85,100,18150
20240227,13:37:05,273.5,100,18150
20240227,13:37:12,275.5,550,18150
20240227,13:37:20,273.4,50,18150
20240227,13:37:27,273.65,100,18150
20240227,13:37:55,273.8,150,18250
20240227,13:37:57,273.85,50,18250
20240227,13:38:20,274.1,200,18250
20240227,13:38:32,274.2,100,18250
20240227,13:38:40,274.3,100,18250
20240227,13:38:44,274.4,100,18250
20240227,13:38:49,274.0,50,18250
20240227,13:38:56,274.1,100,18250
20240227,13:39:14,273.35,150,18250
20240227,13:39:21,273.3,400,18250
20240227,13:40:14,278.6,50,18250
20240227,13:40:24,281.4,100,18250
20240227,13:40:41,275.0,300,18250
20240227,13:41:04,275.75,50,18950
20240227,13:42:24,277.75,50,18950
20240227,13:42:47,278.85,100,18950
20240227,13:43:11,279.4,50,18950
20240227,13:44:09,278.5,100,18900
20240227,13:44:17,276.0,100,18900
20240227,13:44:24,279.0,150,18900
20240227,13:44:31,281.5,1050,18900
20240227,13:44:40,282.05,100,18900
20240227,13:45:13,283.6,100,18900
20240227,13:45:44,284.8,100,18900
20240227,13:45:52,284.25,400,18900
20240227,13:46:23,284.4,50,18900
20240227,13:46:40,285.0,100,18900
20240227,13:46:47,283.0,100,17650
20240227,13:47:11,283.1,50,17650
20240227,13:47:19,282.95,100,17650
20240227,13:48:55,294.0,250,17650
20240227,13:49:11,292.85,100,17650
20240227,13:49:42,288.25,50,17650
20240227,13:51:09,288.95,50,17450
20240227,13:51:32,285.0,50,17450
20240227,13:53:17,282.5,50,17550
20240227,13:54:14,282.5,350,17550
20240227,13:54:28,285.0,50,17550
20240227,13:55:29,290.0,50,17550
20240227,13:56:02,295.0,100,17450
20240227,13:56:19,290.05,50,17450
20240227,13:57:05,293.05,200,17450
20240227,13:57:21,295.0,100,17450
20240227,13:57:29,297.0,150,17450
20240227,13:57:46,295.65,50,17450
20240227,13:58:02,292.65,50,17450
20240227,13:58:17,292.0,50,17450
20240227,13:58:55,292.0,50,17100
20240227,13:59:02,289.95,50,17100
20240227,13:59:34,288.75,50,17100
20240227,14:00:04,289.1,400,17100
20240227,14:01:10,291.1,50,17100
20240227,14:03:09,291.0,100,16700
20240227,14:06:38,280.0,50,16650
20240227,14:08:12,282.3,50,16600
20240227,14:08:55,283.05,50,16600
20240227,14:11:11,283.55,50,16600
20240227,14:11:25,282.65,100,16600
20240227,14:13:42,277.1,350,16600
20240227,14:14:05,277.1,150,16550
20240227,14:15:13,275.0,100,16550
20240227,14:15:44,271.65,150,16550
20240227,14:16:54,270.5,50,16950
20240227,14:17:09,272.2,100,16950
20240227,14:18:01,272.95,50,16950
20240227,14:18:23,273.0,50,16950
20240227,14:20:08,273.95,50,17100
20240227,14:21:36,272.95,250,17100
20240227,14:21:57,272.65,100,17100
20240227,14:22:11,270.7,50,17100
20240227,14:24:43,277.75,100,17400
20240227,14:25:15,280.45,900,17400
20240227,14:25:52,279.8,50,17800
20240227,14:26:00,281.0,100,17800
20240227,14:26:07,281.0,800,17800
20240227,14:27:40,283.0,200,17800
20240227,14:30:41,287.0,100,18250
20240227,14:31:26,285.75,450,18250
20240227,14:32:14,286.0,400,18650
20240227,14:32:21,286.0,1450,18650
20240227,14:33:05,284.5,50,18650
20240227,14:33:47,281.5,50,18650
20240227,14:36:20,270.0,100,17250
20240227,14:36:27,270.0,250,17250
20240227,14:36:34,270.85,50,17250
20240227,14:37:24,270.0,150,17250
20240227,14:37:32,272.25,50,17250
20240227,14:38:09,274.3,50,17700
20240227,14:39:33,274.3,250,17700
20240227,14:40:26,275.0,950,17700
20240227,14:40:40,274.9,50,17700
20240227,14:40:53,274.8,50,17900
20240227,14:41:34,272.9,50,17900
20240227,14:41:42,272.7,100,17900
20240227,14:41:57,272.6,50,17900
20240227,14:42:35,270.0,50,17900
20240227,14:42:43,271.55,150,17900
20240227,14:43:04,271.35,100,17900
20240227,14:43:25,271.25,50,17900
20240227,14:43:32,271.15,50,17900
20240227,14:45:01,273.9,200,17550
20240227,14:45:22,274.35,50,17550
20240227,14:45:35,274.0,50,17550
20240227,14:46:06,274.0,50,17550
20240227,14:46:20,273.1,50,17550
20240227,14:48:19,272.65,50,17800
20240227,14:48:39,273.45,50,17800
20240227,14:48:53,274.35,50,17800
20240227,14:49:07,273.6,50,17800
20240227,14:49:42,275.7,50,17800
20240227,14:50:29,278.25,200,17950
20240227,14:50:37,280.0,50,17950
20240227,14:50:53,279.8,50,17950
20240227,14:51:15,277.25,50,17950
20240227,14:51:30,274.15,400,17950
20240227,14:51:45,274.4,300,17950
20240227,14:51:59,273.15,50,17950
20240227,14:53:16,274.5,50,18400
20240227,14:54:10,272.95,50,18400
20240227,14:54:31,273.9,50,18400
20240227,14:56:03,271.0,50,18500
20240227,14:56:54,271.55,50,18500
20240227,14:57:17,274.0,50,18500
20240227,14:57:54,273.75,50,18500
20240227,14:58:09,272.6,900,18500
20240227,14:58:16,271.3,50,18500
20240227,15:00:03,271.8,50,19150
20240227,15:00:26,268.45,900,19150
20240227,15:01:00,272.85,50,19150
20240227,15:01:02,272.35,50,19150
20240227,15:01:14,267.15,50,19150
20240227,15:01:34,267.75,50,19150
20240227,15:02:01,266.55,1800,18750
20240227,15:02:02,264.1,350,18750
20240227,15:02:13,266.35,50,18750
20240227,15:02:15,265.55,350,18750
20240227,15:02:24,265.0,900,18750
20240227,15:02:39,267.65,50,18750
20240227,15:02:46,265.75,50,18750
20240227,15:03:08,266.0,50,18750
20240227,15:03:38,264.45,100,18750
20240227,15:04:14,264.45,250,18750
20240227,15:04:30,260.0,250,18750
20240227,15:05:46,260.0,50,20100
20240227,15:06:17,258.7,600,20100
20240227,15:06:24,259.45,50,20100
20240227,15:06:32,260.25,500,20100
20240227,15:06:39,261.1,100,20100
20240227,15:07:34,265.6,50,20100
20240227,15:07:49,265.0,50,20100
20240227,15:07:57,264.0,200,20100
20240227,15:08:33,266.5,50,21000
20240227,15:08:41,266.5,650,21000
20240227,15:09:02,264.15,50,21000
20240227,15:09:17,264.0,250,21000
20240227,15:09:45,262.35,300,21000
20240227,15:09:52,261.95,50,21000
20240227,15:09:59,264.5,100,21000
20240227,15:10:07,265.7,400,21000
20240227,15:10:57,265.4,50,21000
20240227,15:11:26,263.65,50,20700
20240227,15:14:15,265.2,100,20700
20240227,15:14:22,265.85,50,20700
20240227,15:14:52,265.15,900,20700
20240227,15:15:38,268.7,50,20700
20240227,15:15:45,267.8,50,20700
20240227,15:16:23,267.0,250,20700
20240227,15:16:31,269.4,50,20700
20240227,15:16:39,270.0,550,20700
20240227,15:16:48,269.55,50,20700
20240227,15:16:56,272.0,250,20700
20240227,15:17:13,272.15,50,20700
20240227,15:19:46,272.85,250,20700
20240227,15:20:16,276.0,900,20450
20240227,15:20:24,277.05,50,20450
20240227,15:20:32,275.8,550,20450
20240227,15:20:40,277.95,1250,20450
20240227,15:20:48,277.7,800,20450
20240227,15:20:56,277.7,50,20450
20240227,15:21:11,276.0,450,20450
20240227,15:21:19,276.0,450,20450
20240227,15:21:26,274.6,50,20450
20240227,15:21:54,275.95,50,20450
20240227,15:22:23,272.35,50,20450
20240227,15:22:31,271.65,200,20450
20240227,15:23:01,270.0,400,20450
20240227,15:23:16,270.0,600,20000
20240227,15:24:28,269.3,50,20000
20240227,15:24:42,267.35,200,20000
20240227,15:25:02,269.5,250,20000
20240227,15:25:23,271.45,100,20000
20240227,15:25:37,270.35,100,20000
20240227,15:25:45,273.6,1000,20000
20240227,15:26:28,270.1,200,20050
20240227,15:26:35,269.95,50,20050
20240227,15:27:01,271.25,50,20050
20240227,15:27:24,270.8,500,20050
20240227,15:27:32,271.15,300,20050
20240227,15:28:05,270.1,100,20050
20240227,15:28:12,270.15,50,20050
20240227,15:28:32,270.5,150,20050
20240227,15:28:39,270.5,50,20050
20240227,15:29:11,270.0,50,20050
20240227,15:29:13,269.4,150,20150
20240227,15:29:23,268.8,150,20150
20240227,15:29:25,268.9,150,20150
20240227,15:29:26,268.9,50,20150
20240227,15:29:29,268.95,150,20150
20240227,15:29:30,269.0,200,20150
20240227,15:29:32,268.95,100,20150
20240227,15:29:39,270.95,50,20150
20240227,15:29:46,270.0,50,20150
20240228,09:16:15,259.55,1,19650
20240228,09:16:15,259.55,50,19650
20240228,09:16:59,264.95,100,19650
20240228,09:17:04,266.0,100,19650
20240228,09:17:05,266.0,150,19650
20240228,09:17:08,265.4,150,19650
20240228,09:17:10,266.35,50,19650
20240228,09:17:15,266.35,250,19650
20240228,09:17:18,266.95,100,19650
20240228,09:17:21,266.95,200,19650
20240228,09:18:04,266.0,450,19650
20240228,09:18:05,266.0,250,19650
20240228,09:18:28,266.25,50,19650
20240228,09:18:33,263.95,50,19650
20240228,09:19:03,262.9,100,19650
20240228,09:19:37,264.05,100,20200
20240228,09:20:20,266.0,50,20200
20240228,09:20:40,264.0,150,20200
20240228,09:20:54,262.45,50,20200
20240228,09:21:20,262.5,50,20200
20240228,09:22:33,262.0,550,20350
20240228,09:22:48,262.45,50,20350
20240228,09:23:08,261.05,100,20350
20240228,09:23:55,261.45,50,20350
20240228,09:24:16,261.2,50,20350
20240228,09:24:37,261.15,50,20350
20240228,09:24:50,262.3,100,20350
20240228,09:25:15,263.15,50,20950
20240228,09:25:18,261.85,50,20950
20240228,09:26:02,264.85,50,20950
20240228,09:26:30,264.65,100,20950
20240228,09:26:38,263.25,100,20950
20240228,09:27:03,265.2,50,20950
20240228,09:27:26,267.3,50,20950
20240228,09:27:43,268.05,50,20950
20240228,09:27:51,268.05,50,20950
20240228,09:28:15,268.05,100,21000
20240228,09:28:17,266.05,150,21000
20240228,09:28:24,266.05,50,21000
20240228,09:28:31,265.65,50,21000
20240228,09:28:42,266.8,50,21000
20240228,09:28:51,266.65,50,21000
20240228,09:28:52,266.9,50,21000
20240228,09:28:55,266.45,50,21000
20240228,09:28:56,266.0,50,21000
20240228,09:28:59,266.5,50,21000
20240228,09:29:04,267.0,50,21000
20240228,09:29:15,268.1,50,21000
20240228,09:30:34,269.5,100,21000
20240228,09:30:49,269.5,100,21000
20240228,09:31:35,267.8,50,20750
20240228,09:31:48,267.45,50,20750
20240228,09:32:09,267.95,50,20750
20240228,09:32:34,265.6,100,20750
20240228,09:32:54,264.3,100,20750
20240228,09:33:00,265.15,50,20750
20240228,09:33:59,263.15,100,20750
20240228,09:34:20,266.0,50,20500
20240228,09:34:45,263.0,100,20500
20240228,09:36:47,265.6,200,20500
20240228,09:38:24,263.0,250,20350
20240228,09:39:57,264.9,50,20350
20240228,09:40:38,265.8,100,20550
20240228,09:40:58,265.6,50,20550
20240228,09:41:45,267.8,50,20550
20240228,09:42:35,262.6,100,20550
20240228,09:42:36,262.0,600,20550
20240228,09:42:42,260.0,100,20550
20240228,09:43:19,260.35,50,21100
20240228,09:43:48,261.15,50,21100
20240228,09:44:50,261.85,50,21100
20240228,09:45:24,261.5,50,21100
20240228,09:45:51,260.9,50,21100
20240228,09:46:39,262.55,50,21050
20240228,09:46:53,260.05,100,21050
20240228,09:48:50,262.0,200,21050
20240228,09:51:19,261.0,50,21200
20240228,09:51:57,258.0,50,21200
20240228,09:52:21,258.0,950,21200
20240228,09:52:36,258.3,50,21200
20240228,09:52:45,258.7,50,21200
20240228,09:53:44,263.9,100,21200
20240228,09:54:08,265.85,50,21200
20240228,09:54:15,264.85,100,21200
20240228,09:54:50,266.95,150,21200
20240228,09:55:14,266.05,50,21200
20240228,09:55:23,265.35,400,21600
20240228,09:55:28,265.6,500,21600
20240228,09:55:57,265.35,100,21600
20240228,09:57:38,268.5,50,21600
20240228,09:57:49,268.5,550,21600
20240228,09:57:50,268.5,400,21600
20240228,09:58:05,270.0,150,21600
20240228,09:58:13,270.25,250,21200
20240228,09:59:34,270.25,50,21200
20240228,10:00:02,274.35,50,21200
20240228,10:00:06,275.4,100,21200
20240228,10:00:14,275.4,50,21200
20240228,10:00:48,270.0,50,21200
20240228,10:00:55,268.5,50,21200
20240228,10:01:03,270.2,100,21200
20240228,10:01:56,268.6,100,21000
20240228,10:03:05,269.0,900,21000
20240228,10:03:12,268.05,300,21000
20240228,10:03:21,269.45,900,21000
20240228,10:03:37,267.35,950,21000
20240228,10:05:42,262.75,400,21350
20240228,10:06:07,260.95,50,21350
20240228,10:06:38,260.0,50,21350
20240228,10:06:42,261.15,300,21350
20240228,10:06:45,259.75,100,21350
20240228,10:06:52,259.15,50,21350
20240228,10:07:14,255.0,50,21200
20240228,10:08:22,252.4,150,21200
20240228,10:08:26,252.15,1000,21200
20240228,10:08:45,251.6,100,21200
20240228,10:08:52,251.6,100,21200
20240228,10:08:58,250.65,750,21200
20240228,10:09:18,250.65,50,21200
20240228,10:09:21,251.45,50,21200
20240228,10:09:23,251.5,50,21200
20240228,10:09:25,252.15,100,21200
20240228,10:09:26,252.3,50,21200
20240228,10:09:36,251.9,50,21200
20240228,10:09:47,252.0,50,21200
20240228,10:09:55,252.95,50,21200
20240228,10:09:56,252.7,150,21200
20240228,10:09:58,251.95,250,21200
20240228,10:10:00,251.65,200,21200
20240228,10:10:02,251.0,250,21200
20240228,10:10:03,251.8,50,21200
20240228,10:10:06,251.2,50,21200
20240228,10:10:09,251.1,50,21200
20240228,10:10:10,251.4,50,23400
20240228,10:10:41,251.5,50,23400
20240228,10:10:47,250.45,100,23400
20240228,10:11:02,250.0,200,23400
20240228,10:11:04,249.0,50,23400
20240228,10:11:11,249.0,50,23400
20240228,10:11:36,251.0,100,23400
20240228,10:11:38,250.35,50,23400
20240228,10:11:52,252.4,50,23400
20240228,10:12:05,252.7,100,23400
20240228,10:14:11,253.5,50,23750
20240228,10:14:21,252.95,100,23750
20240228,10:14:22,254.8,50,23750
20240228,10:14:25,253.55,350,23750
20240228,10:14:27,254.1,150,23750
20240228,10:15:28,252.75,50,23750
20240228,10:15:34,250.7,50,23750
20240228,10:15:37,252.15,50,23750
20240228,10:15:43,251.9,100,23750
20240228,10:15:56,252.2,150,23750
20240228,10:16:27,251.9,50,23850
20240228,10:17:04,252.8,50,23850
20240228,10:17:13,252.15,50,23850
20240228,10:17:55,252.6,200,23850
20240228,10:18:28,253.0,50,23850
20240228,10:18:33,253.45,50,23850
20240228,10:18:52,253.3,50,23850
20240228,10:19:06,253.35,50,23850
20240228,10:19:10,253.25,50,23850
20240228,10:19:15,253.3,50,24000
20240228,10:19:25,253.3,50,24000
20240228,10:19:31,256.1,250,24000
20240228,10:19:40,256.0,200,24000
20240228,10:19:57,253.25,50,24000
20240228,10:19:59,253.15,100,24000
20240228,10:21:48,252.9,50,24000
20240228,10:22:10,252.65,100,24000
20240228,10:22:42,250.3,100,24150
20240228,10:22:47,250.0,50,24150
20240228,10:23:20,251.35,50,24150
20240228,10:23:57,254.75,50,24150
20240228,10:24:18,255.7,50,24150
20240228,10:24:40,257.05,150,24150
20240228,10:24:58,256.0,50,24150
20240228,10:25:31,255.45,150,24450
20240228,10:25:50,255.45,50,24450
20240228,10:26:06,254.3,50,24450
20240228,10:26:07,252.85,100,24450
20240228,10:26:12,251.95,100,24450
20240228,10:26:13,251.9,50,24450
20240228,10:29:45,254.95,300,24850
20240228,10:30:00,254.3,100,24850
20240228,10:31:00,254.45,100,24850
20240228,10:31:08,254.5,100,24850
20240228,10:32:01,258.3,250,25100
20240228,10:32:17,258.5,50,25100
20240228,10:32:55,258.4,100,25100
20240228,10:33:10,256.85,200,25100
20240228,10:33:18,258.25,100,25100
20240228,10:35:06,259.1,150,25150
20240228,10:35:13,258.4,100,25150
20240228,10:35:43,259.15,100,25150
20240228,10:37:57,259.1,50,25150
20240228,10:38:12,261.0,100,25150
20240228,10:39:19,263.95,300,25150
20240228,10:40:01,264.0,50,25150
20240228,10:40:07,264.2,50,25150
20240228,10:40:14,262.8,50,25150
20240228,10:40:22,263.85,50,25500
20240228,10:40:26,262.05,50,25500
20240228,10:40:29,263.85,50,25500
20240228,10:40:33,262.65,50,25500
20240228,10:40:35,263.85,100,25500
20240228,10:40:37,263.7,50,25500
20240228,10:41:57,260.9,50,25500
20240228,10:41:59,260.85,300,25500
20240228,10:42:54,260.85,100,25500
20240228,10:43:15,259.45,50,25300
20240228,10:43:21,258.4,50,25300
20240228,10:43:46,258.35,100,25300
20240228,10:44:34,260.75,100,25300
20240228,10:45:05,260.0,50,25300
20240228,10:45:29,262.2,150,25300
20240228,10:45:36,260.45,100,25300
20240228,10:46:27,263.45,50,25400
20240228,10:46:30,263.95,50,25400
20240228,10:47:03,267.95,400,25400
20240228,10:47:04,267.1,50,25400
20240228,10:47:05,270.0,100,25400
20240228,10:47:25,269.4,50,25400
20240228,10:47:46,267.85,250,25400
20240228,10:47:47,267.15,50,25400
20240228,10:48:03,267.15,200,25400
20240228,10:48:17,266.7,100,25400
20240228,10:49:23,271.05,50,25700
20240228,10:49:43,271.05,200,25700
20240228,10:49:49,271.1,50,25700
20240228,10:49:50,271.0,50,25700
20240228,10:50:00,272.0,800,25700
20240228,10:50:02,273.0,50,25700
20240228,10:50:05,273.5,100,25700
20240228,10:50:09,273.5,50,25700
20240228,10:50:14,275.0,200,25700
20240228,10:50:18,276.25,50,25700
20240228,10:50:19,276.25,50,25700
20240228,10:50:22,276.35,50,25700
20240228,10:50:24,280.0,200,25700
20240228,10:50:25,282.5,50,25700
20240228,10:50:27,282.5,200,25700
20240228,10:50:28,282.3,50,25700
20240228,10:50:33,281.7,50,25700
20240228,10:50:36,279.85,200,25700
20240228,10:50:40,281.3,50,25700
20240228,10:50:41,281.15,550,25700
20240228,10:50:43,282.0,500,25700
20240228,10:50:47,278.95,50,25700
20240228,10:51:02,284.0,100,25700
20240228,10:51:04,289.5,950,25700
20240228,10:51:05,289.55,50,25700
20240228,10:51:06,290.45,50,25700
20240228,10:51:07,290.45,200,25700
20240228,10:51:08,291.5,50,25700
20240228,10:51:12,294.45,700,25700
20240228,10:51:13,298.0,250,25700
20240228,10:51:14,296.95,750,25700
20240228,10:51:15,296.9,150,25700
20240228,10:51:17,300.5,50,25700
20240228,10:51:25,300.5,200,25700
20240228,10:51:28,295.35,50,25700
20240228,10:51:29,297.5,50,25700
20240228,10:51:32,293.5,50,25700
20240228,10:51:34,293.2,50,25700
20240228,10:51:42,292.6,100,25700
20240228,10:51:48,294.7,50,25700
20240228,10:51:51,295.05,150,25700
20240228,10:52:03,304.25,150,25700
20240228,10:52:09,304.95,50,25700
20240228,10:52:11,305.05,100,25700
20240228,10:52:12,303.15,50,25700
20240228,10:52:17,304.85,450,25700
20240228,10:52:19,306.8,150,23950
20240228,10:52:25,306.8,50,23950
20240228,10:52:29,301.8,50,23950
20240228,10:52:36,298.9,100,23950
20240228,10:52:43,298.25,100,23950
20240228,10:52:49,294.9,50,23950
20240228,10:52:52,297.85,50,23950
20240228,10:52:53,296.45,50,23950
20240228,10:53:03,301.95,50,23950
20240228,10:53:17,303.15,50,23950
20240228,10:53:24,303.7,50,23950
20240228,10:53:25,304.85,50,23950
20240228,10:53:26,302.25,100,23950
20240228,10:53:38,300.4,200,23950
20240228,10:53:39,300.35,200,23950
20240228,10:53:41,302.85,50,23950
20240228,10:53:43,302.2,350,23950
20240228,10:53:47,303.0,550,23950
20240228,10:53:48,303.6,50,23950
20240228,10:53:58,306.0,100,23950
20240228,10:54:06,309.0,50,23950
20240228,10:54:12,309.7,50,23950
20240228,10:54:19,309.7,50,23950
20240228,10:54:20,307.8,50,23950
20240228,10:54:30,308.15,50,23950
20240228,10:54:31,307.8,50,23950
20240228,10:54:32,307.3,100,23950
20240228,10:54:36,306.8,50,23950
20240228,10:54:43,304.05,50,23950
20240228,10:54:47,301.6,300,23950
20240228,10:54:57,303.15,1050,23950
20240228,10:55:00,304.9,400,23950
20240228,10:55:16,308.4,50,23950
20240228,10:55:18,306.95,100,23950
20240228,10:55:22,305.6,200,22150
20240228,10:55:24,305.0,300,22150
20240228,10:55:25,303.2,50,22150
20240228,10:55:27,304.7,50,22150
20240228,10:55:31,304.75,50,22150
20240228,10:55:42,303.2,100,22150
20240228,10:55:51,300.4,50,22150
20240228,10:55:54,300.0,50,22150
20240228,10:56:07,301.45,50,22150
20240228,10:56:21,301.75,50,22150
20240228,10:56:31,306.25,50,22150
20240228,10:56:44,304.05,200,22150
20240228,10:56:45,305.15,50,22150
20240228,10:56:53,305.7,150,22150
20240228,10:57:02,307.0,50,22150
20240228,10:57:24,311.2,50,22150
20240228,10:57:26,311.95,50,22150
20240228,10:57:27,315.0,950,22150
20240228,10:57:28,314.7,100,22150
20240228,10:57:31,314.95,50,22150
20240228,10:57:42,316.7,50,22150
20240228,10:57:43,319.4,50,22150
20240228,10:57:49,319.4,100,22150
20240228,10:57:51,317.6,150,22150
20240228,10:57:52,319.15,50,22150
20240228,10:57:54,319.75,50,22150
20240228,10:57:56,321.25,150,22150
20240228,10:57:57,321.25,250,22150
20240228,10:58:02,324.8,100,22150
20240228,10:58:03,324.8,50,22150
20240228,10:58:06,327.7,50,22150
20240228,10:58:07,329.1,200,22150
20240228,10:58:08,326.05,50,22150
20240228,10:58:09,328.05,50,22150
20240228,10:58:17,329.85,50,22150
20240228,10:58:19,330.3,250,20800
20240228,10:58:20,330.3,100,20800
20240228,10:58:25,327.75,50,20800
20240228,10:58:26,325.65,400,20800
20240228,10:58:31,325.8,750,20800
20240228,10:58:35,328.0,50,20800
20240228,10:58:36,326.1,50,20800
20240228,10:58:37,325.05,50,20800
20240228,10:58:38,325.8,100,20800
20240228,10:58:39,326.45,50,20800
20240228,10:58:41,327.0,50,20800
20240228,10:58:42,324.85,50,20800
20240228,10:58:43,323.25,50,20800
20240228,10:58:51,325.45,500,20800
20240228,10:58:52,324.05,50,20800
20240228,10:58:54,321.25,500,20800
20240228,10:58:55,322.1,50,20800
20240228,10:58:56,323.95,50,20800
20240228,10:58:59,322.35,500,20800
20240228,10:59:03,323.2,50,20800
20240228,10:59:04,322.95,50,20800
20240228,10:59:08,321.85,50,20800
20240228,10:59:10,322.9,250,20800
20240228,10:59:13,321.3,100,20800
20240228,10:59:21,321.95,50,20800
20240228,10:59:30,325.85,100,20800
20240228,10:59:46,327.95,50,20800
20240228,10:59:47,329.4,100,20800
20240228,10:59:54,329.4,100,20800
20240228,10:59:58,329.85,50,20800
20240228,10:59:59,330.0,50,20800
20240228,11:00:01,334.0,100,20800
20240228,11:00:02,335.3,400,20800
20240228,11:00:03,336.55,650,20800
20240228,11:00:04,336.55,50,20800
20240228,11:00:05,336.6,150,20800
20240228,11:00:07,340.0,50,20800
20240228,11:00:08,340.0,50,20800
20240228,11:00:09,339.75,200,20800
20240228,11:00:10,340.5,250,20800
20240228,11:00:11,340.5,50,20800
20240228,11:00:12,342.3,50,20800
20240228,11:00:14,342.3,50,20800
20240228,11:00:15,340.05,50,20800
20240228,11:00:18,343.2,50,20800
20240228,11:00:20,343.35,50,20800
20240228,11:00:21,345.4,100,20800
20240228,11:00:22,345.4,50,20800
20240228,11:00:23,347.1,50,20800
20240228,11:00:25,350.0,50,20800
20240228,11:00:26,351.0,50,20800
20240228,11:00:27,351.45,50,20800
20240228,11:00:30,352.5,100,20800
20240228,11:00:31,352.5,100,20800
20240228,11:00:32,352.35,100,20800
20240228,11:00:33,350.5,200,20800
20240228,11:00:34,347.65,100,20800
20240228,11:00:36,347.25,200,20800
20240228,11:00:37,346.85,100,20800
20240228,11:00:40,345.55,50,20800
20240228,11:00:44,347.0,50,20800
20240228,11:00:45,344.4,250,20800
20240228,11:00:46,343.35,100,20800
20240228,11:00:48,344.0,450,20800
20240228,11:00:49,345.45,50,20800
20240228,11:00:55,345.0,100,20800
20240228,11:00:57,347.5,50,20800
20240228,11:01:00,345.0,50,20800
20240228,11:01:01,344.75,50,20800
20240228,11:01:03,342.05,50,20800
20240228,11:01:05,346.45,50,20800
20240228,11:01:17,345.65,50,20800
20240228,11:01:24,346.4,250,20500
20240228,11:01:25,343.6,50,20500
20240228,11:01:27,343.55,50,20500
20240228,11:01:31,344.85,50,20500
20240228,11:01:32,342.05,50,20500
20240228,11:01:38,339.25,350,20500
20240228,11:01:44,336.6,50,20500
20240228,11:02:02,333.95,150,20500
20240228,11:02:05,337.45,250,20500
20240228,11:02:06,335.7,100,20500
20240228,11:02:11,336.45,50,20500
20240228,11:02:18,333.3,50,20500
20240228,11:02:22,333.15,50,20500
20240228,11:02:25,334.0,50,20500
20240228,11:02:28,334.85,50,20500
20240228,11:02:30,332.9,200,20500
20240228,11:02:32,335.4,50,20500
20240228,11:02:37,333.95,50,20500
20240228,11:02:44,334.35,50,20500
20240228,11:02:45,334.05,50,20500
20240228,11:02:48,334.85,50,20500
20240228,11:03:00,334.9,50,20500
20240228,11:03:02,336.7,50,20500
20240228,11:03:05,339.15,100,20500
20240228,11:03:07,344.4,100,20500
20240228,11:03:08,342.15,50,20500
20240228,11:03:10,340.25,100,20500
20240228,11:03:12,340.1,50,20500
20240228,11:03:15,342.3,50,20500
20240228,11:03:19,342.05,150,20500
20240228,11:03:20,340.2,100,20500
20240228,11:03:25,343.05,50,20500
20240228,11:03:26,340.15,150,20500
20240228,11:03:27,339.85,150,20500
20240228,11:03:28,339.1,50,20500
20240228,11:03:35,339.6,50,20500
20240228,11:03:35,338.9,50,20500
20240228,11:03:36,340.25,150,20500
20240228,11:03:37,338.15,50,20500
20240228,11:03:40,338.0,50,20500
20240228,11:03:45,340.75,50,20500
20240228,11:03:50,343.75,100,20500
20240228,11:03:53,347.0,50,20500
20240228,11:04:01,346.45,50,20500
20240228,11:04:06,345.5,50,20500
20240228,11:04:12,345.7,150,20500
20240228,11:04:13,346.8,50,20500
20240228,11:04:15,347.2,50,20500
20240228,11:04:17,346.55,50,20500
20240228,11:04:19,347.2,50,20500
20240228,11:04:21,347.2,150,21100
20240228,11:04:22,347.2,500,21100
20240228,11:04:24,350.0,50,21100
20240228,11:04:28,351.85,50,21100
20240228,11:04:30,352.3,150,21100
20240228,11:04:31,349.85,50,21100
20240228,11:04:32,352.25,50,21100
20240228,11:04:33,350.2,900,21100
20240228,11:04:34,352.65,50,21100
20240228,11:04:35,353.0,100,21100
20240228,11:04:36,353.6,100,21100
20240228,11:04:39,353.6,100,21100
20240228,11:04:42,349.95,50,21100
20240228,11:04:45,353.4,100,21100
20240228,11:04:49,350.45,900,21100
20240228,11:04:51,354.1,50,21100
20240228,11:04:52,355.7,100,21100
20240228,11:05:00,357.1,50,21100
20240228,11:05:01,357.1,150,21100
20240228,11:05:02,356.0,50,21100
20240228,11:05:03,356.9,200,21100
20240228,11:05:05,357.85,250,21100
20240228,11:05:06,357.85,200,21100
20240228,11:05:08,357.85,250,21100
20240228,11:05:14,360.25,100,21100
20240228,11:05:16,360.25,250,21100
20240228,11:05:17,356.25,100,21100
20240228,11:05:21,359.75,50,21100
20240228,11:05:23,360.1,50,21100
20240228,11:05:25,362.8,100,21100
20240228,11:05:26,362.8,150,21100
20240228,11:05:27,363.0,300,21100
20240228,11:05:28,360.45,50,21100
20240228,11:05:32,359.2,200,21100
20240228,11:05:34,358.65,100,21100
20240228,11:05:35,359.05,50,21100
20240228,11:05:36,357.35,250,21100
20240228,11:05:38,360.95,50,21100
20240228,11:05:42,358.25,100,21100
20240228,11:05:48,360.75,150,21100
20240228,11:05:50,356.45,50,21100
20240228,11:05:51,357.2,50,21100
20240228,11:05:53,355.4,50,21100
20240228,11:05:54,352.05,100,21100
20240228,11:05:57,351.25,50,21100
20240228,11:06:00,350.65,50,21100
20240228,11:06:02,350.85,50,21100
20240228,11:06:03,350.45,50,21100
20240228,11:06:14,342.45,50,21100
20240228,11:06:19,343.3,250,21100
20240228,11:06:20,341.3,100,21100
20240228,11:06:28,342.95,100,21100
20240228,11:06:29,341.15,50,21100
20240228,11:06:30,340.85,50,21100
20240228,11:06:35,339.0,50,21100
20240228,11:06:37,339.8,100,21100
20240228,11:06:38,337.9,350,21100
20240228,11:06:44,338.3,100,21100
20240228,11:06:45,337.45,100,21100
20240228,11:06:49,339.9,50,21100
20240228,11:06:51,340.6,200,21100
20240228,11:06:52,341.0,100,21100
20240228,11:06:59,339.3,50,21100
20240228,11:07:03,346.45,150,21100
20240228,11:07:04,346.5,50,21100
20240228,11:07:06,343.9,100,21100
20240228,11:07:08,345.55,50,21100
20240228,11:07:09,343.9,750,21100
20240228,11:07:10,343.9,300,21100
20240228,11:07:12,344.6,50,21100
20240228,11:07:13,346.2,50,21100
20240228,11:07:20,343.8,100,22050
20240228,11:07:24,344.4,50,22050
20240228,11:07:30,345.45,50,22050
20240228,11:07:47,342.6,150,22050
20240228,11:07:55,342.85,50,22050
20240228,11:08:02,342.8,50,22050
20240228,11:08:03,343.25,400,22050
20240228,11:08:08,344.9,100,22050
20240228,11:08:09,348.95,200,22050
20240228,11:08:18,347.0,50,22050
20240228,11:08:24,345.2,100,22050
