date,time,tick_price,volume,open_interest
20240125,15:00:53,48.9,1,15000
20240125,15:00:53,48.85,15000,15000
20240125,15:02:06,50.55,1500,15000
20240125,15:10:15,50.75,250,15000
20240125,15:10:26,50.15,3000,15000
20240125,15:10:38,49.95,750,15000
20240125,15:10:59,49.95,900,15000
20240125,15:14:03,46.25,700,15650
20240125,15:14:46,46.25,450,15650
20240125,15:15:07,46.85,450,15650
20240125,15:21:48,40.0,5000,15650
20240125,15:23:54,40.0,800,20100
20240125,15:24:07,45.0,1350,20100
20240125,15:24:17,45.0,1400,20100
20240125,15:24:26,44.95,500,20100
20240125,15:24:35,45.0,350,20100
20240125,15:24:53,45.0,350,20100
20240125,15:25:02,45.0,350,20100
20240125,15:25:41,44.9,100,24400
20240125,15:26:11,44.2,50,24400
20240125,15:26:20,44.2,550,24400
20240125,15:27:59,43.0,850,24400
20240129,09:15:06,46.95,1,25000
20240129,09:15:06,46.95,50,25000
20240129,09:18:51,40.65,200,25000
20240129,09:27:24,40.0,50,25200
20240129,09:31:49,39.35,1250,25200
20240129,09:32:07,39.25,1000,25200
20240129,09:32:39,39.3,400,25350
20240129,09:33:14,39.4,450,25350
20240129,09:33:22,39.7,900,25350
20240129,09:33:45,39.95,450,25350
20240129,09:33:52,40.0,400,25350
20240129,09:34:02,40.1,50,25350
20240129,09:34:29,38.95,950,25350
20240129,09:34:55,39.5,350,25350
20240129,09:35:40,39.9,600,25550
20240129,09:38:07,41.45,100,25550
20240129,09:39:03,41.15,650,25550
20240129,09:39:12,41.45,200,25550
20240129,09:39:21,41.5,100,25550
20240129,09:39:28,41.8,50,25550
20240129,09:40:48,41.35,100,25550
20240129,09:41:37,40.4,150,25500
20240129,09:41:54,40.6,100,25500
20240129,09:43:52,41.55,50,25500
20240129,09:45:04,41.25,200,25500
20240129,09:45:12,41.3,100,25500
20240129,09:45:20,41.25,50,25500
20240129,09:45:27,41.3,600,25500
20240129,09:45:35,41.5,50,25500
20240129,09:45:43,41.6,150,25500
20240129,09:45:52,41.9,100,25500
20240129,09:46:00,41.9,150,25500
20240129,09:46:46,42.1,50,25500
20240129,09:46:56,42.15,750,25500
20240129,09:47:04,42.05,850,25500
20240129,09:47:11,41.05,150,25500
20240129,09:48:08,41.55,150,25350
20240129,09:48:32,42.65,550,25350
20240129,09:48:40,42.5,750,25350
20240129,09:48:48,42.6,750,25350
20240129,09:48:56,41.95,250,25350
20240129,09:49:12,42.55,350,25350
20240129,09:49:36,42.6,150,25350
20240129,09:50:15,42.1,400,25350
20240129,09:50:30,42.5,450,25300
20240129,09:50:39,42.5,50,25300
20240129,09:51:42,42.55,100,25300
20240129,09:53:31,42.85,300,25150
20240129,10:02:45,41.4,50,25150
20240129,10:13:48,44.55,50,25150
20240129,10:23:30,38.95,100,25200
20240129,10:23:39,38.95,100,25200
20240129,10:24:16,39.4,300,25200
20240129,10:27:57,39.4,350,25500
20240129,10:28:05,39.25,700,25500
20240129,10:28:21,39.5,150,25500
20240129,10:28:29,40.15,50,25500
20240129,10:28:36,40.2,350,25500
20240129,10:29:00,39.4,600,25500
20240129,10:29:08,40.2,650,25500
20240129,10:29:16,39.5,150,25500
20240129,10:29:23,40.15,50,25450
20240129,10:29:33,39.25,150,25450
20240129,10:30:04,39.5,150,25450
20240129,10:30:46,40.0,150,25450
20240129,10:30:54,40.0,1200,25450
20240129,10:31:02,39.6,1050,25450
20240129,10:31:12,39.9,350,25450
20240129,10:31:36,39.9,150,25450
20240129,10:31:43,39.9,100,25450
20240129,10:31:51,39.9,50,25450
20240129,10:31:59,39.85,100,25450
20240129,10:32:08,40.05,200,25450
20240129,10:32:16,40.1,350,25450
20240129,10:33:03,40.45,250,25450
20240129,10:33:13,40.5,500,25450
20240129,10:33:21,40.5,50,25450
20240129,10:33:29,40.45,100,25450
20240129,10:33:45,40.2,50,25450
20240129,10:34:01,40.5,350,25450
20240129,10:39:20,40.0,400,25450
20240129,10:42:54,40.15,50,25450
20240129,10:43:03,40.05,200,25450
20240129,10:44:13,39.4,400,25450
20240129,10:44:21,39.4,450,25450
20240129,10:44:56,40.1,50,25450
20240129,10:45:30,39.3,1100,25450
20240129,10:45:39,39.3,100,25450
20240129,10:47:38,40.25,50,25450
20240129,10:57:25,38.85,50,25450
20240129,10:58:34,38.85,50,25450
20240129,10:58:52,38.8,50,25450
20240129,10:59:25,38.45,50,25450
20240129,10:59:34,38.4,7000,25450
20240129,10:59:42,38.85,350,25450
20240129,10:59:59,38.85,650,25450
20240129,11:00:08,38.85,2300,25450
20240129,11:00:17,38.85,4900,25450
20240129,11:00:45,38.6,700,25450
20240129,11:01:11,38.7,150,25450
20240129,11:01:37,38.9,350,25450
20240129,11:02:05,38.75,200,25450
20240129,11:06:02,38.8,200,10900
20240129,11:07:02,38.55,200,10900
20240129,11:07:30,38.35,50,10900
20240129,11:07:38,38.35,100,10900
20240129,11:07:57,38.35,50,10900
20240129,11:08:16,38.25,100,10900
20240129,11:12:45,38.25,100,11000
20240129,11:21:54,40.6,20000,11050
20240129,11:22:04,40.5,7050,11050
20240129,11:22:12,41.3,18200,11050
20240129,11:22:21,42.3,22750,11050
20240129,11:22:40,43.45,16050,11050
20240129,11:22:49,43.0,600,11050
20240129,11:22:58,44.9,200,11050
20240129,11:23:06,43.7,1900,11050
20240129,11:23:15,43.8,250,11050
20240129,11:23:54,43.95,50,67250
20240129,11:26:06,43.0,300,67250
20240129,11:28:34,41.5,50,67250
20240129,11:38:46,41.75,950,67300
20240129,11:38:56,42.2,950,67300
20240129,11:49:49,40.9,50,67450
20240129,12:00:10,41.25,1750,67450
20240129,12:01:56,41.8,500,67450
20240129,12:02:06,42.1,800,67450
20240129,12:02:15,41.9,200,67450
20240129,12:02:24,42.15,600,67450
20240129,12:02:32,42.15,150,67450
20240129,12:02:41,42.2,500,66900
20240129,12:02:52,42.2,200,66900
20240129,12:03:18,42.15,750,66900
20240129,12:04:52,42.2,150,66900
20240129,12:07:35,42.25,300,66900
20240129,12:07:43,42.35,150,66900
20240129,12:29:58,42.1,300,66900
20240129,12:30:17,43.25,50,66900
20240129,12:31:06,41.65,150,66900
20240129,12:33:08,41.9,550,66900
20240129,12:41:02,41.05,50,66900
20240129,12:41:18,40.95,50,66900
20240129,12:43:04,41.0,100,66900
20240129,12:47:26,41.3,250,66900
20240129,12:49:01,41.35,50,66800
20240129,12:50:08,41.65,300,66800
20240129,12:50:34,41.35,250,66800
20240129,12:52:06,41.35,350,66800
20240129,12:53:38,41.5,150,66800
20240129,12:55:51,41.65,100,67150
20240129,12:55:59,41.6,100,67150
20240129,12:56:33,41.95,100,67150
20240129,12:57:58,41.75,200,67150
20240129,12:58:07,41.9,200,67150
20240129,13:00:43,40.3,100,67150
20240129,13:00:55,41.45,100,67150
20240129,13:02:25,42.2,300,67150
20240129,13:02:36,42.5,150,67150
20240129,13:08:15,42.75,100,67150
20240129,13:12:57,42.2,100,67150
20240129,13:13:13,42.0,150,67150
20240129,13:43:38,40.3,350,67150
20240129,13:44:03,43.15,150,67150
20240129,13:44:11,42.2,300,67150
20240129,13:46:28,42.15,300,66800
20240129,13:47:13,42.2,150,66800
20240129,13:52:22,41.4,300,66800
20240129,14:01:09,41.4,50,66800
20240129,14:01:18,41.45,200,66800
20240129,14:01:26,41.45,200,66800
20240129,14:03:55,41.45,100,66800
20240129,14:05:27,41.85,100,66800
20240129,14:10:53,41.7,100,66800
20240129,14:12:46,41.9,500,66800
20240129,14:13:05,42.25,100,66800
20240129,14:13:59,42.5,200,66800
20240129,14:14:10,42.25,400,66800
20240129,14:14:21,42.8,200,66800
20240129,14:41:22,39.95,850,66800
20240129,14:41:30,40.0,450,66800
20240129,14:42:57,40.5,1000,66450
20240129,14:44:26,40.8,400,66450
20240129,14:47:27,39.45,100,66800
20240129,15:04:55,39.35,50,66700
20240129,15:08:07,32.25,18000,66700
20240129,15:08:26,39.65,18950,66700
20240129,15:08:36,39.75,150,66700
20240129,15:08:45,38.35,26350,66700
20240129,15:09:04,38.05,300,66700
20240129,15:09:14,37.55,50,17550
20240129,15:09:24,36.05,18300,17550
20240129,15:09:44,35.75,50,17550
20240129,15:09:54,35.3,950,17550
20240129,15:10:06,35.35,1350,17550
20240129,15:10:17,34.95,300,17550
20240129,15:10:28,35.1,250,17550
20240129,15:10:49,35.05,750,17550
20240129,15:10:59,35.65,200,17550
20240129,15:11:20,35.6,500,17550
20240129,15:11:31,36.25,150,17550
20240129,15:11:40,35.9,1300,17550
20240129,15:11:50,36.3,100,17550
20240129,15:12:29,36.3,200,13350
20240129,15:12:38,36.35,100,13350
20240129,15:12:47,36.7,200,13350
20240129,15:13:25,37.1,150,13350
20240129,15:13:44,36.8,250,13350
20240129,15:16:08,36.8,150,13400
20240129,15:16:18,36.85,200,13400
20240129,15:16:37,36.85,100,13400
20240129,15:16:55,37.05,100,13400
20240129,15:17:05,37.0,100,13400
20240129,15:17:16,36.95,250,13400
20240129,15:17:25,37.3,300,13400
20240129,15:17:34,37.35,300,13400
20240129,15:17:43,37.35,100,13400
20240129,15:22:20,35.8,200,13400
20240129,15:22:30,35.5,50,13550
20240129,15:22:40,35.4,400,13550
20240129,15:24:25,35.0,800,13750
20240129,15:27:02,34.9,150,13750
20240129,15:27:34,35.25,950,14400
20240129,15:29:33,35.45,200,14400
20240130,09:47:59,39.9,1,13300
20240130,09:47:59,39.9,50,13300
20240130,09:51:13,38.95,50,13300
20240130,10:18:27,38.95,50,13300
20240130,10:20:13,35.1,50,13300
20240130,10:30:30,35.1,100,13350
20240130,10:35:19,38.8,50,13450
20240130,10:41:40,37.2,50,13500
20240130,10:45:32,38.8,200,13550
20240130,11:36:51,37.15,50,13550
20240130,12:01:00,37.0,150,13550
20240130,13:42:54,36.4,150,13550
20240130,14:32:07,43.9,50,13550
20240130,14:32:20,43.9,450,13550
20240130,14:32:56,41.65,150,13550
20240130,14:33:08,41.6,150,13550
20240130,14:35:43,45.0,50,13650
20240130,14:38:23,45.0,100,13500
20240130,14:38:34,44.6,50,13500
20240130,14:38:45,45.3,50,13500
20240130,14:39:18,45.3,200,13500
20240130,14:54:14,45.05,50,13550
20240130,14:57:05,45.0,50,13550
20240130,14:59:01,45.0,150,13600
20240130,15:00:11,45.0,50,13600
20240130,15:03:24,45.55,50,13600
20240130,15:03:46,45.55,50,13600
20240130,15:06:32,45.85,200,13550
20240130,15:19:20,49.35,50,13550
20240130,15:20:30,51.5,200,13500
20240130,15:29:28,51.5,50,13500
20240131,09:31:41,47.0,1,13450
20240131,09:31:41,47.0,50,13450
20240131,09:34:40,47.85,850,13450
20240131,09:36:00,47.85,2400,13450
20240131,09:36:12,44.8,150,13450
20240131,09:36:32,44.8,250,13450
20240131,09:36:41,44.5,1550,13450
20240131,09:36:52,44.5,600,13450
20240131,09:37:03,44.5,250,13450
20240131,09:39:37,44.65,200,15250
20240131,09:45:33,40.85,200,15100
20240131,10:00:42,40.85,3600,14900
20240131,10:07:39,40.85,700,14600
20240131,10:08:00,40.7,250,14600
20240131,10:26:02,40.7,200,14450
20240131,10:27:45,41.35,250,14250
20240131,11:12:52,37.0,400,14350
20240131,11:24:20,37.0,50,14350
20240131,11:32:03,35.1,50,14400
20240131,11:33:56,35.1,50,14400
20240131,12:08:31,33.2,50,14400
20240131,12:12:24,33.2,100,14450
20240131,12:16:43,34.05,50,14500
20240131,12:16:52,34.15,100,14500
20240131,12:17:01,33.95,250,14500
20240131,13:00:32,36.95,50,14650
20240131,13:04:28,35.2,50,14650
20240131,13:09:30,35.6,450,14600
20240131,13:24:27,35.55,50,14550
20240131,13:33:16,33.25,100,14550
20240131,13:36:26,35.2,50,14600
20240131,13:47:03,36.95,50,14600
20240131,13:47:12,37.0,50,14600
20240131,13:49:43,37.9,50,14650
20240131,13:59:32,35.75,100,14650
20240131,14:26:11,36.95,100,14650
20240131,14:43:12,34.95,50,14550
20240131,14:50:31,34.7,50,14550
20240131,14:50:40,34.8,50,14550
20240131,14:50:48,35.0,50,14550
20240131,14:50:57,35.35,50,14550
20240131,14:51:06,35.4,50,14550
20240131,14:52:23,35.05,100,14550
20240131,14:59:27,35.05,100,14450
20240131,15:10:16,35.1,50,14450
20240131,15:18:11,33.95,150,14450
20240131,15:23:48,35.4,50,14550
20240131,15:24:35,35.4,50,14550
20240131,15:25:21,35.3,50,14550
20240131,15:26:00,33.05,50,14550
20240131,15:26:45,33.05,50,14550
20240201,09:16:47,34.6,1,14600
20240201,09:16:47,34.6,50,14600
20240201,09:17:14,32.0,100,14600
20240201,09:18:38,32.0,200,14600
20240201,09:19:18,34.9,100,14600
20240201,09:20:55,35.0,100,14700
20240201,09:22:49,35.0,250,14700
20240201,09:29:44,35.3,100,14700
20240201,09:42:56,35.3,150,14800
20240201,10:16:57,27.0,50,14800
20240201,10:17:40,26.75,200,14800
20240201,10:21:04,26.8,50,15050
20240201,10:21:20,26.4,200,15050
20240201,10:21:55,26.3,200,15050
20240201,10:22:02,26.3,350,15050
20240201,10:22:29,26.3,50,15050
20240201,10:29:43,25.35,50,15850
20240201,10:43:21,25.35,50,15900
20240201,11:53:52,26.0,50,15950
20240201,11:58:37,30.15,150,15950
20240201,12:02:23,29.8,50,16100
20240201,12:03:13,30.55,50,16100
20240201,12:05:27,27.25,50,16100
20240201,12:14:32,24.35,100,16100
20240201,12:23:02,24.35,250,16100
20240201,12:23:13,24.85,250,16100
20240201,12:37:44,24.25,50,15600
20240201,13:00:18,22.65,300,15650
20240201,13:00:27,22.7,100,15650
20240201,13:00:45,22.7,50,15650
20240201,13:04:16,23.9,50,15200
20240201,13:07:55,23.15,50,15200
20240201,13:19:56,23.0,50,15200
20240201,13:24:59,21.7,250,15200
20240201,13:31:14,21.7,100,15450
20240201,13:31:42,23.8,150,15450
20240201,13:32:12,23.35,150,15450
20240201,13:33:16,24.15,100,15450
20240201,13:33:44,24.45,100,15450
20240201,13:40:51,23.9,100,15350
20240201,13:41:00,24.15,200,15350
20240201,13:41:09,24.2,100,15350
20240201,13:41:35,24.0,50,15350
20240201,13:43:54,22.8,100,15400
20240201,13:45:00,23.0,650,15400
20240201,13:45:41,22.85,250,15250
20240201,13:46:13,22.8,100,15250
20240201,13:49:56,21.95,100,14900
20240201,13:50:44,22.3,300,14900
20240201,13:57:01,21.45,150,14650
20240201,14:02:54,20.85,50,14500
20240201,14:03:17,20.4,250,14550
20240201,14:06:00,20.4,200,14550
20240201,14:07:26,20.45,50,14350
20240201,14:08:05,20.45,150,14350
20240201,14:19:20,20.35,100,14550
20240201,14:27:06,19.75,50,14550
20240201,14:39:40,19.75,600,14500
20240201,14:42:27,19.6,200,15000
20240201,14:43:44,19.6,100,15000
20240201,14:54:08,18.75,300,14900
20240201,14:54:59,17.35,450,15000
20240201,14:55:39,18.9,200,15000
20240201,15:01:33,18.8,100,15200
20240201,15:02:39,19.55,50,15200
20240201,15:05:47,19.7,200,15200
20240201,15:06:03,19.95,150,15200
20240201,15:06:11,20.0,500,15200
20240201,15:14:18,20.2,200,15500
20240201,15:14:39,20.2,100,15500
20240201,15:14:47,20.2,100,15500
20240201,15:14:56,20.35,50,15500
20240201,15:15:12,20.35,150,15500
20240201,15:15:20,20.2,100,15500
20240201,15:15:37,20.2,200,15500
20240201,15:22:06,20.4,50,15500
20240201,15:27:27,20.6,400,15550
20240201,15:27:43,19.5,100,15550
20240201,15:28:06,20.45,100,15550
20240201,15:28:13,20.0,100,15550
20240201,15:28:38,19.5,100,15550
20240201,15:29:54,19.5,100,15550
20240202,09:15:36,13.0,1,14150
20240202,09:15:36,13.05,850,14150
20240202,09:15:45,13.0,750,14150
20240202,09:17:53,13.0,600,14150
20240202,09:19:04,12.2,150,14150
20240202,09:19:25,12.1,350,14150
20240202,09:23:37,13.35,10000,13600
20240202,09:27:17,13.35,100,11150
20240202,09:28:00,12.85,350,11150
20240202,09:28:17,12.9,400,11150
20240202,09:28:25,12.9,900,11150
20240202,09:28:34,12.9,350,11150
20240202,09:29:08,12.95,150,11150
20240202,09:29:43,13.0,200,9350
20240202,09:29:59,13.0,1300,9350
20240202,09:30:08,13.0,100,9350
20240202,09:30:34,13.25,300,9350
20240202,09:58:58,12.15,800,9650
20240202,10:00:59,12.6,350,9050
20240202,10:01:25,12.5,50,9050
20240202,10:01:42,12.35,150,9050
20240202,10:03:46,11.95,100,9450
20240202,10:06:45,11.7,150,9400
20240202,10:07:12,11.6,550,9400
20240202,10:09:38,11.6,50,9600
20240202,10:38:24,12.05,50,9600
20240202,10:39:24,12.1,150,9600
20240202,11:08:47,11.95,500,9600
20240202,11:09:27,11.05,500,9600
20240202,11:15:26,11.05,200,9300
20240202,11:16:32,11.95,350,9300
20240202,11:18:35,11.95,50,9000
20240202,11:19:12,12.0,200,9000
20240202,11:40:27,12.0,100,8800
20240202,11:54:19,12.05,50,8800
20240202,11:57:46,12.05,50,8750
20240202,11:57:55,12.0,100,8750
20240202,11:59:25,11.1,50,8750
20240202,11:59:43,12.0,50,8750
20240202,12:07:39,13.0,400,8900
20240202,12:10:41,11.7,400,9150
20240202,12:11:50,11.15,50,8750
20240202,12:25:37,12.05,200,8800
20240202,12:25:46,12.05,100,8800
20240202,12:25:55,12.0,100,8800
20240202,12:26:12,12.0,300,8800
20240202,12:27:15,12.0,200,8100
20240202,12:27:26,11.95,900,8100
20240202,12:27:36,12.0,100,8100
20240202,12:28:43,12.05,50,8100
20240202,12:29:04,12.0,100,8100
20240202,12:29:25,12.15,250,8100
20240202,12:30:26,12.2,100,6500
20240202,12:30:39,12.25,600,6500
20240202,12:31:18,12.3,400,6500
20240202,12:31:50,12.45,150,6500
20240202,12:32:01,12.4,100,6500
20240202,12:32:12,12.4,100,6500
20240202,12:33:12,12.5,100,6600
20240202,12:33:24,12.4,100,6600
20240202,13:16:17,15.05,200,6600
20240202,13:27:26,16.35,250,6550
20240202,13:32:43,16.35,100,6300
20240202,13:37:11,17.65,50,6200
20240202,13:40:40,17.65,100,6200
20240202,14:07:30,14.3,300,6200
20240202,14:10:20,13.05,50,6200
20240202,14:19:26,12.5,50,6150
20240202,14:43:58,12.0,50,6150
20240202,14:44:07,12.0,50,6150
20240202,14:44:16,12.0,50,6150
20240202,14:44:25,12.0,300,6150
20240202,14:45:34,12.0,50,6150
20240202,14:53:53,13.4,50,6150
20240202,15:21:23,16.95,1500,6100
20240202,15:21:40,14.1,100,6100
20240202,15:21:49,14.8,1100,6100
20240202,15:21:58,14.8,50,6100
20240202,15:22:27,13.45,1500,6100
20240202,15:22:37,14.4,250,6100
20240202,15:22:55,13.95,200,6100
20240202,15:23:04,13.9,100,6100
20240202,15:24:28,14.55,1500,6200
20240202,15:25:33,13.2,1500,6200
20240202,15:27:14,19.75,1500,6200
20240202,15:27:24,19.75,750,6200
20240202,15:27:33,14.5,650,6200
20240202,15:27:43,13.45,1500,6200
20240202,15:27:52,14.4,250,6200
20240205,09:15:28,20.0,1,6050
20240205,09:15:28,19.9,100,6050
20240205,10:40:24,17.8,50,6050
20240205,10:50:03,12.25,50,6100
20240205,11:05:20,12.25,100,6150
20240205,11:38:56,12.25,50,6150
20240205,12:09:00,12.25,100,6150
20240205,12:09:21,12.3,100,6150
20240205,12:28:45,13.2,50,6300
20240205,12:42:43,13.2,100,6300
20240205,13:07:35,12.3,50,6400
20240205,13:08:31,12.25,50,6350
20240205,13:10:03,12.2,250,6350
20240205,13:10:57,12.2,250,6350
20240205,13:11:24,12.2,50,6350
20240205,13:17:11,12.5,250,6350
20240205,13:17:56,12.5,250,6350
20240205,13:18:05,12.5,250,6350
20240205,13:23:47,11.4,1800,7100
20240205,13:24:03,11.4,400,7100
20240205,13:24:19,12.3,50,7100
20240205,13:56:07,13.3,600,8900
20240205,14:01:49,12.2,50,9000
20240205,14:02:30,11.8,100,9050
20240205,14:06:41,12.5,1500,9050
20240205,14:46:48,18.2,200,9050
20240205,15:04:57,17.0,50,8950
20240205,15:14:27,15.2,250,9000
20240205,15:14:48,15.3,400,9000
20240205,15:14:58,15.3,50,9000
20240205,15:15:30,13.75,250,9000
20240205,15:25:09,15.7,200,8950
20240205,15:29:12,15.7,300,8950
20240206,09:22:09,13.0,1,9250
20240206,09:22:09,13.0,200,9250
20240206,09:33:18,11.6,50,9250
20240206,09:33:39,11.6,50,9250
20240206,09:44:52,13.8,50,9250
20240206,09:55:19,13.8,150,9250
20240206,10:08:35,13.8,50,9400
20240206,10:08:44,12.4,50,9400
20240206,10:09:30,12.4,50,9400
20240206,10:10:23,13.0,50,9400
20240206,10:11:07,13.3,50,9450
20240206,10:11:17,13.0,100,9450
20240206,10:11:51,13.15,50,9450
20240206,10:12:09,13.1,100,9450
20240206,10:13:02,13.1,50,9450
20240206,10:13:41,11.8,50,9450
20240206,10:16:43,13.5,50,9600
20240206,10:18:01,13.5,50,9650
20240206,10:25:23,13.75,100,9650
20240206,10:30:14,14.0,50,9750
20240206,10:30:39,14.5,50,9750
20240206,10:33:17,14.95,100,9850
20240206,10:47:18,14.95,50,9950
20240206,10:51:20,13.4,50,10000
20240206,10:51:48,13.35,200,10000
20240206,10:55:37,13.0,50,9950
20240206,10:58:18,13.0,100,10000
20240206,11:02:56,13.0,500,10000
20240206,11:09:17,13.0,250,10000
20240206,11:09:26,13.0,50,10000
20240206,11:10:33,13.0,350,10000
20240206,11:26:54,12.7,50,10000
20240206,11:28:58,13.0,500,10300
20240206,11:40:29,14.0,50,10550
20240206,12:51:48,14.0,500,10600
20240206,13:21:01,13.5,50,10600
20240206,13:21:18,11.75,50,10950
20240206,13:30:41,11.85,400,10950
20240206,13:30:51,12.1,200,10950
20240206,13:53:06,12.15,50,10700
20240206,13:53:15,12.2,150,10700
20240206,13:53:32,12.3,50,10800
20240206,13:53:51,12.1,250,10800
20240206,14:08:49,12.1,500,10800
20240206,14:12:48,12.65,50,11050
20240206,14:47:23,12.05,50,11050
20240206,14:55:34,13.9,600,11000
20240206,14:58:16,12.05,600,11050
20240206,15:00:36,12.0,200,10600
20240206,15:02:19,12.25,100,10600
20240206,15:12:00,12.2,150,10500
20240206,15:22:05,11.5,400,10550
20240206,15:25:05,11.5,100,10950
20240206,15:28:49,12.0,450,10850
20240206,15:29:01,12.0,500,10850
20240206,15:29:21,12.1,200,10850
20240207,09:15:06,10.0,1,10700
20240207,09:15:06,10.0,100,10700
20240207,09:15:17,12.2,50,10700
20240207,09:15:27,12.2,300,10700
20240207,09:18:08,9.0,150,10400
20240207,09:25:50,10.0,100,10450
20240207,09:33:06,10.4,100,10550
20240207,09:36:40,10.0,100,10650
20240207,09:37:13,10.35,50,10650
20240207,09:38:40,10.1,100,10750
20240207,09:39:15,10.0,50,10750
20240207,09:41:47,10.0,100,10650
20240207,10:05:31,9.55,100,10650
20240207,10:13:35,9.55,200,10750
20240207,10:15:11,9.55,100,10800
20240207,10:15:28,9.55,50,10800
20240207,10:15:36,9.55,50,10800
20240207,10:21:49,9.5,250,10800
20240207,10:29:31,9.5,50,10800
20240207,10:29:39,9.5,200,10800
20240207,10:31:07,9.3,50,10800
20240207,10:32:15,9.3,50,10900
20240207,10:35:08,9.3,50,10900
20240207,11:06:03,10.25,50,10900
20240207,11:32:35,10.3,300,10900
20240207,11:39:26,10.95,50,10900
20240207,11:40:14,11.0,300,10900
20240207,11:45:44,10.35,50,10900
20240207,11:46:01,10.3,250,10900
20240207,11:46:09,10.3,250,10900
20240207,12:05:07,9.25,300,10400
20240207,12:35:10,9.6,50,10350
20240207,12:35:55,9.6,100,10350
20240207,12:37:57,9.65,50,10350
20240207,12:38:22,9.65,50,10350
20240207,12:38:48,9.65,50,10350
20240207,12:59:49,10.65,50,10350
20240207,13:00:22,10.1,50,10350
20240207,13:03:50,9.65,50,10400
20240207,13:19:22,9.65,50,10400
20240207,13:21:59,9.6,50,10450
20240207,13:34:32,9.55,700,10500
20240207,13:42:20,8.75,250,11200
20240207,13:42:30,8.75,50,11200
20240207,13:45:40,8.9,50,11050
20240207,13:45:50,8.9,50,11050
20240207,13:46:08,8.9,100,11050
20240207,13:46:36,8.9,50,11050
20240207,13:50:05,9.05,100,10900
20240207,13:53:14,8.9,50,10850
20240207,13:55:04,9.05,50,10850
20240207,13:59:13,8.85,250,10850
20240207,14:08:15,8.5,50,10800
20240207,14:09:05,8.5,100,10800
20240207,14:11:37,8.5,250,10800
20240207,14:11:57,8.5,250,10800
20240207,14:15:02,8.5,50,10300
20240207,14:15:11,8.5,250,10300
20240207,14:18:11,8.5,100,10000
20240207,14:21:09,8.9,100,9900
20240207,14:23:52,8.9,150,10000
20240207,14:37:35,8.75,500,10150
20240207,14:38:19,8.6,100,10150
20240207,14:39:08,8.75,100,9900
20240207,14:40:26,8.65,50,9900
20240207,14:43:34,8.6,100,9900
20240207,14:43:43,8.6,100,9900
20240207,14:44:53,8.6,100,9850
20240207,14:51:07,8.3,200,9900
20240207,14:53:00,8.3,350,9900
20240207,14:57:26,8.0,250,10300
20240207,14:57:35,8.0,500,10300
20240207,14:58:28,8.0,50,10300
20240207,15:24:42,7.75,250,10200
20240207,15:25:07,7.55,250,10200
20240207,15:28:05,7.55,100,10200
20240207,15:30:02,7.4,100,10100
20240208,09:15:09,7.5,1,10150
20240208,09:15:09,7.5,1000,10150
20240208,09:15:41,6.7,100,10150
20240208,09:16:43,6.7,150,10650
20240208,09:23:19,7.85,200,10650
20240208,09:23:19,6.6,200,10650
20240208,09:23:45,7.0,100,10650
20240208,09:28:53,6.95,100,10700
20240208,09:29:43,6.9,50,10700
20240208,09:37:08,6.7,100,10850
20240208,09:42:32,6.95,100,10850
20240208,09:43:43,6.9,50,10850
20240208,09:48:10,6.95,150,11000
20240208,10:00:43,6.75,50,11100
20240208,10:00:53,6.75,50,11100
20240208,10:01:02,6.75,50,11100
20240208,10:03:29,6.7,500,11100
20240208,10:04:06,6.7,100,11100
20240208,10:10:07,6.55,200,11600
20240208,10:10:18,6.55,100,11600
20240208,10:10:50,6.55,50,11600
20240208,10:10:59,6.6,50,11600
20240208,10:13:08,6.65,50,11600
20240208,10:15:42,6.75,100,11650
20240208,10:16:17,6.7,1200,11650
20240208,10:16:40,6.3,2250,11650
20240208,10:16:50,6.55,100,11650
20240208,10:17:10,6.5,100,13350
20240208,10:17:29,6.5,200,13350
20240208,10:18:07,6.5,50,13350
20240208,10:19:50,6.5,200,13350
20240208,10:24:36,6.55,50,12650
20240208,10:26:06,6.05,250,12700
20240208,10:26:27,6.05,300,12700
20240208,10:26:47,6.05,500,12700
20240208,10:27:07,6.05,550,12700
20240208,10:41:49,6.0,100,13850
20240208,10:42:12,6.0,200,13850
20240208,10:48:00,6.0,300,14050
20240208,10:50:36,6.05,100,13850
20240208,10:51:07,6.0,50,13850
20240208,10:56:47,6.25,100,13800
20240208,10:57:52,6.5,100,13800
20240208,10:58:42,6.7,50,13800
20240208,10:59:04,6.7,50,13800
20240208,10:59:28,6.7,300,13950
20240208,10:59:39,6.75,50,13950
20240208,10:59:49,6.75,200,13950
20240208,11:00:22,6.75,1250,13950
20240208,11:00:34,6.75,350,13950
20240208,11:00:47,6.95,200,13950
20240208,11:01:09,7.0,100,13950
20240208,11:01:19,6.95,50,13950
20240208,11:01:29,6.9,100,13950
20240208,11:04:46,8.5,500,15200
20240208,11:04:59,8.5,50,15200
20240208,11:05:11,8.5,450,15200
20240208,11:05:23,8.6,600,15200
20240208,11:05:47,8.6,50,15200
20240208,11:06:10,8.0,600,15200
20240208,11:06:21,7.95,50,15200
20240208,11:08:21,7.5,50,14650
20240208,11:10:49,8.75,50,14650
20240208,11:12:24,8.75,50,14700
20240208,11:13:12,8.55,50,14700
20240208,11:13:22,8.5,50,14700
20240208,11:14:47,8.65,50,14600
20240208,11:14:56,8.75,250,14600
20240208,11:15:33,8.75,100,14600
20240208,11:16:03,8.9,100,14600
20240208,11:18:50,8.9,150,14700
20240208,11:20:18,8.1,300,14800
20240208,11:21:16,8.5,150,14800
20240208,11:21:26,8.1,50,14800
20240208,11:21:36,8.0,100,14800
20240208,11:23:42,8.0,100,14800
20240208,11:24:22,8.25,100,14800
20240208,11:24:31,8.15,300,14800
20240208,11:25:10,8.1,50,14800
20240208,11:25:57,6.1,1000,14800
20240208,11:26:16,7.85,250,15050
20240208,11:26:34,7.65,200,15050
20240208,11:27:32,7.5,50,15050
20240208,11:28:20,7.4,100,15050
20240208,11:45:45,6.0,1800,14750
20240208,11:45:55,7.5,6250,14750
20240208,11:46:04,7.2,250,14750
20240208,11:46:14,7.15,100,14750
20240208,11:46:24,7.2,300,14750
20240208,11:46:44,7.15,100,14750
20240208,11:47:12,7.05,250,20050
20240208,11:48:09,6.9,150,20050
20240208,11:48:18,6.9,50,20050
20240208,11:48:28,6.9,50,20050
20240208,11:48:37,6.9,50,20050
20240208,11:52:02,7.0,50,20050
20240208,12:01:08,6.6,250,20050
20240208,12:01:27,6.6,250,20050
20240208,12:01:36,6.6,250,20050
20240208,12:02:04,6.6,200,20050
20240208,12:02:59,6.5,150,20800
20240208,12:03:18,6.5,50,20800
20240208,12:03:37,6.4,100,20800
20240208,12:03:45,6.3,400,20800
20240208,12:03:54,6.3,250,20800
20240208,12:06:10,6.35,50,21600
20240208,12:12:29,6.2,50,21600
20240208,12:13:50,6.2,250,21600
20240208,12:22:46,6.35,150,21600
20240208,12:23:16,6.45,350,21600
20240208,12:23:37,6.5,200,21600
20240208,12:26:51,6.5,150,21800
20240208,12:35:04,6.45,50,21800
20240208,12:35:13,6.5,150,21800
20240208,12:38:28,6.45,200,21800
20240208,12:47:23,6.35,550,21800
20240208,12:56:19,6.3,200,21800
20240208,12:56:27,6.3,150,21800
20240208,12:58:03,6.4,100,21800
20240208,12:58:12,6.45,150,21800
20240208,12:58:20,6.4,150,21800
20240208,12:58:37,11.0,1450,21800
20240208,12:59:02,11.0,100,21800
20240208,12:59:11,6.35,950,21800
20240208,12:59:20,6.35,850,21800
20240208,12:59:28,6.3,250,22750
20240208,12:59:39,6.25,100,22750
20240208,13:00:27,5.9,50,22750
20240208,13:01:13,5.9,150,22750
20240208,13:02:37,6.55,100,22400
20240208,13:03:04,6.55,100,22400
20240208,13:03:23,6.45,200,22400
20240208,13:03:32,6.3,100,22400
20240208,13:04:42,5.85,1850,22400
20240208,13:05:44,5.7,1450,24250
20240208,13:06:34,5.7,1300,24250
20240208,13:08:58,5.95,200,24200
20240208,13:10:58,6.0,100,24200
20240208,13:11:15,5.8,100,24200
20240208,13:13:09,5.85,100,24200
20240208,13:20:13,5.85,100,24200
20240208,13:20:21,5.9,100,24200
20240208,13:23:12,7.25,100,24200
20240208,13:23:20,6.05,50,24200
20240208,13:30:38,6.0,100,24200
20240208,13:37:16,6.15,1200,24300
20240208,13:37:30,6.25,500,24300
20240208,13:37:52,6.25,600,24300
20240208,13:37:59,6.25,400,24300
20240208,13:39:43,6.0,50,24500
20240208,13:52:43,6.1,200,24500
20240208,13:52:55,6.15,550,24500
20240208,14:04:40,6.8,50,24300
20240208,14:05:46,6.55,50,24300
20240208,14:06:07,6.5,50,24300
20240208,14:06:18,6.55,200,24300
20240208,14:07:42,6.65,1200,24300
20240208,14:15:14,6.95,200,24600
20240208,14:15:37,7.3,50,24600
20240208,14:16:31,7.3,50,24600
20240208,14:16:52,7.25,350,24600
20240208,14:17:55,7.3,200,25150
20240208,14:18:04,7.2,150,25150
20240208,14:26:59,7.7,50,24900
20240208,14:27:22,7.4,300,24900
20240208,14:27:45,7.5,250,24900
20240208,14:30:56,7.85,200,25050
20240208,14:32:26,8.3,200,25050
20240208,14:32:50,8.4,250,25450
20240208,14:37:02,8.7,250,25550
20240208,14:37:37,9.35,50,25550
20240208,14:38:32,8.6,100,25550
20240208,14:39:30,12.45,2900,25650
20240208,14:39:42,9.0,100,25650
20240208,14:40:58,8.85,300,25650
20240208,14:41:31,8.6,50,25650
20240208,14:42:49,8.8,50,23300
20240208,14:43:11,8.65,100,23300
20240208,14:45:29,8.1,550,23300
20240208,14:45:41,8.1,250,23300
20240208,14:46:27,8.05,50,23300
20240208,14:46:39,8.1,50,23300
20240208,14:48:09,7.8,300,23300
20240208,14:48:21,7.9,200,23300
20240208,14:50:24,7.8,150,23300
20240208,14:50:46,7.9,100,23600
20240208,14:51:44,8.2,150,23600
20240208,14:51:55,8.2,50,23600
20240208,14:52:28,8.3,1450,23600
20240208,14:53:00,8.4,200,23600
20240208,14:56:45,8.5,50,23650
20240208,14:58:58,9.35,50,23650
20240208,15:00:08,9.35,900,23700
20240208,15:03:14,9.9,150,24100
20240208,15:04:04,9.95,150,24100
20240208,15:04:17,9.75,1250,24100
20240208,15:05:16,8.9,550,24100
20240208,15:05:29,9.05,150,24100
20240208,15:05:53,8.7,100,24100
20240208,15:07:40,8.55,50,24100
20240208,15:09:25,8.0,50,24100
20240208,15:09:49,8.25,500,24100
20240208,15:11:11,8.25,1800,24100
20240208,15:13:59,8.5,550,24750
20240208,15:14:45,8.45,50,24750
20240208,15:15:07,8.25,50,24700
20240208,15:16:15,8.3,200,24700
20240208,15:17:53,8.7,200,24950
20240208,15:21:07,8.4,200,24950
20240208,15:21:28,8.4,500,24950
20240208,15:22:00,8.7,200,24950
20240208,15:22:10,8.25,50,24950
20240208,15:22:51,8.55,100,24950
20240208,15:26:44,6.8,1200,24950
20240208,15:26:54,7.7,750,26150
20240208,15:27:05,7.8,200,26150
20240208,15:27:15,7.8,200,26150
20240208,15:27:27,7.75,50,26150
20240208,15:27:38,7.6,250,26150
20240208,15:27:49,7.55,1400,26150
20240208,15:28:31,7.55,100,26150
20240208,15:28:41,7.9,1200,26150
20240208,15:29:37,7.4,200,26150
20240209,09:16:31,8.3,1,28050
20240209,09:16:31,8.25,1,28050
20240209,09:16:31,8.3,450,28050
20240209,09:17:07,8.75,250,28050
20240209,09:17:07,7.05,250,28050
20240209,09:19:01,9.7,400,28050
20240209,09:19:11,9.35,100,28050
20240209,09:19:55,8.7,100,28150
20240209,09:20:31,8.7,50,28150
20240209,09:21:38,8.0,300,28150
20240209,09:22:08,7.8,250,28150
20240209,09:22:26,8.15,500,28450
20240209,09:22:35,7.8,300,28450
20240209,09:22:44,8.05,900,28450
20240209,09:22:53,7.6,400,28450
20240209,09:23:03,7.6,200,28450
20240209,09:23:12,7.65,200,28450
20240209,09:23:44,7.4,100,28450
20240209,09:23:56,7.6,50,28450
20240209,09:26:54,8.0,150,30200
20240209,09:27:04,8.0,150,30200
20240209,09:27:13,8.0,300,30200
20240209,09:27:50,7.85,200,30200
20240209,09:28:28,7.5,200,30600
20240209,09:29:43,7.55,50,30600
20240209,09:30:20,7.3,150,30600
20240209,09:30:30,7.25,50,30600
20240209,09:30:40,7.15,650,30600
20240209,09:30:49,7.3,900,30600
20240209,09:30:58,7.35,100,30600
20240209,09:31:07,7.35,50,30600
20240209,09:32:11,7.3,200,32200
20240209,09:32:20,7.3,150,32200
20240209,09:32:30,7.45,550,32200
20240209,09:32:40,7.4,450,32200
20240209,09:32:50,7.25,600,32200
20240209,09:34:27,7.3,50,33600
20240209,09:35:29,7.2,150,33600
20240209,09:35:51,7.15,550,33600
20240209,09:36:02,7.1,50,33600
20240209,09:36:23,7.0,250,33600
20240209,09:36:43,7.0,550,33600
20240209,09:37:04,7.0,400,33600
20240209,09:37:15,7.2,400,33600
20240209,09:37:25,7.25,100,33600
20240209,09:38:16,7.45,450,34700
20240209,09:38:26,7.4,50,34700
20240209,09:39:05,7.5,50,34700
20240209,09:39:24,7.55,200,34700
20240209,09:40:12,7.95,100,34700
20240209,09:40:22,8.2,100,34700
20240209,09:40:31,8.1,100,35000
20240209,09:41:09,8.4,100,35000
20240209,09:41:37,8.75,800,35000
20240209,09:42:33,8.5,1100,35000
20240209,09:42:53,8.5,200,35000
20240209,09:43:02,8.45,50,35000
20240209,09:43:11,8.55,50,35000
20240209,09:43:20,8.7,50,35000
20240209,09:43:28,8.75,100,35700
20240209,09:43:36,8.55,250,35700
20240209,09:43:53,8.5,300,35700
20240209,09:44:10,8.7,250,35700
20240209,09:44:18,8.55,200,35700
20240209,09:44:34,8.35,50,35700
20240209,09:44:43,8.45,100,35700
20240209,09:44:51,8.2,250,35700
20240209,09:45:01,8.25,250,35700
20240209,09:45:10,8.05,150,35700
20240209,09:45:55,8.15,250,35700
20240209,09:46:12,8.1,100,35700
20240209,09:48:00,8.25,150,35800
20240209,09:49:11,8.7,50,35800
20240209,09:49:34,8.85,50,35750
20240209,09:49:59,8.9,50,35750
20240209,09:50:07,8.9,50,35750
20240209,09:50:15,8.95,100,35750
20240209,09:50:40,8.85,100,35750
20240209,09:50:49,8.95,100,35750
20240209,09:50:58,8.9,50,35750
20240209,09:51:06,8.9,1100,35750
20240209,09:51:15,8.95,150,35750
20240209,09:51:31,8.9,700,35750
20240209,09:51:39,8.9,450,35750
20240209,09:51:47,9.0,100,35750
20240209,09:52:20,9.05,1000,35750
20240209,09:52:28,9.35,50,37600
20240209,09:52:35,9.4,150,37600
20240209,09:52:44,9.3,50,37600
20240209,09:52:51,9.45,250,37600
20240209,09:53:37,9.55,250,37600
20240209,09:53:46,9.8,250,37600
20240209,09:53:54,10.05,100,37600
20240209,09:54:02,10.1,50,37600
20240209,09:54:19,10.1,150,37600
20240209,09:54:27,10.25,650,37600
20240209,09:54:35,10.2,250,37600
20240209,09:54:43,10.25,50,37600
20240209,09:54:59,10.4,350,37600
20240209,09:55:38,9.9,350,37650
20240209,09:55:46,9.9,150,37650
20240209,09:56:02,9.85,200,37650
20240209,09:56:10,10.0,250,37650
20240209,09:56:18,10.25,150,37650
20240209,09:56:34,9.95,800,37650
20240209,09:56:57,9.95,300,37650
20240209,09:57:06,9.95,450,37650
20240209,09:57:14,10.0,300,37650
20240209,09:57:22,9.95,150,37650
20240209,09:57:37,10.0,500,37650
20240209,09:57:53,9.95,100,37650
20240209,09:58:01,9.9,350,37650
20240209,09:58:56,9.9,50,37850
20240209,09:59:26,10.2,500,37850
20240209,09:59:34,10.15,550,37850
20240209,09:59:58,10.25,1050,37850
20240209,10:00:06,10.3,50,37850
20240209,10:00:32,10.6,1050,37850
20240209,10:00:40,10.8,900,37850
20240209,10:00:48,10.8,250,37850
20240209,10:00:56,10.9,1900,37850
20240209,10:01:04,11.15,50,37850
20240209,10:01:13,12.15,400,37850
20240209,10:01:21,12.25,1350,37850
20240209,10:01:30,12.25,300,37850
20240209,10:01:39,11.85,200,38750
20240209,10:01:55,11.8,250,38750
20240209,10:02:20,11.2,1100,38750
20240209,10:02:38,10.55,150,38750
20240209,10:02:46,10.4,100,38750
20240209,10:03:03,10.1,50,38750
20240209,10:03:12,10.0,1350,38750
20240209,10:03:29,10.45,450,38750
20240209,10:03:37,10.55,150,38750
20240209,10:03:53,10.45,200,38750
20240209,10:04:02,10.45,400,38750
20240209,10:04:11,10.35,50,38750
20240209,10:04:36,10.3,1400,38700
20240209,10:04:44,10.3,100,38700
20240209,10:04:53,10.0,600,38700
20240209,10:05:04,9.55,450,38700
20240209,10:05:22,9.5,350,38700
20240209,10:05:46,9.25,1350,38700
20240209,10:06:32,9.1,200,38700
20240209,10:06:42,8.95,700,38700
20240209,10:06:53,8.85,50,38700
20240209,10:07:03,8.85,400,38700
20240209,10:08:17,9.1,50,38850
20240209,10:08:56,8.95,200,38850
20240209,10:09:06,8.65,50,38850
20240209,10:10:41,8.3,450,38850
20240209,10:10:50,8.55,400,38850
20240209,10:11:00,8.5,100,38850
20240209,10:11:09,8.5,300,38850
20240209,10:11:18,8.55,600,38850
20240209,10:11:27,8.6,250,38850
20240209,10:14:42,8.65,100,40200
20240209,10:14:52,8.6,50,40200
20240209,10:15:12,8.4,50,40200
20240209,10:15:21,8.6,200,40200
20240209,10:15:39,8.6,250,40200
20240209,10:16:06,8.75,700,40200
20240209,10:16:16,8.85,250,40200
20240209,10:16:25,9.05,150,40200
20240209,10:16:43,9.05,300,40300
20240209,10:17:10,9.05,100,40300
20240209,10:17:19,9.05,100,40300
20240209,10:18:46,9.05,350,40300
20240209,10:18:55,8.95,200,40300
20240209,10:19:03,8.85,100,40300
20240209,10:19:11,8.85,100,40300
20240209,10:19:19,8.8,300,40300
20240209,10:20:01,8.75,250,40850
20240209,10:20:26,8.85,50,40850
20240209,10:20:43,8.9,100,40850
20240209,10:20:59,8.9,50,40850
20240209,10:21:08,8.7,300,40850
20240209,10:21:54,8.5,50,40850
20240209,10:23:13,8.55,50,40850
20240209,10:25:11,8.7,200,40850
20240209,10:25:36,8.85,50,40700
20240209,10:25:46,8.95,50,40700
20240209,10:27:08,9.3,50,40700
20240209,10:27:23,9.3,50,40700
20240209,10:27:30,9.3,250,40700
20240209,10:28:50,9.2,50,40950
20240209,10:29:26,9.05,250,40950
20240209,10:30:43,9.05,50,40950
20240209,10:34:34,9.15,400,40950
20240209,10:35:03,9.05,50,40950
20240209,10:36:22,9.25,250,40950
20240209,10:36:42,9.35,100,40950
20240209,10:37:02,9.65,1350,40950
20240209,10:37:41,9.8,150,39600
20240209,10:37:48,9.75,200,39600
20240209,10:40:49,9.7,200,39650
20240209,10:41:22,9.25,1500,39650
20240209,10:41:43,9.35,100,39650
20240209,10:41:49,9.3,100,39650
20240209,10:41:55,9.2,100,39650
20240209,10:42:02,9.3,100,39650
20240209,10:42:09,9.4,100,39650
20240209,10:42:15,9.7,1300,39650
20240209,10:42:22,9.4,200,39650
20240209,10:42:28,9.35,100,39650
20240209,10:43:11,9.4,50,39650
20240209,10:46:31,10.0,500,40800
20240209,10:46:39,10.0,250,40800
20240209,10:46:47,9.95,50,40800
20240209,10:46:54,10.0,250,40800
20240209,10:48:05,10.35,100,40800
20240209,10:48:19,10.15,50,40800
20240209,10:48:54,10.0,300,40800
20240209,10:49:45,9.85,50,40800
20240209,10:49:58,9.8,50,40800
20240209,10:50:57,9.95,100,40800
20240209,10:51:37,10.1,50,40800
20240209,10:51:44,10.2,50,40800
20240209,10:51:50,10.2,50,40800
20240209,10:52:23,10.35,50,40800
20240209,10:52:57,10.35,100,40850
20240209,10:53:05,10.35,250,40850
20240209,10:53:12,10.35,250,40850
20240209,10:53:18,10.35,100,40850
20240209,10:53:44,10.4,400,40850
20240209,10:54:27,10.2,400,40850
20240209,10:54:38,10.25,50,40850
20240209,10:54:43,10.25,800,40850
20240209,10:55:11,10.4,50,40850
20240209,10:55:50,10.45,200,42600
20240209,10:55:57,10.5,100,42600
20240209,10:56:03,10.8,350,42600
20240209,10:56:32,10.6,50,42600
20240209,10:57:35,10.5,250,42600
20240209,10:58:03,10.5,50,42600
20240209,10:58:26,10.25,100,42600
20240209,10:58:38,10.1,450,42750
20240209,10:59:00,10.05,50,42750
20240209,10:59:11,10.05,50,42750
20240209,10:59:17,10.15,600,42750
20240209,10:59:28,10.25,50,42750
20240209,10:59:45,10.25,50,42750
20240209,11:00:48,10.3,50,42750
20240209,11:00:54,10.25,200,42750
20240209,11:01:48,10.4,50,42750
20240209,11:02:14,10.5,100,42750
20240209,11:02:30,10.6,250,42750
20240209,11:02:50,10.6,50,42750
20240209,11:03:06,10.8,300,42750
20240209,11:03:13,10.65,500,42750
20240209,11:03:18,10.65,100,42750
20240209,11:03:40,10.7,100,42750
20240209,11:04:12,10.9,100,42750
20240209,11:04:19,11.0,150,42750
20240209,11:04:25,11.05,100,42750
20240209,11:04:40,11.2,650,43500
20240209,11:04:45,11.3,250,43500
20240209,11:05:03,12.05,50,43500
20240209,11:05:30,12.5,1000,43500
20240209,11:05:36,12.5,100,43500
20240209,11:06:11,12.3,50,43500
20240209,11:06:17,12.5,100,43500
20240209,11:06:29,12.7,200,43500
20240209,11:07:11,12.45,100,43500
20240209,11:07:17,12.35,100,43500
20240209,11:07:22,12.4,50,43500
20240209,11:07:34,12.45,50,43500
20240209,11:07:39,12.45,50,43450
20240209,11:07:48,12.45,50,43450
20240209,11:08:05,12.3,250,43450
20240209,11:08:12,12.05,100,43450
20240209,11:08:29,11.85,50,43450
20240209,11:08:35,11.3,200,43450
20240209,11:08:53,11.2,100,43450
20240209,11:08:58,11.3,50,43450
20240209,11:09:11,10.95,50,43450
20240209,11:09:23,11.15,50,43450
20240209,11:11:26,10.6,200,43600
20240209,11:11:38,10.35,100,43600
20240209,11:11:45,10.0,100,43600
20240209,11:11:52,9.9,150,43600
20240209,11:12:09,10.05,100,43600
20240209,11:12:20,9.85,600,43600
20240209,11:12:25,10.1,100,43600
20240209,11:12:58,10.2,50,43600
20240209,11:13:10,10.3,250,43600
20240209,11:13:28,10.5,50,43600
20240209,11:14:01,10.45,100,44100
20240209,11:14:07,10.2,150,44100
20240209,11:14:53,9.85,500,44100
20240209,11:15:50,9.65,100,44100
20240209,11:15:55,9.8,50,44100
20240209,11:16:00,9.8,50,44100
20240209,11:16:43,10.4,550,44600
20240209,11:16:53,10.5,350,44600
20240209,11:17:29,10.65,50,44600
20240209,11:17:34,10.65,50,44600
20240209,11:17:52,10.7,300,44600
20240209,11:18:30,10.55,50,44600
20240209,11:18:35,10.7,50,44600
20240209,11:18:39,10.5,650,44600
20240209,11:18:48,10.65,50,44600
20240209,11:19:05,10.55,50,44600
20240209,11:19:14,10.6,50,44600
20240209,11:19:23,10.5,50,44600
20240209,11:20:16,10.75,50,44750
20240209,11:20:32,11.05,100,44750
20240209,11:20:36,11.0,100,44750
20240209,11:20:59,11.4,50,44750
20240209,11:21:03,11.35,50,44750
20240209,11:21:23,11.7,50,44750
20240209,11:21:28,11.85,1100,44750
20240209,11:21:33,11.75,1150,44750
20240209,11:21:50,11.7,700,44750
20240209,11:22:01,11.45,50,44750
20240209,11:22:11,11.65,50,44750
20240209,11:22:24,11.6,500,44750
20240209,11:22:44,11.35,250,45650
20240209,11:23:17,11.55,50,45650
20240209,11:23:21,11.6,350,45650
20240209,11:24:18,12.0,150,45650
20240209,11:25:04,11.85,100,45650
20240209,11:25:13,11.95,100,45650
20240209,11:25:30,11.85,400,45650
20240209,11:25:39,12.0,150,46300
20240209,11:25:52,11.8,50,46300
20240209,11:26:09,11.85,100,46300
20240209,11:26:17,12.05,550,46300
20240209,11:27:13,12.3,450,46300
20240209,11:27:27,12.5,500,46300
20240209,11:27:59,12.2,1800,46300
20240209,11:28:10,12.15,800,46300
20240209,11:28:59,11.85,500,47800
20240209,11:29:13,11.5,50,47800
20240209,11:29:22,11.35,200,47800
20240209,11:30:10,10.95,150,47800
20240209,11:30:16,10.9,100,47800
20240209,11:30:21,10.85,200,47800
20240209,11:31:05,10.7,50,47800
20240209,11:31:09,10.65,250,47800
20240209,11:31:13,10.7,250,47800
20240209,11:31:45,11.1,150,47550
20240209,11:31:54,10.95,50,47550
20240209,11:31:58,10.95,50,47550
20240209,11:32:06,10.9,50,47550
20240209,11:32:09,11.0,100,47550
20240209,11:32:51,11.3,1000,47550
20240209,11:33:19,11.05,200,47550
20240209,11:33:26,11.0,100,47550
20240209,11:33:29,10.95,50,47550
20240209,11:33:36,11.1,1000,47550
20240209,11:34:04,10.85,50,47550
20240209,11:34:56,10.7,50,47550
20240209,11:35:07,10.7,100,47550
20240209,11:35:17,10.6,250,47550
20240209,11:35:29,10.5,50,47550
20240209,11:35:58,10.55,400,47550
20240209,11:36:08,10.35,50,47550
20240209,11:36:32,10.2,100,47550
20240209,11:36:38,10.25,50,47550
20240209,11:37:06,10.2,100,47550
20240209,11:37:35,10.2,100,47550
20240209,11:37:55,10.15,550,47400
20240209,11:38:00,10.3,100,47400
20240209,11:38:06,10.05,600,47400
20240209,11:38:13,9.95,150,47400
20240209,11:38:20,9.9,100,47400
20240209,11:38:27,9.8,550,47400
20240209,11:38:35,9.6,300,47400
20240209,11:38:44,9.15,1350,47400
20240209,11:38:51,9.4,50,47400
20240209,11:39:17,9.4,150,47400
20240209,11:39:25,9.4,100,47400
20240209,11:39:33,9.5,1000,47400
20240209,11:41:01,9.15,100,47400
20240209,11:41:10,9.0,150,48850
20240209,11:41:19,8.8,50,48850
20240209,11:41:28,8.7,50,48850
20240209,11:41:38,8.9,50,48850
20240209,11:42:03,8.9,300,48850
20240209,11:42:11,8.95,50,48850
20240209,11:42:20,8.95,50,48850
20240209,11:42:29,8.8,1000,48850
20240209,11:43:37,9.0,150,48850
20240209,11:43:45,9.1,650,48750
20240209,11:43:53,9.2,50,48750
20240209,11:44:01,9.3,250,48750
20240209,11:45:28,9.4,100,48750
20240209,11:46:15,9.7,1000,48750
20240209,11:46:54,9.55,200,49600
20240209,11:47:38,9.6,150,49600
20240209,11:48:16,9.5,150,49600
20240209,11:48:32,9.4,650,49600
20240209,11:48:40,9.35,1050,49600
20240209,11:48:48,9.5,200,49600
20240209,11:49:03,9.35,100,49600
20240209,11:49:19,9.4,50,49600
20240209,11:49:51,9.4,100,49000
20240209,11:50:30,9.4,50,49000
20240209,11:50:38,9.3,250,49000
20240209,11:50:45,9.3,50,49000
20240209,11:51:00,9.3,100,49000
20240209,11:54:20,9.3,50,48800
20240209,11:56:51,9.75,50,48800
20240209,11:57:11,9.75,50,48800
20240209,12:01:29,9.4,50,48800
20240209,12:01:52,9.15,250,48900
20240209,12:02:30,9.0,200,48900
20240209,12:03:14,9.15,100,48900
20240209,12:05:15,9.15,100,48800
20240209,12:07:18,9.4,100,48800
20240209,12:07:40,9.4,150,48800
20240209,12:07:54,9.65,1200,48800
20240209,12:08:49,9.35,50,48800
20240209,12:09:24,9.3,50,48800
20240209,12:09:32,9.25,50,48800
20240209,12:12:36,9.2,50,48950
20240209,12:13:02,9.45,100,48950
20240209,12:18:12,9.4,50,49050
20240209,12:18:43,9.2,200,49050
20240209,12:18:57,9.2,300,49050
20240209,12:19:13,9.1,100,49050
20240209,12:19:36,9.0,200,49050
20240209,12:20:06,8.95,50,49000
20240209,12:20:41,8.9,100,49000
20240209,12:20:56,9.0,50,49000
20240209,12:21:01,9.15,150,49000
20240209,12:21:59,9.15,50,49000
20240209,12:23:19,9.25,100,49100
20240209,12:23:27,8.95,4100,49100
20240209,12:23:35,8.95,50,49100
20240209,12:23:44,8.85,150,49100
20240209,12:24:40,8.9,50,49100
20240209,12:24:48,8.85,100,49100
20240209,12:24:56,9.05,100,49100
20240209,12:25:44,9.05,50,49100
20240209,12:26:01,9.05,50,52900
20240209,12:28:23,8.85,100,52900
20240209,12:28:30,9.05,150,52900
20240209,12:30:10,8.6,150,53000
20240209,12:30:55,8.6,50,53000
20240209,12:31:12,8.35,50,53000
20240209,12:31:45,8.65,100,52950
20240209,12:34:04,8.25,100,52950
20240209,12:34:45,8.3,50,52950
20240209,12:38:24,8.75,50,52950
20240209,12:40:13,8.75,50,52950
20240209,12:40:59,8.85,100,52950
20240209,12:42:01,8.75,50,52950
20240209,12:44:18,8.75,200,53050
20240209,12:44:23,8.65,200,53050
20240209,12:45:44,8.5,50,53050
20240209,12:45:49,8.45,50,53050
20240209,12:46:15,8.4,100,53050
20240209,12:46:35,8.3,50,53050
20240209,12:47:15,8.6,150,52950
20240209,12:48:30,8.55,50,52950
20240209,12:49:32,8.35,50,52950
20240209,12:49:48,8.65,650,52950
20240209,12:50:14,8.7,200,53150
20240209,12:50:41,8.7,150,53150
20240209,12:50:46,8.65,50,53150
20240209,12:51:22,8.85,100,53150
20240209,12:51:39,8.6,250,53150
20240209,12:51:52,8.7,200,53150
20240209,12:52:21,8.65,50,53150
20240209,12:52:26,8.55,150,53150
20240209,12:52:53,8.65,100,53050
20240209,12:53:04,8.6,750,53050
20240209,12:53:56,8.75,100,53050
20240209,12:54:17,8.65,100,53050
20240209,12:54:44,8.65,250,53050
20240209,12:54:54,8.65,100,53050
20240209,12:56:17,8.95,100,53050
20240209,12:56:38,9.05,150,53050
20240209,12:57:09,9.05,100,53050
20240209,12:57:43,8.95,150,53050
20240209,13:00:16,8.15,1000,53050
20240209,13:01:24,8.5,50,53050
20240209,13:05:16,8.15,300,54050
20240209,13:06:26,8.15,600,54050
20240209,13:06:31,8.4,100,54050
20240209,13:06:45,8.3,200,54050
20240209,13:07:11,8.3,250,54050
20240209,13:07:15,8.35,50,54050
20240209,13:08:33,8.35,50,54050
20240209,13:09:06,8.45,50,54050
20240209,13:09:16,8.35,600,54050
20240209,13:09:22,8.45,100,54050
20240209,13:09:32,8.5,150,54050
20240209,13:09:43,8.4,50,54050
20240209,13:13:26,8.25,250,54150
20240209,13:14:33,8.05,50,54050
20240209,13:14:59,8.05,150,54050
20240209,13:15:13,8.05,50,54050
20240209,13:16:10,8.05,50,54050
20240209,13:16:19,8.0,300,54050
20240209,13:17:23,8.05,100,54100
20240209,13:17:32,8.2,350,54100
20240209,13:19:50,8.25,50,54100
20240209,13:20:20,8.2,200,54150
20240209,13:21:13,8.1,150,54150
20240209,13:22:49,8.25,200,54150
20240209,13:23:51,8.3,50,54250
20240209,13:27:22,8.0,200,54250
20240209,13:27:51,7.8,150,54250
20240209,13:32:32,8.05,250,54250
20240209,13:32:36,8.05,50,54250
20240209,13:32:45,8.05,50,54250
20240209,13:34:19,8.2,150,54250
20240209,13:35:23,8.25,50,54300
20240209,13:35:30,8.2,100,54300
20240209,13:35:42,8.35,100,54300
20240209,13:35:48,8.3,50,54300
20240209,13:36:15,8.45,100,54300
20240209,13:36:28,8.05,1000,54300
20240209,13:36:55,8.05,950,54300
20240209,13:37:14,8.3,150,54300
20240209,13:37:41,8.4,150,54300
20240209,13:38:00,8.4,50,54300
20240209,13:38:05,8.4,100,54300
20240209,13:38:30,8.35,100,54300
20240209,13:39:04,8.5,300,54300
20240209,13:39:10,8.5,100,54300
20240209,13:39:20,8.35,50,54300
20240209,13:39:49,8.5,100,54300
20240209,13:40:13,8.35,50,54300
20240209,13:42:02,8.55,100,54300
20240209,13:43:05,8.4,50,54300
20240209,13:43:17,8.15,100,54300
20240209,13:43:29,8.0,50,54300
20240209,13:43:33,8.15,100,54300
20240209,13:43:38,8.15,600,54300
20240209,13:43:48,8.0,350,54300
20240209,13:43:54,8.0,50,54300
20240209,13:44:47,8.0,350,54250
20240209,13:44:52,8.0,650,54250
20240209,13:45:11,7.85,500,54250
20240209,13:45:16,7.8,500,54250
20240209,13:45:20,7.8,100,54250
20240209,13:45:25,7.75,50,54250
20240209,13:45:54,7.7,200,54250
20240209,13:46:32,7.7,150,54250
20240209,13:47:09,7.8,250,53350
20240209,13:47:43,7.9,250,53350
20240209,13:48:05,7.95,100,53350
20240209,13:48:56,7.85,100,53350
20240209,13:49:41,7.9,150,53350
20240209,13:49:45,7.9,50,53350
20240209,13:52:58,7.9,100,53450
20240209,13:53:03,7.95,50,53450
20240209,13:57:37,7.7,200,53450
20240209,13:57:42,7.6,100,53450
20240209,13:57:51,7.6,100,53450
20240209,13:57:56,7.6,100,53450
20240209,13:58:02,7.6,100,53450
20240209,13:58:06,7.6,100,53450
20240209,13:58:13,7.55,150,53450
20240209,13:58:29,7.5,100,53450
20240209,14:05:06,7.35,200,53950
20240209,14:05:10,7.35,250,53950
20240209,14:05:15,7.35,250,53950
20240209,14:05:22,7.3,200,53950
20240209,14:07:41,7.25,50,53950
20240209,14:08:30,7.15,150,53950
20240209,14:08:46,7.25,250,53950
20240209,14:08:53,7.25,250,53950
20240209,14:09:02,7.25,50,53950
20240209,14:09:36,7.25,500,53950
20240209,14:12:38,7.1,100,53450
20240209,14:12:51,7.05,200,53450
20240209,14:12:57,7.0,450,53450
20240209,14:13:10,7.0,500,53450
20240209,14:13:22,7.0,250,53450
20240209,14:13:29,7.0,200,53450
20240209,14:15:18,6.6,900,52700
20240209,14:15:37,6.6,50,52700
20240209,14:16:23,6.95,50,52700
20240209,14:16:44,6.95,50,52700
20240209,14:16:53,7.05,250,52700
20240209,14:17:02,6.9,100,52700
20240209,14:17:29,6.85,100,52600
20240209,14:17:43,6.95,300,52600
20240209,14:17:47,6.95,250,52600
20240209,14:18:22,7.0,300,52600
20240209,14:18:35,6.9,250,52600
20240209,14:19:15,6.7,300,52600
20240209,14:20:30,6.75,300,52400
20240209,14:20:36,6.8,350,52400
20240209,14:20:43,6.7,550,52400
20240209,14:20:49,6.95,700,52400
20240209,14:20:54,6.8,1700,52400
20240209,14:21:00,6.8,50,52400
20240209,14:21:06,7.0,1400,52400
20240209,14:21:44,6.9,900,52400
20240209,14:21:49,6.85,400,52400
20240209,14:22:01,6.95,400,52400
20240209,14:22:06,7.1,600,52400
20240209,14:22:11,7.1,250,52400
20240209,14:22:24,7.05,550,52400
20240209,14:22:30,7.1,250,52400
20240209,14:22:41,6.95,600,52400
20240209,14:23:03,7.05,450,52700
20240209,14:23:21,7.05,50,52700
20240209,14:23:27,7.0,400,52700
20240209,14:23:50,7.0,100,52700
20240209,14:25:27,7.1,300,52700
20240209,14:25:58,7.05,200,52700
20240209,14:26:24,7.0,500,53050
20240209,14:26:34,7.05,100,53050
20240209,14:26:56,7.15,100,53050
20240209,14:27:03,7.25,700,53050
20240209,14:27:09,7.3,250,53050
20240209,14:27:36,7.4,550,53050
20240209,14:27:44,7.4,300,53050
20240209,14:28:07,7.25,850,53050
20240209,14:28:18,7.15,100,53050
20240209,14:28:37,7.1,100,53050
20240209,14:28:43,7.1,400,53050
20240209,14:29:06,7.2,50,53350
20240209,14:31:53,6.85,100,53350
20240209,14:32:00,6.8,300,53350
20240209,14:32:07,6.85,100,53000
20240209,14:32:19,6.75,200,53000
20240209,14:33:25,6.6,150,53000
20240209,14:33:33,6.75,600,53000
20240209,14:34:04,6.6,250,53000
20240209,14:34:10,6.65,100,53000
20240209,14:34:32,6.75,50,53000
20240209,14:35:04,6.8,300,53350
20240209,14:36:02,6.9,50,53350
20240209,14:37:55,6.7,50,53350
20240209,14:38:10,6.75,150,53550
20240209,14:38:16,6.7,450,53550
20240209,14:38:23,6.6,50,53550
20240209,14:38:35,6.6,250,53550
20240209,14:40:03,6.45,250,53550
20240209,14:41:14,6.4,650,53500
20240209,14:41:23,6.45,50,53500
20240209,14:42:39,6.4,150,53500
20240209,14:42:46,6.4,350,53500
20240209,14:44:17,6.4,100,53900
20240209,14:45:39,6.45,250,53900
20240209,14:45:46,6.45,50,53900
20240209,14:46:09,6.4,100,53900
20240209,14:46:23,6.3,100,53900
20240209,14:47:05,6.3,50,53900
20240209,14:48:04,6.35,100,54000
20240209,14:48:16,6.25,50,54000
20240209,14:49:10,6.25,50,54000
20240209,14:50:26,6.4,50,54000
20240209,14:52:34,6.4,50,54000
20240209,14:52:53,6.4,250,54000
20240209,14:56:39,6.35,50,54150
20240209,14:57:41,6.4,250,54150
20240209,14:57:50,6.45,50,54150
20240209,14:58:41,6.6,250,54150
20240209,15:00:08,6.75,100,54500
20240209,15:01:37,6.6,100,54500
20240209,15:03:15,6.4,400,54600
20240209,15:03:48,6.55,150,54600
20240209,15:04:01,6.3,150,54600
20240209,15:04:34,6.1,550,54600
20240209,15:04:46,6.0,150,54600
20240209,15:06:05,6.0,600,54900
20240209,15:06:59,6.3,50,54900
20240209,15:07:11,6.35,50,54900
20240209,15:07:39,6.3,50,54900
20240209,15:07:55,6.25,350,54900
20240209,15:08:08,6.25,500,54900
20240209,15:08:15,6.25,850,55350
20240209,15:08:22,6.25,50,55350
20240209,15:08:29,6.3,200,55350
20240209,15:08:36,6.15,50,55350
20240209,15:09:18,6.0,250,55350
20240209,15:09:46,6.05,250,55350
20240209,15:10:12,6.05,350,55350
20240209,15:10:42,6.1,50,55350
20240209,15:10:50,6.05,200,55350
20240209,15:11:08,6.1,100,55350
20240209,15:11:25,6.15,700,53850
20240209,15:13:04,6.0,150,53850
20240209,15:13:11,6.0,50,53850
20240209,15:13:39,5.8,500,53850
20240209,15:14:41,5.75,500,54350
20240209,15:15:12,5.75,1900,54350
20240209,15:15:18,6.0,50,54350
20240209,15:15:43,5.95,150,54350
20240209,15:16:09,5.8,500,54350
20240209,15:16:44,5.85,500,54350
20240209,15:17:21,6.0,150,57650
20240209,15:17:27,6.0,100,57650
20240209,15:17:32,6.0,100,57650
20240209,15:19:11,5.9,250,57650
20240209,15:19:16,5.95,100,57650
20240209,15:19:21,5.9,100,57650
20240209,15:20:02,5.85,200,57650
20240209,15:20:25,5.9,150,57950
20240209,15:22:23,5.9,1000,57950
20240209,15:22:28,5.9,50,57950
20240209,15:24:00,5.9,450,57950
20240209,15:24:05,6.0,950,57950
20240209,15:24:11,6.0,850,57950
20240209,15:24:33,5.85,50,57950
20240209,15:25:23,5.85,400,57950
20240209,15:26:16,5.7,100,58450
20240209,15:26:43,5.7,350,58450
20240209,15:27:41,5.6,100,58450
20240209,15:27:48,5.55,150,58450
20240209,15:28:08,5.55,350,58450
20240209,15:29:16,5.5,100,58100
20240209,15:29:23,5.5,50,58100
20240209,15:29:46,5.8,50,58100
20240212,09:15:08,6.0,1,58100
20240212,09:15:08,6.0,100,58100
20240212,09:15:27,5.55,100,58100
20240212,09:15:35,5.0,150,58200
20240212,09:16:52,6.15,150,58200
20240212,09:17:06,6.3,50,58200
20240212,09:17:45,6.3,100,58200
20240212,09:18:38,5.75,1000,58100
20240212,09:19:13,5.7,50,58100
20240212,09:19:21,5.5,100,58100
20240212,09:20:08,5.5,300,58100
20240212,09:20:14,5.5,250,58100
20240212,09:20:45,5.5,450,58100
20240212,09:21:09,5.5,800,58100
20240212,09:21:37,5.7,400,60900
20240212,09:21:42,5.5,250,60900
20240212,09:21:55,5.5,250,60900
20240212,09:22:00,5.6,150,60900
20240212,09:22:11,5.5,100,60900
20240212,09:22:31,5.65,250,60900
20240212,09:22:36,5.7,50,60900
20240212,09:23:18,5.7,250,60900
20240212,09:25:38,5.95,150,61500
20240212,09:25:47,5.95,50,61500
20240212,09:25:56,5.95,300,61500
20240212,09:26:14,5.95,200,61500
20240212,09:26:41,6.05,50,61500
20240212,09:27:17,5.9,200,61500
20240212,09:29:18,5.85,400,61800
20240212,09:29:29,5.75,50,61800
20240212,09:30:07,5.65,50,61800
20240212,09:31:25,5.65,100,61850
20240212,09:33:39,5.65,150,61950
20240212,09:33:59,5.65,150,61950
20240212,09:34:09,5.65,50,61950
20240212,09:36:17,5.55,50,61950
20240212,09:37:07,5.45,50,62200
20240212,09:38:11,5.6,500,62200
20240212,09:38:20,5.6,100,62200
20240212,09:38:51,5.6,150,62200
20240212,09:39:15,5.65,100,62200
20240212,09:39:23,5.7,100,62200
20240212,09:39:33,5.7,300,62200
20240212,09:40:01,5.7,50,61850
20240212,09:40:23,5.75,50,61850
20240212,09:40:46,6.0,200,61850
20240212,09:41:39,5.85,600,61850
20240212,09:42:43,6.0,50,62000
20240212,09:42:52,6.3,1000,62000
20240212,09:43:39,6.15,1150,62000
20240212,09:43:48,6.35,950,62000
20240212,09:44:19,6.35,50,62000
20240212,09:44:30,6.05,400,62000
20240212,09:45:18,6.2,100,62000
20240212,09:45:38,6.3,100,62900
20240212,09:47:03,6.35,250,62900
20240212,09:47:33,6.5,850,62900
20240212,09:47:52,6.5,150,62900
20240212,09:48:44,6.3,250,62450
20240212,09:54:46,5.9,250,62200
20240212,09:55:23,6.0,150,62200
20240212,09:57:06,5.95,350,62200
20240212,10:00:11,6.05,50,62300
20240212,10:00:35,6.1,100,62300
20240212,10:00:43,6.1,400,62300
20240212,10:02:26,6.25,250,62300
20240212,10:02:32,6.1,350,62300
20240212,10:02:44,6.15,50,62300
20240212,10:02:49,6.1,150,62300
20240212,10:02:54,6.1,50,62300
20240212,10:03:43,5.95,50,62300
20240212,10:04:32,5.9,300,62300
20240212,10:04:57,5.9,50,62300
20240212,10:05:24,5.8,250,62300
20240212,10:05:31,5.95,1750,62300
20240212,10:05:38,5.7,100,62300
20240212,10:05:55,5.75,2150,62300
20240212,10:06:08,5.85,1000,62300
20240212,10:06:19,5.95,1000,62300
20240212,10:06:47,6.0,1600,63850
20240212,10:07:00,5.95,800,63850
20240212,10:07:06,6.0,750,63850
20240212,10:08:01,6.0,750,63850
20240212,10:08:20,6.1,100,63850
20240212,10:08:37,6.05,300,63850
20240212,10:09:20,6.1,200,63850
20240212,10:09:40,6.25,200,63850
20240212,10:10:12,6.35,50,63000
20240212,10:10:49,6.3,300,63000
20240212,10:11:21,6.45,50,63000
20240212,10:11:34,6.5,100,63000
20240212,10:11:54,6.45,1250,63000
20240212,10:12:01,6.4,1000,63000
20240212,10:12:08,6.2,200,63000
20240212,10:12:20,6.15,50,63000
20240212,10:13:20,6.05,2100,64800
20240212,10:13:26,6.05,750,64800
20240212,10:14:33,6.05,50,64800
20240212,10:15:14,6.2,200,64800
20240212,10:15:21,6.3,800,64800
20240212,10:15:34,6.35,50,64800
20240212,10:15:51,6.3,50,64800
20240212,10:16:04,6.25,100,67350
20240212,10:16:17,6.15,550,67350
20240212,10:16:24,6.15,200,67350
20240212,10:17:02,6.05,100,67350
20240212,10:17:52,6.0,100,67350
20240212,10:18:32,6.05,50,67350
20240212,10:19:14,6.2,50,66700
20240212,10:19:33,6.25,50,66700
20240212,10:19:37,6.2,150,66700
20240212,10:20:29,6.2,50,66700
20240212,10:20:34,6.2,100,66700
20240212,10:20:38,6.3,50,66700
20240212,10:21:17,6.3,100,66700
20240212,10:21:38,6.25,100,66700
20240212,10:22:42,6.3,50,66450
20240212,10:23:25,6.5,100,66450
20240212,10:24:15,6.55,150,66450
20240212,10:24:31,6.55,100,66450
20240212,10:25:24,6.55,50,66300
20240212,10:25:31,6.45,50,66300
20240212,10:25:39,6.35,50,66300
20240212,10:26:05,6.35,50,66300
20240212,10:26:38,6.45,450,66300
20240212,10:27:28,6.65,50,66300
20240212,10:28:02,6.65,50,65900
20240212,10:28:18,6.75,50,65900
20240212,10:28:48,6.75,50,65900
20240212,10:30:12,6.4,150,65900
20240212,10:31:05,6.35,100,65900
20240212,10:32:00,6.35,100,65900
20240212,10:32:23,6.5,150,65900
20240212,10:32:38,6.45,500,65900
20240212,10:32:54,6.45,50,65900
20240212,10:33:09,6.4,1500,65900
20240212,10:33:17,6.4,500,65900
20240212,10:33:31,6.4,300,65900
20240212,10:33:45,6.4,800,66750
20240212,10:33:53,6.35,50,66750
20240212,10:34:01,6.3,250,66750
20240212,10:34:22,6.35,50,66750
20240212,10:35:10,6.35,250,66750
20240212,10:35:28,6.35,50,66750
20240212,10:36:08,6.3,150,66750
20240212,10:36:48,6.4,700,66650
20240212,10:37:02,6.35,50,66650
20240212,10:37:17,6.4,50,66650
20240212,10:38:12,6.15,200,66650
20240212,10:38:21,6.2,250,66650
20240212,10:39:30,6.15,200,66650
20240212,10:41:19,6.25,100,67650
20240212,10:42:22,6.25,50,67650
20240212,10:42:37,6.2,150,67650
20240212,10:42:44,6.1,450,67650
20240212,10:42:59,6.25,450,67650
20240212,10:44:41,6.05,100,67650
20240212,10:45:12,6.0,1800,67650
20240212,10:45:24,6.1,1450,67650
20240212,10:45:55,6.1,250,67650
20240212,10:47:14,6.15,150,69000
20240212,10:48:20,6.15,200,69000
20240212,10:49:20,6.3,50,69150
20240212,10:50:04,6.45,150,69150
20240212,10:50:10,6.45,450,69150
20240212,10:50:46,6.55,50,69150
20240212,10:51:09,6.55,450,69150
20240212,10:51:56,6.45,1400,69850
20240212,10:52:09,6.4,100,69850
20240212,10:52:22,6.35,200,69850
20240212,10:52:44,6.3,2500,69850
20240212,10:52:59,6.35,550,69850
20240212,10:53:04,6.3,900,69850
20240212,10:54:42,6.25,150,69850
20240212,10:55:05,6.2,300,74050
20240212,10:55:13,6.2,300,74050
20240212,10:55:35,6.2,600,74050
20240212,10:56:00,6.2,300,74050
20240212,10:56:29,6.2,300,74050
20240212,10:56:57,6.2,150,74050
20240212,10:59:05,6.05,150,74050
20240212,10:59:23,6.1,50,74050
20240212,10:59:31,6.05,1900,74050
20240212,10:59:47,6.1,200,74050
20240212,11:01:38,5.95,50,75750
20240212,11:01:46,5.95,150,75750
20240212,11:02:09,5.65,400,75750
20240212,11:03:17,5.8,500,75750
20240212,11:03:51,5.7,100,75700
20240212,11:03:59,5.8,200,75700
20240212,11:04:37,5.8,450,75700
20240212,11:04:51,5.85,200,75700
20240212,11:06:32,5.95,300,75700
20240212,11:06:40,6.0,50,75700
20240212,11:07:33,6.05,50,75600
20240212,11:08:24,5.8,50,75600
20240212,11:09:27,5.75,600,75600
20240212,11:09:38,5.7,550,75600
20240212,11:09:55,5.7,100,75650
20240212,11:10:12,5.55,350,75650
20240212,11:10:22,5.55,100,75650
20240212,11:10:30,5.65,200,75650
20240212,11:11:14,5.75,50,75650
20240212,11:11:23,5.7,350,75650
20240212,11:11:31,5.5,600,75650
20240212,11:11:53,5.5,500,75650
20240212,11:12:38,5.6,100,75650
20240212,11:14:04,5.7,1750,76100
20240212,11:14:15,5.7,300,76100
20240212,11:14:20,5.75,5600,76100
20240212,11:14:25,5.65,600,76100
20240212,11:14:33,5.55,900,76100
20240212,11:14:56,5.5,1000,76100
20240212,11:15:41,5.55,50,76100
20240212,11:16:11,5.55,100,77600
20240212,11:16:25,5.5,100,77600
20240212,11:17:08,5.45,500,77600
20240212,11:17:16,5.45,450,77600
20240212,11:18:14,5.55,500,77600
20240212,11:18:53,5.55,3050,77700
20240212,11:21:19,5.55,200,77700
20240212,11:21:31,5.65,800,77700
20240212,11:21:55,5.55,50,78650
20240212,11:22:07,5.7,1250,78650
20240212,11:22:12,5.7,1000,78650
20240212,11:22:22,5.6,100,78650
20240212,11:22:34,5.75,600,78650
20240212,11:22:54,5.7,150,78650
20240212,11:23:05,5.75,100,78650
20240212,11:23:10,5.7,50,78650
20240212,11:23:31,5.6,600,78650
20240212,11:24:35,5.65,200,78650
20240212,11:25:07,5.6,100,80400
20240212,11:25:54,5.6,500,80400
20240212,11:26:14,5.65,200,80400
20240212,11:26:54,5.8,1150,80400
20240212,11:26:59,5.9,900,80400
20240212,11:27:44,5.8,50,80400
20240212,11:28:07,5.85,3000,82400
20240212,11:28:24,5.8,200,82400
20240212,11:28:37,5.75,250,82400
20240212,11:28:44,5.8,50,82400
20240212,11:28:51,5.8,200,82400
20240212,11:29:03,5.8,200,82400
20240212,11:29:20,5.8,350,82400
20240212,11:30:05,5.9,200,82400
20240212,11:30:10,5.85,200,82400
20240212,11:30:21,5.8,250,82400
20240212,11:31:05,5.8,250,84850
20240212,11:32:00,5.75,1800,84850
20240212,11:32:23,5.7,1800,84850
20240212,11:32:46,5.7,1950,84850
20240212,11:32:51,5.7,100,84850
20240212,11:32:56,5.6,1000,84850
20240212,11:33:00,5.7,50,84850
20240212,11:33:17,5.7,250,84850
20240212,11:33:38,5.65,850,84850
20240212,11:33:43,5.65,950,84850
20240212,11:34:41,5.7,50,86450
20240212,11:36:06,5.65,350,86450
20240212,11:36:59,5.7,250,86300
20240212,11:37:53,5.8,50,86300
20240212,11:42:47,5.75,1500,86250
20240212,11:43:21,5.75,250,87750
20240212,11:43:53,5.75,250,87750
20240212,11:44:24,5.8,100,87750
20240212,11:44:38,5.7,2600,87750
20240212,11:45:15,5.7,1200,87750
20240212,11:45:20,5.8,50,87750
20240212,11:45:31,5.8,250,87750
20240212,11:46:15,5.8,50,91450
20240212,11:46:22,5.8,250,91450
20240212,11:46:30,5.75,450,91450
20240212,11:47:01,5.8,150,91450
20240212,11:47:21,5.95,100,91450
20240212,11:47:28,6.0,100,91450
20240212,11:47:35,6.15,200,91450
20240212,11:48:12,6.15,950,91450
20240212,11:48:34,6.05,200,91450
20240212,11:49:17,6.0,450,92750
20240212,11:50:21,5.95,400,92750
20240212,11:50:28,6.0,100,92750
20240212,11:51:10,6.1,50,92750
20240212,11:52:52,6.2,250,93000
20240212,11:54:21,6.0,600,93000
20240212,11:57:01,5.95,50,93600
20240212,11:57:09,6.0,50,93600
20240212,11:57:35,6.0,50,93600
20240212,11:59:37,5.85,50,93500
20240212,11:59:59,5.8,50,93500
20240212,12:00:29,5.85,250,93500
20240212,12:01:23,5.9,100,93450
20240212,12:01:33,5.85,50,93450
20240212,12:01:44,5.9,1250,93450
20240212,12:02:06,5.9,550,93450
20240212,12:04:06,6.25,50,91650
20240212,12:04:15,6.25,100,91650
20240212,12:04:32,6.2,50,91650
20240212,12:04:41,6.3,100,91650
20240212,12:04:50,6.25,150,91650
20240212,12:04:59,6.3,200,91650
20240212,12:05:09,6.3,400,91650
20240212,12:05:18,6.5,1150,91650
20240212,12:05:27,6.5,500,91650
20240212,12:05:56,6.6,200,91650
20240212,12:06:23,6.55,1000,91650
20240212,12:06:31,6.7,100,91650
20240212,12:06:40,6.55,100,91650
20240212,12:06:58,6.55,600,93850
20240212,12:07:06,6.4,750,93850
20240212,12:07:49,6.6,50,93850
20240212,12:08:08,6.85,350,93850
20240212,12:08:17,6.85,1800,93850
20240212,12:08:34,7.05,1200,93850
20240212,12:08:52,7.2,1050,93850
20240212,12:09:00,7.3,50,93850
20240212,12:09:08,7.3,300,93850
20240212,12:09:12,7.4,50,93850
20240212,12:09:41,7.5,50,93850
20240212,12:09:59,7.5,950,99000
20240212,12:10:04,7.0,1800,99000
20240212,12:10:05,7.0,600,99000
20240212,12:10:09,6.85,100,99000
20240212,12:10:16,7.0,550,99000
20240212,12:10:22,7.0,300,99000
20240212,12:10:39,6.65,350,99000
20240212,12:11:05,6.65,50,99000
20240212,12:11:43,6.95,1800,99000
20240212,12:12:02,7.0,350,99000
20240212,12:12:10,7.15,350,99000
20240212,12:12:17,7.25,300,99000
20240212,12:12:24,7.25,1000,99000
20240212,12:12:58,7.25,100,100350
20240212,12:13:10,7.2,600,100350
20240212,12:13:23,7.25,50,100350
20240212,12:13:29,7.2,5500,100350
20240212,12:13:36,7.2,250,100350
20240212,12:13:47,7.3,500,100350
20240212,12:13:53,7.15,600,100350
20240212,12:14:04,7.15,350,100350
20240212,12:14:42,7.15,250,100350
20240212,12:15:04,7.1,50,100350
20240212,12:15:15,7.0,150,100350
20240212,12:15:35,6.9,150,100350
20240212,12:15:41,7.0,900,100350
20240212,12:15:53,7.05,850,100350
20240212,12:15:59,7.05,850,102850
20240212,12:16:05,6.95,2750,102850
20240212,12:16:12,7.1,250,102850
20240212,12:16:19,7.05,650,102850
20240212,12:16:25,7.0,3100,102850
20240212,12:16:32,6.95,900,102850
20240212,12:16:44,7.05,450,102850
20240212,12:16:50,7.0,1550,102850
20240212,12:16:56,7.0,500,102850
20240212,12:17:02,6.95,350,102850
20240212,12:17:09,6.9,800,102850
20240212,12:17:15,6.8,50,102850
20240212,12:17:27,6.9,500,102850
20240212,12:17:32,6.9,1200,102850
20240212,12:18:31,6.65,50,102850
20240212,12:18:37,6.65,50,102850
20240212,12:18:49,6.7,50,102850
20240212,12:18:55,6.65,200,102850
20240212,12:19:01,6.75,50,100250
20240212,12:20:01,6.6,500,100250
20240212,12:20:07,6.5,350,100250
20240212,12:20:14,6.45,250,100250
20240212,12:20:41,6.45,650,100250
20240212,12:20:48,6.45,200,100250
20240212,12:23:08,6.65,300,100100
20240212,12:25:24,6.6,250,99800
20240212,12:25:46,6.65,250,99800
20240212,12:26:19,6.75,200,99800
20240212,12:26:26,6.75,200,99800
20240212,12:26:57,6.8,50,99800
20240212,12:28:20,6.8,150,100100
20240212,12:30:25,6.6,200,100100
20240212,12:30:33,6.6,50,100100
20240212,12:31:05,6.6,150,100000
20240212,12:31:33,6.5,200,100000
20240212,12:31:49,6.45,150,100000
20240212,12:33:08,6.45,300,100000
20240212,12:33:49,6.65,50,100000
20240212,12:34:46,6.65,100,100050
20240212,12:38:53,6.55,250,100050
20240212,12:39:00,6.55,50,100050
20240212,12:41:11,6.65,50,100100
20240212,12:42:12,6.5,50,100100
20240212,12:42:24,6.45,100,100100
20240212,12:44:21,6.75,50,100200
20240212,12:45:25,6.75,50,100200
20240212,12:45:32,6.85,50,100200
20240212,12:45:52,6.9,50,100200
20240212,12:47:34,7.05,50,100300
20240212,12:48:33,7.25,100,100300
20240212,12:49:20,7.4,200,100450
20240212,12:49:38,7.4,150,100450
20240212,12:51:37,7.4,400,100450
20240212,12:53:29,7.4,150,100450
20240212,12:53:51,7.45,100,100450
20240212,12:55:45,7.85,150,100700
20240212,12:56:03,7.9,300,100700
20240212,12:56:12,7.95,100,100700
20240212,12:56:20,7.95,500,100700
20240212,12:56:37,8.05,650,100700
20240212,12:56:52,8.15,100,100700
20240212,12:57:01,8.3,100,100700
20240212,12:57:25,8.4,200,100700
20240212,12:57:33,8.55,1550,100700
20240212,12:58:14,8.55,100,101650
20240212,12:58:46,8.55,100,101650
20240212,12:58:54,8.55,100,101650
20240212,12:59:11,8.75,200,101650
20240212,12:59:28,8.75,1100,101650
20240212,13:00:28,8.75,50,101650
20240212,13:00:37,8.95,100,101650
20240212,13:00:46,9.25,2100,101650
20240212,13:00:56,9.35,100,101650
20240212,13:01:05,9.55,250,104150
20240212,13:01:14,9.65,2000,104150
20240212,13:01:23,9.85,700,104150
20240212,13:01:31,9.85,100,104150
20240212,13:01:41,10.2,1200,104150
20240212,13:01:50,10.2,800,104150
20240212,13:02:00,10.25,500,104150
20240212,13:02:01,10.25,100,104150
20240212,13:02:10,10.45,100,104150
20240212,13:02:11,10.45,100,104150
20240212,13:02:13,10.45,150,104150
20240212,13:02:15,10.45,100,104150
20240212,13:02:16,10.45,50,104150
20240212,13:02:23,10.5,200,104150
20240212,13:02:36,10.5,300,104150
20240212,13:02:41,10.5,100,104150
20240212,13:02:44,10.6,250,104150
20240212,13:02:59,10.6,50,104150
20240212,13:03:18,10.4,550,104150
20240212,13:03:27,10.4,350,104150
20240212,13:03:34,10.4,50,104150
20240212,13:03:43,10.15,100,104150
20240212,13:03:52,9.8,750,104150
20240212,13:04:00,9.65,750,104150
20240212,13:04:09,9.45,100,103250
20240212,13:04:10,9.3,150,103250
20240212,13:04:30,9.15,1800,103250
20240212,13:04:32,9.05,50,103250
20240212,13:04:33,9.05,50,103250
20240212,13:04:35,9.0,100,103250
20240212,13:04:40,8.9,200,103250
20240212,13:05:02,9.15,100,103250
20240212,13:05:15,9.25,50,103250
20240212,13:05:25,9.3,50,103250
20240212,13:05:28,9.45,50,103250
20240212,13:05:52,9.65,150,103250
20240212,13:06:07,9.5,850,103250
20240212,13:06:14,9.35,250,103250
20240212,13:06:21,9.5,100,103250
20240212,13:06:36,9.45,250,103250
20240212,13:06:44,9.4,100,103250
20240212,13:06:51,9.35,1800,103250
20240212,13:07:03,9.45,100,105400
20240212,13:07:08,9.5,250,105400
20240212,13:07:13,9.45,400,105400
20240212,13:07:23,9.4,450,105400
20240212,13:07:54,9.25,50,105400
20240212,13:08:04,9.2,1450,105400
20240212,13:08:53,9.15,200,105400
20240212,13:09:00,9.25,250,105400
20240212,13:09:06,9.25,100,105400
20240212,13:09:12,9.2,1750,105400
20240212,13:09:19,9.2,1200,105400
20240212,13:09:40,9.1,50,105400
20240212,13:10:08,8.85,50,105600
20240212,13:10:29,8.75,50,105600
20240212,13:10:45,8.65,50,105600
20240212,13:10:53,8.75,50,105600
20240212,13:11:07,8.75,50,105600
20240212,13:11:32,8.85,1800,105600
20240212,13:11:54,8.8,150,105600
20240212,13:12:01,8.7,100,105600
20240212,13:12:09,8.6,50,105600
20240212,13:12:16,8.55,200,105600
20240212,13:12:53,8.75,400,105600
20240212,13:13:04,8.7,300,103850
20240212,13:13:15,8.8,50,103850
20240212,13:14:20,8.85,250,103850
20240212,13:14:59,9.05,50,103850
20240212,13:15:46,9.25,50,103850
20240212,13:16:06,9.15,250,103950
20240212,13:17:07,8.9,50,103950
20240212,13:17:20,8.85,600,103950
20240212,13:17:51,9.05,50,103950
20240212,13:17:58,9.05,1150,103950
20240212,13:18:32,9.35,450,103950
20240212,13:18:48,9.6,850,103950
20240212,13:18:57,9.5,750,103950
20240212,13:19:27,9.3,100,105100
20240212,13:19:34,9.35,250,105100
20240212,13:19:42,9.25,450,105100
20240212,13:19:48,9.25,50,105100
20240212,13:20:06,9.35,100,105100
20240212,13:20:08,9.4,50,105100
20240212,13:20:17,9.45,100,105100
20240212,13:20:24,9.45,50,105100
20240212,13:20:26,9.6,100,105100
20240212,13:20:29,9.65,100,105100
20240212,13:20:45,9.7,100,105100
20240212,13:20:52,9.6,300,105100
20240212,13:20:55,9.7,100,105100
20240212,13:21:00,9.6,50,105100
20240212,13:21:19,9.45,350,105100
20240212,13:21:25,9.55,400,105100
20240212,13:21:58,9.55,550,105100
20240212,13:22:11,9.6,100,105550
20240212,13:22:13,9.6,50,105550
20240212,13:22:14,9.6,50,105550
20240212,13:22:16,9.55,650,105550
20240212,13:22:18,9.55,600,105550
20240212,13:22:24,9.5,400,105550
20240212,13:23:03,9.45,150,105550
20240212,13:23:07,9.45,150,105550
20240212,13:23:11,9.45,50,105550
20240212,13:23:25,9.4,600,105550
20240212,13:23:50,9.45,50,105550
20240212,13:24:08,9.45,50,105550
20240212,13:24:20,9.45,100,105550
20240212,13:24:34,9.35,700,105550
20240212,13:25:04,9.2,100,105450
20240212,13:25:17,9.05,50,105450
20240212,13:25:23,9.1,50,105450
20240212,13:25:48,9.05,50,105450
20240212,13:26:01,8.95,50,105450
20240212,13:26:08,8.95,50,105450
20240212,13:28:25,8.8,250,105450
20240212,13:29:02,8.65,50,105450
20240212,13:29:16,8.6,50,105450
20240212,13:30:15,8.75,50,105450
20240212,13:30:28,8.65,900,105450
20240212,13:30:34,8.65,50,105450
20240212,13:30:41,8.65,1100,105450
20240212,13:30:46,8.65,50,105450
20240212,13:31:06,8.6,1850,107300
20240212,13:31:18,8.75,150,107300
20240212,13:31:23,8.8,2850,107300
20240212,13:31:29,8.8,800,107300
20240212,13:31:35,8.8,250,107300
20240212,13:31:45,8.75,1050,107300
20240212,13:31:51,8.8,200,107300
20240212,13:31:57,8.8,250,107300
20240212,13:32:14,8.75,150,107300
20240212,13:32:19,8.8,50,107300
20240212,13:32:56,8.4,100,107300
20240212,13:33:26,8.1,100,107300
20240212,13:33:34,7.85,150,107300
20240212,13:33:49,7.8,50,107300
20240212,13:34:01,7.7,50,107300
20240212,13:34:05,7.6,150,107300
20240212,13:34:16,7.65,300,105600
20240212,13:34:20,7.7,50,105600
20240212,13:34:36,7.65,200,105600
20240212,13:34:38,7.7,50,105600
20240212,13:34:43,7.65,1200,105600
20240212,13:34:51,7.7,250,105600
20240212,13:34:53,7.7,150,105600
20240212,13:34:56,7.65,50,105600
20240212,13:35:06,7.5,50,105600
20240212,13:35:50,7.2,100,105600
20240212,13:36:21,7.15,50,105600
20240212,13:37:42,7.3,250,105550
20240212,13:38:14,7.35,50,105550
20240212,13:39:07,7.4,300,105550
20240212,13:39:20,7.4,300,105550
20240212,13:39:48,7.5,150,105550
20240212,13:40:05,7.55,1950,105550
20240212,13:40:13,7.65,50,105450
20240212,13:40:28,7.65,450,105450
20240212,13:41:05,7.9,50,105450
20240212,13:42:05,8.15,50,105450
20240212,13:42:22,8.05,50,105450
20240212,13:42:48,8.0,800,105450
20240212,13:42:49,8.0,150,105450
20240212,13:42:58,8.0,50,105450
20240212,13:43:03,8.0,100,105450
20240212,13:43:09,7.95,250,105450
20240212,13:43:53,7.95,100,105350
20240212,13:43:58,7.9,50,105350
20240212,13:44:01,7.95,100,105350
20240212,13:44:06,7.9,50,105350
20240212,13:44:08,7.95,50,105350
20240212,13:44:27,7.85,400,105350
20240212,13:44:55,8.0,150,105350
20240212,13:44:56,8.0,900,105350
20240212,13:45:01,8.0,650,105350
20240212,13:45:03,8.0,50,105350
20240212,13:45:07,8.1,350,105350
20240212,13:45:14,8.05,1800,105350
20240212,13:45:23,8.15,50,105350
20240212,13:45:39,8.1,50,105350
20240212,13:45:41,8.1,50,105350
20240212,13:45:43,8.1,500,105350
20240212,13:45:59,7.95,1450,105350
20240212,13:46:04,7.95,50,105350
20240212,13:46:30,7.7,50,106750
20240212,13:47:10,7.65,350,106750
20240212,13:47:29,7.6,1350,106750
20240212,13:47:45,7.7,50,106750
20240212,13:48:05,7.7,500,106750
20240212,13:48:21,7.65,700,106750
20240212,13:48:41,7.75,1050,106750
20240212,13:48:52,7.8,250,106750
20240212,13:51:10,7.65,100,109400
20240212,13:51:25,7.7,300,109400
20240212,13:52:03,7.8,150,109400
20240212,13:52:13,7.85,1200,109400
20240212,13:52:18,7.85,100,109400
20240212,13:52:35,7.9,100,109400
20240212,13:52:42,7.95,100,109400
20240212,13:52:56,8.1,100,109400
20240212,13:53:02,8.05,50,109400
20240212,13:53:09,8.1,100,109400
20240212,13:53:14,8.1,200,109400
20240212,13:53:15,8.1,100,109400
20240212,13:53:25,8.1,200,109400
20240212,13:53:26,8.1,200,109400
20240212,13:53:52,8.35,500,109400
20240212,13:53:54,8.5,100,109400
20240212,13:53:55,8.5,100,109400
20240212,13:53:57,8.5,100,109400
20240212,13:54:02,8.45,50,109400
20240212,13:54:03,8.35,50,109400
20240212,13:54:10,8.55,50,109400
20240212,13:54:11,8.55,50,109400
20240212,13:54:36,8.7,150,109400
20240212,13:54:39,8.7,100,109400
20240212,13:54:42,8.7,50,109400
20240212,13:54:50,8.65,50,109400
20240212,13:54:52,8.7,100,109400
20240212,13:54:53,8.7,100,109400
20240212,13:54:55,8.75,100,109400
20240212,13:55:06,8.7,50,109400
20240212,13:55:13,8.65,50,111050
20240212,13:55:27,8.55,150,111050
20240212,13:56:00,8.2,250,111050
20240212,13:56:20,8.15,50,111050
20240212,13:56:52,7.8,50,111050
20240212,13:56:54,7.75,250,111050
20240212,13:57:07,7.8,100,111050
20240212,13:58:22,7.55,450,111250
20240212,13:58:28,7.45,200,111250
20240212,13:58:34,7.45,100,111250
20240212,13:58:48,7.5,250,111250
20240212,13:58:55,7.55,150,111250
20240212,13:59:01,7.6,1300,111250
20240212,13:59:41,7.65,500,111250
20240212,14:00:47,7.5,100,111250
20240212,14:01:21,7.3,50,111850
20240212,14:01:43,7.5,200,111850
20240212,14:02:01,7.55,200,111850
20240212,14:02:08,7.5,250,111850
20240212,14:02:54,7.35,50,111850
20240212,14:03:15,7.2,50,111850
20240212,14:03:47,7.3,50,111850
20240212,14:04:06,7.3,50,111850
20240212,14:04:22,7.3,50,111900
20240212,14:04:28,7.3,50,111900
20240212,14:04:57,7.3,1150,111900
20240212,14:05:04,7.3,700,111900
20240212,14:05:35,7.3,250,111900
20240212,14:05:40,7.3,50,111900
20240212,14:05:48,7.05,1100,111900
20240212,14:05:55,7.05,100,111900
20240212,14:06:02,7.05,50,111900
20240212,14:06:43,7.15,200,111900
20240212,14:06:59,7.15,50,111900
20240212,14:07:09,7.1,50,111900
20240212,14:07:38,7.15,50,110150
20240212,14:07:58,7.25,50,110150
20240212,14:08:34,7.35,50,110150
20240212,14:08:52,7.4,100,110150
20240212,14:08:55,7.4,350,110150
20240212,14:09:15,7.35,50,110150
20240212,14:09:21,7.4,200,110150
20240212,14:09:49,7.35,50,110150
20240212,14:10:00,7.35,50,110150
20240212,14:10:05,7.35,50,110150
20240212,14:10:17,7.25,250,110150
20240212,14:10:24,7.3,200,110150
20240212,14:10:37,7.15,250,110150
20240212,14:11:10,7.1,50,110150
20240212,14:11:30,7.0,200,110150
20240212,14:11:38,7.0,50,110150
20240212,14:11:53,7.0,100,110150
20240212,14:12:07,6.9,600,110150
20240212,14:12:20,6.85,1700,110150
20240212,14:13:05,6.85,350,110150
20240212,14:13:13,6.7,150,110250
20240212,14:13:21,6.6,150,110250
20240212,14:13:51,6.35,50,110250
20240212,14:14:06,6.35,250,110250
20240212,14:14:14,6.4,400,110250
20240212,14:14:21,6.3,150,110250
20240212,14:15:28,6.2,150,110250
20240212,14:15:35,6.2,50,110250
20240212,14:16:11,6.35,50,110250
20240212,14:17:04,6.6,50,110050
20240212,14:17:11,6.65,50,110050
20240212,14:17:57,6.8,100,110050
20240212,14:18:11,6.8,250,110050
20240212,14:19:20,7.1,150,109850
20240212,14:19:44,7.15,50,109850
20240212,14:20:04,7.15,50,109850
20240212,14:20:10,7.1,300,109850
20240212,14:20:16,7.1,50,109850
20240212,14:21:08,7.0,50,109850
20240212,14:21:57,7.0,50,109850
20240212,14:23:23,7.3,150,109950
20240212,14:23:51,7.35,100,109950
20240212,14:24:24,7.6,150,109950
20240212,14:25:00,7.6,50,109950
20240212,14:25:59,7.65,50,109950
20240212,14:26:30,7.65,50,109950
20240212,14:27:33,7.45,50,109950
20240212,14:28:04,7.3,100,109950
20240212,14:28:15,7.25,50,110000
20240212,14:28:25,7.35,100,110000
20240212,14:28:30,7.25,50,110000
20240212,14:28:39,7.35,50,110000
20240212,14:30:27,7.45,50,110000
20240212,14:31:13,7.1,200,110000
20240212,14:31:43,6.9,50,110100
20240212,14:31:55,6.75,1100,110100
20240212,14:32:02,6.65,50,110100
20240212,14:32:08,6.65,100,110100
20240212,14:32:15,6.65,100,110100
20240212,14:32:22,6.65,250,110100
20240212,14:32:50,6.65,150,110100
20240212,14:32:56,6.65,100,110100
20240212,14:33:08,6.8,50,110100
20240212,14:34:09,7.0,250,110100
20240212,14:34:20,7.05,100,110350
20240212,14:35:02,6.65,50,110350
20240212,14:35:08,6.6,100,110350
20240212,14:35:14,6.65,100,110350
20240212,14:37:27,6.9,1100,110300
20240212,14:37:32,6.9,100,110300
20240212,14:37:40,6.95,50,110300
20240212,14:38:30,7.1,550,110300
20240212,14:38:37,7.15,50,110300
20240212,14:38:59,7.25,50,110300
20240212,14:39:11,7.2,50,110300
20240212,14:39:29,7.25,50,110300
20240212,14:39:34,7.3,100,110300
20240212,14:40:01,7.3,50,110300
20240212,14:40:31,7.25,300,110350
20240212,14:40:43,7.4,150,110350
20240212,14:40:49,7.45,200,110350
20240212,14:41:04,7.7,200,110350
20240212,14:41:11,7.6,250,110350
20240212,14:41:17,7.6,100,110350
20240212,14:41:24,7.7,200,110350
20240212,14:41:30,7.75,150,110350
20240212,14:41:43,7.45,50,110350
20240212,14:41:51,7.3,50,110350
20240212,14:41:58,7.1,50,110350
20240212,14:42:05,6.95,150,110350
20240212,14:42:19,6.8,100,110350
20240212,14:42:48,6.45,50,110350
20240212,14:43:00,6.35,150,110350
20240212,14:43:06,6.3,1350,110350
20240212,14:43:13,6.35,50,110350
20240212,14:43:37,6.25,50,110250
20240212,14:44:07,6.45,250,110250
20240212,14:44:34,6.6,200,110250
20240212,14:44:40,6.6,50,110250
20240212,14:44:49,6.5,50,110250
20240212,14:45:04,6.6,200,110250
20240212,14:45:27,6.7,50,110250
20240212,14:45:32,6.8,250,110250
20240212,14:46:04,6.9,100,110250
20240212,14:46:10,6.8,150,110250
20240212,14:46:19,6.75,100,110300
20240212,14:46:27,6.6,150,110300
20240212,14:46:56,6.6,250,110300
20240212,14:47:19,6.6,250,110300
20240212,14:47:44,6.8,250,110300
20240212,14:48:14,6.75,50,110300
20240212,14:48:19,6.8,250,110300
20240212,14:48:42,6.85,50,110300
20240212,14:49:35,7.1,50,110650
20240212,14:49:59,7.1,150,110650
20240212,14:50:41,7.25,50,110650
20240212,14:51:31,7.3,150,110650
20240212,14:52:00,7.1,250,110650
20240212,14:52:12,7.25,100,110650
20240212,14:52:37,7.45,100,110900
20240212,14:52:54,7.5,50,110900
20240212,14:53:00,7.5,50,110900
20240212,14:53:13,7.45,50,110900
20240212,14:53:29,7.5,50,110900
20240212,14:53:36,7.6,400,110900
20240212,14:53:42,7.4,600,110900
20240212,14:53:47,7.4,500,110900
20240212,14:54:07,7.45,50,110900
20240212,14:54:13,7.35,50,110900
20240212,14:54:29,7.4,350,110900
20240212,14:54:45,7.45,100,110900
20240212,14:54:51,7.35,450,110900
20240212,14:55:02,7.35,300,110900
20240212,14:55:09,7.3,200,110900
20240212,14:55:33,7.3,150,110350
20240212,14:55:39,7.15,500,110350
20240212,14:56:04,7.2,100,110350
20240212,14:56:36,7.2,50,110350
20240212,14:56:50,7.25,50,110350
20240212,14:57:19,7.25,100,110350
20240212,14:59:10,7.3,50,110350
20240212,14:59:52,7.6,100,110350
20240212,15:00:09,7.3,350,110350
20240212,15:00:24,7.2,100,110350
20240212,15:00:35,7.15,50,110350
20240212,15:00:46,7.1,50,110350
20240212,15:00:52,7.2,50,110350
20240212,15:01:12,6.95,100,110350
20240212,15:01:28,6.6,50,110350
20240212,15:01:36,6.4,50,110350
20240212,15:01:48,6.25,50,110350
20240212,15:02:00,6.25,200,110350
20240212,15:02:08,6.15,50,110350
20240212,15:02:14,6.2,150,110350
20240212,15:02:20,6.1,1000,110350
20240212,15:02:32,6.4,1150,110350
20240212,15:03:00,6.45,50,110350
20240212,15:03:05,6.45,50,110350
20240212,15:03:38,6.25,50,110350
20240212,15:03:59,6.55,1950,110350
20240212,15:04:10,6.45,1250,110350
20240212,15:04:23,6.45,800,111700
20240212,15:04:30,6.5,200,111700
20240212,15:04:45,6.55,150,111700
20240212,15:04:59,6.65,250,111700
20240212,15:05:06,6.6,200,111700
20240212,15:05:12,6.6,450,111700
20240212,15:05:27,6.7,1250,111700
20240212,15:05:34,6.65,50,111700
20240212,15:06:02,6.8,300,111700
20240212,15:06:09,6.8,200,111700
20240212,15:06:29,6.7,100,111700
20240212,15:06:35,6.6,400,111700
20240212,15:06:43,6.6,100,111700
20240212,15:07:04,6.8,700,111700
20240212,15:07:05,6.8,50,111700
20240212,15:07:19,6.75,50,111700
20240212,15:07:40,6.75,100,113650
20240212,15:07:59,6.8,100,113650
20240212,15:08:03,6.7,250,113650
20240212,15:08:08,6.75,50,113650
20240212,15:08:15,6.8,50,113650
20240212,15:08:23,6.75,100,113650
20240212,15:08:28,6.75,50,113650
20240212,15:09:15,6.95,200,113650
20240212,15:09:28,6.85,200,113650
20240212,15:09:50,6.8,450,113650
20240212,15:09:56,6.8,950,113650
20240212,15:10:02,6.9,50,113650
20240212,15:10:09,6.85,50,113650
20240212,15:10:16,6.9,50,113650
20240212,15:11:05,7.1,50,113700
20240212,15:11:14,7.05,50,113700
20240212,15:11:24,7.2,150,113700
20240212,15:11:34,7.45,100,113700
20240212,15:11:43,7.4,50,113700
20240212,15:12:02,7.45,100,113700
20240212,15:12:10,7.6,50,113700
20240212,15:12:26,7.65,350,113700
20240212,15:12:35,7.65,100,113700
20240212,15:13:02,7.7,200,113700
20240212,15:13:07,7.7,50,113700
20240212,15:13:15,7.75,50,113700
20240212,15:13:30,7.65,50,114100
20240212,15:13:46,7.1,50,114100
20240212,15:13:48,7.2,100,114100
20240212,15:13:51,7.25,150,114100
20240212,15:13:54,7.15,200,114100
20240212,15:14:07,7.2,250,114100
20240212,15:14:16,7.35,200,114100
20240212,15:14:19,7.45,50,114100
20240212,15:14:29,7.55,100,114100
20240212,15:14:36,7.5,50,114100
20240212,15:14:37,7.5,100,114100
20240212,15:14:39,7.55,50,114100
20240212,15:14:42,7.65,50,114100
20240212,15:14:51,7.55,200,114100
20240212,15:14:54,7.55,50,114100
20240212,15:15:04,7.35,200,114100
20240212,15:15:13,7.5,200,114100
20240212,15:15:44,7.6,200,114100
20240212,15:16:06,7.75,250,114100
20240212,15:16:14,7.7,250,114100
20240212,15:16:22,7.65,50,114700
20240212,15:16:38,7.7,450,114700
20240212,15:16:59,7.7,100,114700
20240212,15:17:07,7.7,350,114700
20240212,15:17:46,7.7,200,114700
20240212,15:17:53,7.7,400,114700
20240212,15:18:01,7.7,300,114700
20240212,15:18:09,7.7,4650,114700
20240212,15:18:17,7.75,700,114700
20240212,15:18:25,7.8,250,114700
20240212,15:18:34,7.8,900,114700
20240212,15:18:42,7.7,300,114700
20240212,15:18:52,7.6,100,114700
20240212,15:19:16,7.8,200,114700
20240212,15:19:25,7.8,350,114700
20240212,15:19:33,7.85,50,115950
20240212,15:19:50,7.9,150,115950
20240212,15:19:59,7.9,350,115950
20240212,15:20:07,7.95,50,115950
20240212,15:20:49,7.7,1150,115950
20240212,15:20:58,7.65,250,115950
20240212,15:21:07,7.6,350,115950
20240212,15:21:22,7.65,150,115950
20240212,15:21:37,7.55,400,115950
20240212,15:21:46,7.55,50,115950
20240212,15:21:54,7.6,200,115950
20240212,15:22:03,7.5,250,115950
20240212,15:22:21,7.4,400,115950
20240212,15:22:46,7.35,50,115750
20240212,15:22:54,7.25,100,115750
20240212,15:23:19,7.1,50,115750
20240212,15:23:33,7.15,350,115750
20240212,15:23:55,7.2,50,115750
20240212,15:24:16,7.2,600,115750
20240212,15:25:14,7.2,100,115750
20240212,15:25:30,7.05,1000,115550
20240212,15:25:46,6.95,50,115550
20240212,15:25:53,6.9,1150,115550
20240212,15:26:01,6.9,350,115550
20240212,15:26:08,6.9,250,115550
20240212,15:26:31,6.9,250,115550
20240212,15:26:45,6.9,250,115550
20240212,15:27:01,6.9,100,115550
20240212,15:27:33,7.0,650,115550
20240212,15:27:41,7.0,300,115550
20240212,15:27:48,7.05,200,115550
20240212,15:27:56,7.1,100,115550
20240212,15:28:42,7.1,50,116950
20240212,15:29:05,7.1,50,116950
20240212,15:29:12,7.15,250,116950
20240212,15:29:19,7.0,2800,116950
20240212,15:29:26,6.95,3300,116950
20240212,15:29:34,7.15,1050,116950
20240212,15:29:43,7.25,300,116950
20240212,15:29:51,7.3,50,116950
20240212,15:30:01,7.3,100,116950
20240213,09:15:21,6.6,1,121650
20240213,09:15:21,6.75,1,121650
20240213,09:15:21,6.65,800,121650
20240213,09:15:40,6.4,400,122300
20240213,09:15:49,6.35,200,122300
20240213,09:15:57,6.45,400,122300
20240213,09:16:05,6.25,50,122300
20240213,09:16:14,7.0,1950,122300
20240213,09:16:14,6.25,1950,122300
20240213,09:16:24,6.45,150,122300
20240213,09:16:33,6.15,50,122300
20240213,09:16:41,6.15,50,122300
20240213,09:16:58,6.35,300,122300
20240213,09:17:06,6.4,2000,122300
20240213,09:17:15,6.35,1050,122300
20240213,09:17:25,6.45,150,122300
20240213,09:17:37,6.55,150,122300
20240213,09:17:49,6.5,1500,122300
20240213,09:18:11,6.9,150,122300
20240213,09:18:23,6.9,850,122300
20240213,09:18:34,6.85,950,127250
20240213,09:18:45,6.85,1150,127250
20240213,09:18:56,6.9,1500,127250
20240213,09:19:07,6.85,1100,127250
20240213,09:19:19,6.8,1500,127250
20240213,09:20:17,6.15,3400,127250
20240213,09:20:28,6.25,400,127250
20240213,09:21:01,6.3,50,127250
20240213,09:21:34,6.5,50,127250
20240213,09:21:44,6.5,500,134500
20240213,09:22:04,6.6,250,134500
20240213,09:22:13,6.65,100,134500
20240213,09:22:24,6.85,250,134500
20240213,09:22:35,6.8,50,134500
20240213,09:22:45,6.95,1400,134500
20240213,09:22:56,7.05,1450,134500
20240213,09:23:06,7.15,550,134500
20240213,09:23:16,7.2,600,134500
20240213,09:23:26,7.25,1300,134500
20240213,09:23:36,7.3,100,134500
20240213,09:23:47,7.5,100,134500
20240213,09:23:56,7.65,350,134500
20240213,09:24:16,7.7,200,134500
20240213,09:24:27,7.05,300,134500
20240213,09:24:49,6.75,1150,136300
20240213,09:25:02,6.8,100,136300
20240213,09:25:13,6.75,800,136300
20240213,09:26:03,6.9,450,136300
20240213,09:26:34,7.45,100,136300
20240213,09:26:44,7.35,100,136300
20240213,09:27:05,7.25,1000,136300
20240213,09:27:24,7.3,50,136300
20240213,09:27:54,7.35,1000,137200
20240213,09:28:04,7.5,50,137200
20240213,09:28:15,7.45,100,137200
20240213,09:28:36,7.5,500,137200
20240213,09:28:47,7.65,250,137200
20240213,09:28:57,7.85,750,137200
20240213,09:29:07,7.9,450,137200
20240213,09:29:18,7.9,450,137200
20240213,09:29:28,7.95,850,137200
20240213,09:29:39,8.15,300,137200
20240213,09:29:50,8.3,50,137200
20240213,09:30:00,8.35,150,137200
20240213,09:30:10,8.35,50,137200
20240213,09:30:21,7.6,100,137200
20240213,09:30:32,7.5,200,137950
20240213,09:30:43,7.85,200,137950
20240213,09:30:53,8.35,1900,137950
20240213,09:31:04,8.55,750,137950
20240213,09:31:15,8.7,200,137950
20240213,09:31:25,9.0,800,137950
20240213,09:31:35,9.4,800,137950
20240213,09:31:46,9.4,450,137950
20240213,09:31:56,9.15,350,137950
20240213,09:32:06,9.2,1750,137950
20240213,09:32:17,9.35,150,137950
20240213,09:32:46,9.15,650,137950
20240213,09:32:56,8.95,350,137950
20240213,09:33:05,9.1,150,137950
20240213,09:33:14,9.0,50,137950
20240213,09:33:25,9.25,100,137950
20240213,09:33:35,9.25,50,137850
20240213,09:33:45,9.2,150,137850
20240213,09:33:55,9.2,1100,137850
20240213,09:34:04,9.0,100,137850
20240213,09:34:15,8.75,350,137850
20240213,09:34:27,8.1,800,137850
20240213,09:34:39,7.75,50,137850
20240213,09:34:51,7.45,500,137850
20240213,09:35:03,7.7,700,137850
20240213,09:35:15,7.8,700,137850
20240213,09:35:27,7.9,100,137850
20240213,09:35:37,7.9,100,137850
20240213,09:35:50,7.7,350,137850
20240213,09:36:02,7.6,400,137850
20240213,09:36:15,7.35,200,137850
20240213,09:36:28,7.05,1400,137850
20240213,09:36:40,7.15,200,137150
20240213,09:36:51,7.25,1700,137150
20240213,09:37:04,7.1,200,137150
20240213,09:37:15,7.15,1050,137150
20240213,09:37:27,7.1,350,137150
20240213,09:37:38,7.0,350,137150
20240213,09:38:00,7.1,200,137150
20240213,09:38:10,7.15,50,137150
20240213,09:38:27,7.3,300,137150
20240213,09:38:36,7.25,150,137150
20240213,09:38:46,7.2,850,137150
20240213,09:39:04,7.5,150,137150
20240213,09:39:13,7.45,50,137150
20240213,09:39:30,7.25,50,137150
20240213,09:39:40,7.2,50,139750
20240213,09:40:11,7.2,100,139750
20240213,09:40:34,7.25,1600,139750
20240213,09:40:46,7.15,300,139750
20240213,09:40:57,7.2,1250,139750
20240213,09:41:18,7.05,50,139750
20240213,09:41:28,7.05,350,139750
20240213,09:41:38,7.05,500,139750
20240213,09:42:00,7.05,300,139750
20240213,09:42:21,7.0,100,139750
20240213,09:43:03,7.0,200,141600
20240213,09:43:13,7.05,550,141600
20240213,09:43:23,7.2,450,141600
20240213,09:43:34,7.3,1050,141600
20240213,09:43:54,7.35,50,141600
20240213,09:44:23,7.6,50,141600
20240213,09:44:42,7.05,150,141600
20240213,09:44:53,6.9,50,141600
20240213,09:45:02,6.9,50,141600
20240213,09:45:12,6.9,50,141600
20240213,09:45:30,7.25,100,141600
20240213,09:45:49,7.25,150,142700
20240213,09:46:41,7.25,50,142700
20240213,09:46:49,7.3,300,142700
20240213,09:46:57,7.1,650,142700
20240213,09:47:15,7.25,1450,142700
20240213,09:47:25,7.25,300,142700
20240213,09:47:35,7.2,700,142700
20240213,09:47:44,7.0,400,142700
20240213,09:47:55,6.9,50,142700
20240213,09:48:06,7.05,150,142700
20240213,09:48:36,7.1,300,142800
20240213,09:48:45,7.0,450,142800
20240213,09:48:54,7.15,300,142800
20240213,09:49:15,7.3,550,142800
20240213,09:49:47,7.4,50,142800
20240213,09:49:57,7.4,150,142800
20240213,09:50:07,7.45,450,142800
20240213,09:50:18,7.5,50,142800
20240213,09:50:29,7.35,800,142800
20240213,09:50:39,7.4,150,142800
20240213,09:50:59,7.05,950,142800
20240213,09:51:10,6.95,900,142800
20240213,09:51:21,7.05,600,142800
20240213,09:51:32,7.3,50,142800
20240213,09:52:02,7.4,200,143500
20240213,09:52:32,7.35,100,143500
20240213,09:52:51,7.1,550,143500
20240213,09:53:01,7.1,1650,143500
20240213,09:53:11,7.15,1000,143500
20240213,09:53:20,7.15,1550,143500
20240213,09:53:30,7.1,600,143500
20240213,09:53:40,7.05,1850,143500
20240213,09:53:59,7.1,50,143500
20240213,09:54:29,6.8,250,143500
20240213,09:54:40,6.8,450,147650
20240213,09:54:49,6.7,1050,147650
20240213,09:55:01,6.7,400,147650
20240213,09:55:11,6.65,2900,147650
20240213,09:55:35,6.6,500,147650
20240213,09:56:21,6.1,1050,147650
20240213,09:56:31,6.1,100,147650
20240213,09:57:12,6.0,250,147650
20240213,09:57:22,5.85,400,147650
20240213,09:57:45,5.85,300,143900
20240213,09:57:56,5.9,150,143900
20240213,09:58:06,5.85,250,143900
20240213,09:58:17,5.85,350,143900
20240213,09:58:39,5.85,200,143900
20240213,09:58:49,6.0,50,143900
20240213,09:59:12,6.1,100,143900
20240213,09:59:22,6.05,150,143900
20240213,09:59:33,6.0,50,143900
20240213,09:59:55,6.0,750,143900
20240213,10:00:06,5.95,200,143900
20240213,10:00:17,5.85,850,143900
20240213,10:00:28,5.9,1100,143900
20240213,10:00:41,6.0,150,143900
20240213,10:01:02,6.1,100,143900
20240213,10:01:13,6.2,300,143900
20240213,10:01:24,6.2,500,143900
20240213,10:01:34,6.15,500,143900
20240213,10:01:45,6.15,1200,143900
20240213,10:01:56,6.25,400,143900
20240213,10:02:07,6.3,150,143900
20240213,10:02:18,6.3,350,143900
20240213,10:02:40,6.4,500,143900
20240213,10:02:50,6.35,50,143900
20240213,10:03:01,6.3,150,143900
20240213,10:03:12,6.3,200,143900
20240213,10:03:32,6.4,100,143900
20240213,10:03:52,6.2,250,145100
20240213,10:04:03,6.25,700,145100
20240213,10:04:13,6.25,50,145100
20240213,10:04:23,6.15,50,145100
20240213,10:04:41,6.0,250,145100
20240213,10:04:51,5.9,1950,145100
20240213,10:05:00,5.8,1500,145100
20240213,10:05:11,5.75,2100,145100
20240213,10:05:21,5.75,500,145100
20240213,10:05:31,5.8,1550,145100
20240213,10:05:41,5.65,2200,145100
20240213,10:05:51,5.55,2050,145100
20240213,10:06:03,5.55,1150,145100
20240213,10:06:13,5.55,50,145100
20240213,10:06:34,5.5,650,145100
20240213,10:06:44,5.4,250,150750
20240213,10:06:54,5.4,350,150750
20240213,10:07:04,5.4,300,150750
20240213,10:07:15,5.45,1700,150750
20240213,10:07:24,5.5,400,150750
20240213,10:07:34,5.45,950,150750
20240213,10:07:43,5.45,150,150750
20240213,10:07:53,5.45,1100,150750
20240213,10:08:02,5.45,50,150750
20240213,10:08:12,5.55,50,150750
20240213,10:08:21,5.6,50,150750
20240213,10:08:31,5.6,450,150750
20240213,10:08:40,5.65,50,150750
20240213,10:08:59,5.85,150,150750
20240213,10:09:09,6.05,150,150750
20240213,10:09:42,5.75,3600,150900
20240213,10:09:55,5.65,3850,150900
20240213,10:10:08,5.65,2050,150900
20240213,10:10:20,5.65,1800,150900
20240213,10:10:33,5.6,3150,150900
20240213,10:10:46,5.55,1300,150900
20240213,10:10:58,5.55,450,150900
20240213,10:11:10,5.55,800,150900
20240213,10:11:21,5.5,300,150900
20240213,10:11:45,5.5,50,150900
20240213,10:11:55,5.55,50,150900
20240213,10:12:06,5.55,50,150900
20240213,10:12:16,5.55,200,150900
20240213,10:12:38,5.6,50,150900
20240213,10:12:58,5.6,550,146850
20240213,10:13:09,5.6,100,146850
20240213,10:13:19,5.6,200,146850
20240213,10:13:30,5.65,100,146850
20240213,10:13:41,5.55,400,146850
20240213,10:13:53,5.6,650,146850
20240213,10:14:03,5.75,1100,146850
20240213,10:14:15,5.6,1200,146850
20240213,10:14:38,5.7,800,146850
20240213,10:14:59,5.7,100,146850
20240213,10:15:10,5.75,400,146850
20240213,10:15:21,5.65,50,146850
20240213,10:15:42,5.65,900,147150
20240213,10:15:53,5.8,200,147150
20240213,10:16:04,5.9,850,147150
20240213,10:16:15,5.9,500,147150
20240213,10:16:26,5.95,200,147150
20240213,10:16:37,6.1,1300,147150
20240213,10:16:48,6.15,600,147150
20240213,10:17:10,6.0,1000,147150
20240213,10:17:20,6.15,400,147150
20240213,10:17:30,6.1,50,147150
20240213,10:18:01,5.85,200,147150
20240213,10:18:41,5.9,200,147850
20240213,10:19:02,5.8,250,147850
20240213,10:19:12,5.9,400,147850
20240213,10:19:23,5.85,200,147850
20240213,10:19:33,5.85,800,147850
20240213,10:19:44,5.85,1100,147850
20240213,10:19:55,5.75,500,147850
20240213,10:20:05,5.85,2700,147850
20240213,10:20:15,5.8,1300,147850
20240213,10:20:26,5.9,750,147850
20240213,10:21:07,5.9,1100,147850
20240213,10:21:28,6.0,1450,147850
20240213,10:21:49,5.75,550,148850
20240213,10:22:01,5.8,1600,148850
20240213,10:22:24,5.8,450,148850
20240213,10:22:34,6.0,600,148850
20240213,10:22:44,6.0,450,148850
20240213,10:22:54,6.0,2100,148850
20240213,10:23:23,5.8,1800,148850
20240213,10:23:53,5.95,550,148850
20240213,10:24:02,5.95,250,148850
20240213,10:24:12,6.0,350,148850
20240213,10:24:38,5.9,850,148850
20240213,10:24:48,5.9,100,151800
20240213,10:25:06,5.95,400,151800
20240213,10:26:45,5.8,50,151800
20240213,10:27:39,5.55,150,151800
20240213,10:27:50,5.55,250,151900
20240213,10:28:00,5.6,250,151900
20240213,10:28:12,5.55,50,151900
20240213,10:28:32,5.6,400,151900
20240213,10:28:52,5.55,200,151900
20240213,10:29:11,5.45,150,151900
20240213,10:29:22,5.35,1950,151900
20240213,10:29:32,5.45,300,151900
20240213,10:29:52,5.45,50,151900
20240213,10:30:51,5.6,50,152850
20240213,10:31:11,5.7,200,152850
20240213,10:31:29,5.7,200,152850
20240213,10:31:47,5.7,200,152850
20240213,10:31:56,5.8,350,152850
20240213,10:32:05,5.8,150,152850
20240213,10:32:43,5.8,400,152850
20240213,10:32:52,5.7,100,152850
20240213,10:33:19,5.8,200,152850
