date,time,tick_price,volume,open_interest
20240215,09:49:03,2.25,200,200
20240215,09:56:19,1.9,150,200
20240215,09:56:27,1.9,100,200
20240215,10:05:41,2.15,50,150
20240215,10:05:57,2.0,50,150
20240215,10:06:12,2.0,50,150
20240215,10:06:20,2.0,150,150
20240215,10:06:28,2.05,150,150
20240215,10:06:36,2.05,100,150
20240215,10:06:43,2.1,200,150
20240215,10:06:50,2.15,100,800
20240215,10:07:04,2.15,200,800
20240215,10:07:11,2.2,100,800
20240215,10:07:27,2.25,300,800
20240215,10:07:34,2.25,50,800
20240215,10:07:43,2.3,200,800
20240215,10:18:02,2.35,50,1750
20240215,10:18:53,2.35,50,1800
20240215,10:19:29,1.95,50,1800
20240215,10:20:25,2.45,500,1800
20240215,10:20:31,2.45,250,1800
20240215,10:20:44,2.15,250,1800
20240215,10:28:10,2.05,100,2100
20240215,10:35:00,1.5,50,2100
20240215,10:35:45,1.5,50,2100
20240215,10:54:03,1.9,50,2150
20240215,10:54:54,1.9,50,2100
20240215,10:55:18,1.85,150,2100
20240215,10:55:25,1.8,150,2100
20240215,10:55:33,1.85,150,2100
20240215,10:55:50,1.85,50,2100
20240215,10:55:59,1.8,300,2100
20240215,10:56:08,1.85,200,2100
20240215,10:56:18,1.8,200,2100
20240215,10:56:26,1.85,50,2100
20240215,10:58:41,1.9,250,1100
20240215,10:58:59,1.9,100,1100
20240215,11:08:54,1.95,50,1450
20240215,11:10:45,1.9,50,1500
20240215,11:10:53,1.95,50,1500
20240215,11:11:16,1.95,100,1500
20240215,11:11:33,2.0,150,1500
20240215,11:25:19,1.9,50,1850
20240215,11:25:29,1.9,300,1850
20240215,11:26:59,1.9,50,1850
20240215,11:27:06,1.9,50,1850
20240215,11:31:32,1.9,50,1650
20240215,11:38:20,1.95,50,1650
20240215,11:54:29,1.95,50,1700
20240215,11:54:39,1.95,100,1700
20240215,11:54:48,1.95,50,1700
20240215,11:54:57,1.95,50,1700
20240215,11:55:15,1.95,100,1950
20240215,11:55:23,1.95,50,1950
20240215,11:55:32,1.9,100,1950
20240215,11:55:42,1.9,100,1950
20240215,11:55:50,1.9,150,1950
20240215,11:55:58,1.9,50,1950
20240215,11:56:06,2.0,100,1950
20240215,11:56:14,1.9,50,1950
20240215,11:56:29,2.0,150,1950
20240215,11:56:37,1.9,100,1950
20240215,11:56:46,2.0,200,1950
20240215,11:56:56,2.0,100,1950
20240215,11:57:03,2.0,200,1950
20240215,11:57:11,2.0,50,1950
20240215,11:57:18,2.0,100,1950
20240215,11:57:26,2.0,100,1950
20240215,11:57:40,2.0,50,1950
20240215,11:57:48,2.0,100,1950
20240215,11:57:56,2.0,50,1950
20240215,11:58:03,2.0,150,3650
20240215,11:58:18,2.0,50,3650
20240215,12:02:24,1.95,100,3750
20240215,12:03:00,1.9,150,3750
20240215,12:03:42,1.95,300,3750
20240215,12:04:04,1.9,100,4050
20240215,12:05:04,1.9,50,4050
20240215,12:05:40,1.9,50,4050
20240215,12:05:46,1.9,50,4050
20240215,12:05:51,1.9,50,4050
20240215,12:05:56,1.9,250,4050
20240215,12:06:08,1.9,100,4050
20240215,12:06:15,1.9,50,4050
20240215,12:09:08,1.9,50,4350
20240215,12:09:36,1.9,50,4350
20240215,12:09:49,1.9,200,4350
20240215,12:09:54,1.8,150,4350
20240215,12:10:07,1.9,400,4300
20240215,12:10:16,1.9,300,4300
20240215,12:10:24,1.9,250,4300
20240215,12:10:30,1.9,50,4300
20240215,12:10:36,1.9,150,4300
20240215,12:10:43,1.9,200,4300
20240215,12:10:56,1.8,200,4300
20240215,12:11:09,1.9,300,4300
20240215,12:11:21,1.9,250,4300
20240215,12:11:34,1.9,100,4300
20240215,12:11:40,1.9,50,4300
20240215,12:11:46,1.85,100,4300
20240215,12:11:53,1.9,150,4300
20240215,12:12:02,1.9,50,4300
20240215,12:12:24,1.9,50,4300
20240215,12:12:31,1.9,100,4300
20240215,12:12:45,1.9,50,4300
20240215,12:23:33,1.9,50,4200
20240215,12:24:07,1.9,150,4200
20240215,12:24:33,1.9,50,4200
20240215,12:24:41,1.9,150,4200
20240215,12:25:08,1.9,100,4400
20240215,12:25:17,1.9,50,4400
20240215,12:25:32,1.9,50,4400
20240215,12:25:54,1.9,50,4400
20240215,12:26:14,1.9,50,4400
20240215,12:28:03,1.9,50,4400
20240215,12:28:10,1.9,50,4500
20240215,12:29:09,1.95,350,4500
20240215,12:29:14,1.9,150,4500
20240215,12:29:35,1.9,50,4500
20240215,12:33:33,1.9,50,4900
20240215,12:33:43,1.9,50,4900
20240215,12:46:14,1.9,50,4900
20240215,12:49:02,1.85,50,4900
20240215,12:49:11,1.9,350,4900
20240215,12:49:18,1.9,50,4900
20240215,12:50:06,1.85,250,4900
20240215,12:50:14,2.0,50,4900
20240215,12:50:47,2.0,50,4900
20240215,12:55:54,1.9,50,5250
20240215,12:58:04,1.9,100,5250
20240215,13:00:31,1.9,50,5250
20240215,13:00:55,1.9,50,5250
20240215,13:05:25,1.95,50,5250
20240215,13:05:44,1.9,200,5250
20240215,13:05:50,1.9,50,5250
20240215,13:06:02,1.9,50,5250
20240215,13:10:03,1.8,200,5600
20240215,13:10:14,1.8,100,5400
20240215,13:11:11,1.8,50,5400
20240215,13:18:55,1.8,100,5250
20240215,13:21:18,1.75,250,5150
20240215,13:21:31,1.8,50,5150
20240215,13:21:44,1.8,50,5150
20240215,13:22:03,1.75,600,5150
20240215,13:23:00,1.75,50,4300
20240215,13:23:42,1.85,50,4300
20240215,13:26:54,1.8,50,4300
20240215,13:27:12,1.8,50,4300
20240215,13:30:56,1.85,300,4300
20240215,13:38:41,1.95,50,4500
20240215,13:39:01,1.95,150,4500
20240215,13:40:26,1.95,100,4550
20240215,13:40:47,1.95,50,4550
20240215,13:43:50,2.05,50,4650
20240215,13:48:04,2.05,50,4700
20240215,13:49:09,2.1,50,4700
20240215,13:52:13,2.0,150,4800
20240215,13:52:19,2.05,50,4650
20240215,13:52:32,2.5,450,4650
20240215,13:52:40,2.5,150,4650
20240215,13:52:47,2.1,450,4650
20240215,13:53:21,2.1,150,4650
20240215,13:55:03,2.25,1150,4650
20240215,13:55:19,2.0,400,4650
20240215,14:00:04,2.15,150,5800
20240215,14:06:16,2.05,650,5950
20240215,14:06:42,2.15,150,5950
20240215,14:13:40,2.1,50,5800
20240215,14:13:53,2.1,150,5800
20240215,14:16:20,2.0,250,5800
20240215,14:20:43,2.0,150,6000
20240215,14:24:59,2.05,100,6150
20240215,14:25:10,1.9,100,6150
20240215,14:26:36,2.05,50,6150
20240215,14:31:52,2.25,800,6200
20240215,14:32:28,2.05,100,6200
20240215,14:35:16,1.95,100,6150
20240215,14:35:29,2.0,700,6150
20240215,14:36:42,1.95,1400,6150
20240215,14:37:27,1.95,50,6150
20240215,14:37:42,2.0,200,6750
20240215,14:37:49,2.0,2200,6750
20240215,14:38:02,1.95,550,6750
20240215,14:38:23,1.95,150,6750
20240215,14:39:18,2.0,50,6750
20240215,14:40:13,2.05,50,6750
20240215,14:40:56,2.05,200,7700
20240215,14:42:06,2.05,250,7700
20240215,14:46:49,2.0,250,7900
20240215,14:47:43,2.05,250,7900
20240215,14:49:34,2.05,600,7550
20240215,14:50:08,2.1,1100,7550
20240215,14:50:15,2.05,400,7550
20240215,14:50:29,2.1,400,7550
20240215,14:50:58,2.1,50,7550
20240215,14:51:07,2.1,400,7550
20240215,14:51:33,2.25,2200,7550
20240215,14:52:06,2.1,350,7550
20240215,14:52:15,2.15,400,7550
20240215,14:52:35,2.15,450,9350
20240215,14:52:46,2.15,550,9350
20240215,14:53:28,2.2,50,9350
20240215,14:53:35,2.25,450,9350
20240215,14:54:41,2.2,500,9350
20240215,14:54:48,2.15,50,9350
20240215,14:55:02,2.15,50,9350
20240215,14:56:16,2.15,50,10150
20240215,14:57:29,2.05,800,10150
20240215,14:57:37,2.1,50,10150
20240215,14:57:55,2.1,350,10150
20240215,14:58:02,2.1,250,10150
20240215,14:58:09,2.1,400,10150
20240215,15:01:17,2.2,350,10150
20240215,15:02:01,2.15,50,10150
20240215,15:02:36,2.15,50,10150
20240215,15:03:09,2.15,200,10150
20240215,15:04:15,2.1,50,10150
20240215,15:04:23,2.15,50,10150
20240215,15:04:32,2.1,50,9900
20240215,15:04:48,2.15,300,9900
20240215,15:05:26,2.15,200,9900
20240215,15:08:07,2.1,100,10100
20240215,15:08:58,2.15,50,10100
20240215,15:11:12,2.05,50,10050
20240215,15:12:28,2.05,300,10050
20240215,15:14:02,2.05,500,9700
20240215,15:14:22,2.1,50,9700
20240215,15:14:30,2.05,50,9700
20240215,15:15:07,2.05,300,9700
20240215,15:16:18,2.0,700,9700
20240215,15:16:39,2.05,50,9250
20240215,15:17:16,2.05,100,9250
20240215,15:17:24,2.0,400,9250
20240215,15:18:36,2.05,50,9250
20240215,15:19:09,1.95,1800,9250
20240215,15:19:29,2.0,50,9250
20240215,15:19:42,1.95,1800,9200
20240215,15:19:50,1.95,2950,9200
20240215,15:20:03,1.95,700,9200
20240215,15:20:09,1.95,650,9200
20240215,15:20:15,1.9,550,9200
20240215,15:20:28,1.9,250,9200
20240215,15:20:35,1.95,250,9200
20240215,15:20:41,1.9,50,9200
20240215,15:20:49,1.9,250,9200
20240215,15:21:11,1.9,450,9200
20240215,15:21:18,1.85,1650,9200
20240215,15:21:25,1.9,50,9200
20240215,15:21:32,1.85,1800,9200
20240215,15:21:38,1.9,1900,9200
20240215,15:21:45,1.85,1800,9200
20240215,15:21:52,1.9,1050,9200
20240215,15:22:05,1.95,1950,9200
20240215,15:22:13,1.95,1050,9200
20240215,15:22:20,1.9,50,9200
20240215,15:22:28,1.9,150,9200
20240215,15:23:06,1.95,200,20400
20240215,15:23:33,1.95,50,20400
20240215,15:23:57,1.9,300,20400
20240215,15:24:44,1.95,50,20400
20240215,15:25:06,1.95,200,20400
20240215,15:25:14,1.95,100,20400
20240215,15:25:54,2.0,1000,20500
20240215,15:26:53,1.95,1200,20500
20240215,15:27:07,2.0,1900,20500
20240215,15:27:12,2.0,100,20500
20240215,15:27:18,1.95,550,20500
20240215,15:27:29,1.95,550,20500
20240215,15:27:35,1.9,850,20500
20240215,15:27:50,2.0,350,20500
20240215,15:27:58,1.9,200,20500
20240215,15:28:46,1.95,1000,21750
20240215,15:29:01,1.95,100,21750
20240215,15:29:08,1.9,850,21750
20240215,15:29:36,1.9,1900,21750
20240215,15:29:44,1.9,350,21750
20240215,15:29:53,1.9,400,21750
20240215,15:30:02,1.95,400,21750
20240216,09:15:01,2.0,1,24350
20240216,09:15:01,2.0,150,24350
20240216,09:15:02,1.05,200,24350
20240216,09:15:04,1.05,100,24350
20240216,09:15:05,1.8,650,24350
20240216,09:15:06,1.95,200,24350
20240216,09:15:12,1.85,150,24350
20240216,09:15:14,1.95,50,24350
20240216,09:15:26,1.7,50,24350
20240216,09:15:36,1.7,100,25000
20240216,09:15:40,1.6,300,25000
20240216,09:15:44,1.65,500,25000
20240216,09:15:47,1.65,50,25000
20240216,09:16:08,1.65,250,25000
20240216,09:16:24,1.65,1100,25000
20240216,09:16:32,1.65,300,25000
20240216,09:16:35,1.6,300,25000
20240216,09:16:39,1.6,250,25000
20240216,09:16:46,1.55,600,25000
20240216,09:16:47,1.55,100,25000
20240216,09:16:51,1.45,450,25000
20240216,09:16:59,1.5,100,25000
20240216,09:17:07,1.6,500,25000
20240216,09:17:09,1.6,600,25000
20240216,09:17:09,1.6,250,25000
20240216,09:17:20,1.65,650,25000
20240216,09:17:27,1.65,850,25000
20240216,09:17:30,1.6,400,25000
20240216,09:18:05,1.6,250,25000
20240216,09:18:12,1.65,700,25000
20240216,09:18:14,1.65,250,25000
20240216,09:18:20,1.6,100,25000
20240216,09:18:43,1.55,400,25700
20240216,09:18:44,1.55,200,25700
20240216,09:18:59,1.55,50,25700
20240216,09:19:00,1.55,150,25700
20240216,09:19:07,1.55,250,25700
20240216,09:19:29,1.55,50,25700
20240216,09:19:36,1.55,1000,25700
20240216,09:19:50,1.55,1050,25700
20240216,09:20:08,1.6,1500,25700
20240216,09:20:15,1.6,50,25700
20240216,09:20:16,1.6,100,25700
20240216,09:20:17,1.6,200,25700
20240216,09:20:18,1.6,200,25700
20240216,09:20:19,1.6,200,25700
20240216,09:20:20,1.6,50,25700
20240216,09:20:21,1.6,550,25700
20240216,09:20:22,1.6,50,25700
20240216,09:20:23,1.6,50,25700
20240216,09:20:24,1.6,50,25700
20240216,09:20:25,1.6,50,25700
20240216,09:20:26,1.6,50,25700
20240216,09:20:27,1.6,200,25700
20240216,09:20:28,1.6,1450,25700
20240216,09:20:29,1.6,200,25700
20240216,09:20:34,1.6,50,25700
20240216,09:20:35,1.6,200,25700
20240216,09:20:36,1.6,200,25700
20240216,09:20:37,1.6,200,25700
20240216,09:20:41,1.6,250,25700
20240216,09:20:42,1.6,50,25700
20240216,09:20:43,1.65,50,25700
20240216,09:20:44,1.6,50,25700
20240216,09:20:46,1.65,150,25700
20240216,09:20:48,1.6,50,25700
20240216,09:20:49,1.65,150,25700
20240216,09:20:50,1.65,200,25700
20240216,09:20:51,1.6,250,25700
20240216,09:20:52,1.65,200,25700
20240216,09:20:53,1.65,200,25700
20240216,09:20:54,1.65,200,25700
20240216,09:20:55,1.65,200,25700
20240216,09:20:56,1.65,500,25700
20240216,09:20:57,1.65,200,25700
20240216,09:20:58,1.65,200,25700
20240216,09:20:59,1.65,200,25700
20240216,09:21:00,1.65,50,25700
20240216,09:21:01,1.65,50,25700
20240216,09:21:02,1.65,50,25700
20240216,09:21:03,1.7,100,25700
20240216,09:21:16,1.6,500,25700
20240216,09:21:21,1.65,100,25700
20240216,09:22:08,1.6,50,25700
20240216,09:22:10,1.6,50,27250
20240216,09:22:11,1.6,50,27250
20240216,09:22:14,1.65,50,27250
20240216,09:22:17,1.65,50,27250
20240216,09:22:20,1.65,50,27250
20240216,09:22:23,1.65,50,27250
20240216,09:22:26,1.65,50,27250
20240216,09:22:29,1.65,50,27250
20240216,09:22:30,1.6,200,27250
20240216,09:22:30,1.6,50,27250
20240216,09:22:33,1.6,850,27250
20240216,09:22:34,1.65,50,27250
20240216,09:22:35,1.65,50,27250
20240216,09:22:36,1.65,50,27250
20240216,09:22:37,1.65,50,27250
20240216,09:22:38,1.65,50,27250
20240216,09:22:39,1.65,50,27250
20240216,09:22:40,1.65,50,27250
20240216,09:23:00,1.65,100,27250
20240216,09:23:03,1.65,100,27250
20240216,09:23:04,1.65,100,27250
20240216,09:23:05,1.65,100,27250
20240216,09:23:06,1.6,300,27250
20240216,09:23:07,1.55,3700,27250
20240216,09:23:08,1.6,600,27250
20240216,09:23:43,1.6,200,27250
20240216,09:23:44,1.6,200,27250
20240216,09:23:45,1.6,200,27250
20240216,09:23:46,1.6,200,27250
20240216,09:23:47,1.6,200,27250
20240216,09:23:48,1.6,50,27250
20240216,09:23:49,1.6,50,27250
20240216,09:23:50,1.6,50,27250
20240216,09:23:51,1.6,50,27250
20240216,09:24:44,1.6,300,26000
20240216,09:25:01,1.55,50,26000
20240216,09:25:02,1.55,50,26000
20240216,09:25:03,1.55,200,26000
20240216,09:25:04,1.55,200,26000
20240216,09:25:05,1.55,200,26000
20240216,09:25:06,1.55,200,26000
20240216,09:25:07,1.55,200,26000
20240216,09:25:08,1.55,200,26000
20240216,09:25:09,1.55,200,26000
20240216,09:25:11,1.55,400,26000
20240216,09:25:12,1.55,200,26000
20240216,09:25:13,1.55,200,26000
20240216,09:25:14,1.55,50,26000
20240216,09:25:15,1.55,300,26000
20240216,09:25:17,1.55,50,26000
20240216,09:25:18,1.55,100,26000
20240216,09:25:19,1.55,50,26000
20240216,09:25:20,1.5,50,26000
20240216,09:25:21,1.5,50,26000
20240216,09:25:22,1.55,150,26000
20240216,09:25:23,1.5,50,26000
20240216,09:25:34,1.55,50,26000
20240216,09:25:36,1.5,50,26000
20240216,09:25:37,1.5,50,26000
20240216,09:25:38,1.5,50,26000
20240216,09:25:39,1.5,100,26000
20240216,09:25:40,1.5,50,26000
20240216,09:25:41,1.5,100,26000
20240216,09:25:42,1.5,200,26000
20240216,09:25:43,1.5,200,26000
20240216,09:25:44,1.5,200,26000
20240216,09:25:45,1.5,50,26000
20240216,09:25:48,1.5,50,26000
20240216,09:25:49,1.5,50,26000
20240216,09:25:50,1.5,200,26000
20240216,09:25:51,1.5,200,26000
20240216,09:25:52,1.5,50,26000
20240216,09:25:53,1.5,50,26000
20240216,09:25:54,1.5,200,26000
20240216,09:25:55,1.5,250,26000
20240216,09:25:56,1.5,700,26000
20240216,09:25:57,1.5,50,26000
20240216,09:25:58,1.5,50,26000
20240216,09:25:59,1.45,100,26000
20240216,09:26:00,1.5,50,26000
20240216,09:26:03,1.5,50,26000
20240216,09:26:04,1.5,50,26000
20240216,09:26:29,1.5,500,26000
20240216,09:26:32,1.5,500,26000
20240216,09:26:34,1.55,50,26000
20240216,09:26:51,1.5,250,26000
20240216,09:26:55,1.5,1800,26000
20240216,09:26:56,1.5,1150,26000
20240216,09:26:57,1.5,300,26000
20240216,09:26:58,1.5,2000,26000
20240216,09:26:59,1.5,350,26000
20240216,09:27:00,1.5,1900,26000
20240216,09:27:01,1.5,200,26000
20240216,09:27:02,1.45,900,26000
20240216,09:27:03,1.45,50,26000
20240216,09:27:06,1.5,200,26000
20240216,09:27:12,1.5,250,26000
20240216,09:27:18,1.5,250,26000
20240216,09:27:19,1.5,3400,26000
20240216,09:27:20,1.5,1450,26000
20240216,09:27:27,1.5,50,26000
20240216,09:27:33,1.45,50,22750
20240216,09:28:10,1.45,50,22750
20240216,09:28:48,1.45,350,22750
20240216,09:28:58,1.45,200,22750
20240216,09:29:21,1.45,100,22750
20240216,09:29:29,1.5,1800,22750
20240216,09:29:32,1.5,250,22750
20240216,09:29:46,1.5,350,22750
20240216,09:29:47,1.5,1550,22750
20240216,09:30:20,1.55,50,22750
20240216,09:30:21,1.55,50,22750
20240216,09:30:22,1.55,50,22750
20240216,09:30:23,1.55,200,22750
20240216,09:30:24,1.55,200,22750
20240216,09:30:25,1.55,200,22750
20240216,09:30:26,1.55,50,22750
20240216,09:30:27,1.55,200,22750
20240216,09:30:28,1.55,200,22700
20240216,09:30:29,1.55,200,22700
20240216,09:30:30,1.55,200,22700
20240216,09:30:31,1.55,200,22700
20240216,09:30:32,1.55,200,22700
20240216,09:30:33,1.55,200,22700
20240216,09:30:34,1.55,200,22700
20240216,09:30:35,1.55,200,22700
20240216,09:30:36,1.55,200,22700
20240216,09:30:37,1.55,200,22700
20240216,09:30:38,1.55,750,22700
20240216,09:30:39,1.55,200,22700
20240216,09:30:40,1.55,200,22700
20240216,09:30:41,1.55,200,22700
20240216,09:30:50,1.55,50,22700
20240216,09:30:51,1.55,50,22700
20240216,09:30:52,1.55,200,22700
20240216,09:30:53,1.55,200,22700
20240216,09:30:54,1.55,50,22700
20240216,09:30:55,1.55,50,22700
20240216,09:30:56,1.55,50,22700
20240216,09:30:57,1.55,50,22700
20240216,09:30:58,1.55,100,22700
20240216,09:30:59,1.55,200,22700
20240216,09:31:00,1.55,200,22700
20240216,09:31:01,1.55,200,22700
20240216,09:31:02,1.55,200,22700
20240216,09:31:03,1.55,200,22700
20240216,09:31:04,1.55,200,22700
20240216,09:31:05,1.55,200,22700
20240216,09:31:06,1.55,200,22700
20240216,09:31:07,1.55,50,22700
20240216,09:31:08,1.55,50,22700
20240216,09:31:09,1.55,50,22700
20240216,09:31:10,1.55,200,22700
20240216,09:31:11,1.55,2000,22700
20240216,09:31:12,1.55,200,22700
20240216,09:31:13,1.55,200,22700
20240216,09:31:14,1.55,200,22700
20240216,09:31:17,1.55,550,22700
20240216,09:31:24,1.5,50,22700
20240216,09:31:43,1.55,50,22700
20240216,09:31:44,1.55,50,22700
20240216,09:31:45,1.55,50,22700
20240216,09:31:46,1.55,200,22700
20240216,09:31:47,1.55,200,22700
20240216,09:31:48,1.55,200,22700
20240216,09:31:49,1.55,200,22700
20240216,09:32:01,1.55,50,22700
20240216,09:32:02,1.5,150,22700
20240216,09:32:03,1.55,50,22700
20240216,09:32:04,1.55,50,22700
20240216,09:32:05,1.55,200,22700
20240216,09:32:06,1.55,200,22700
20240216,09:32:07,1.55,200,22700
20240216,09:32:08,1.55,200,22700
20240216,09:32:11,1.55,50,22700
20240216,09:32:12,1.55,50,22700
20240216,09:32:13,1.55,50,22700
20240216,09:32:14,1.55,50,22700
20240216,09:32:15,1.55,50,22700
20240216,09:32:17,1.55,100,22700
20240216,09:32:18,1.55,50,22700
20240216,09:32:19,1.55,50,22700
20240216,09:32:20,1.55,50,22700
20240216,09:32:21,1.55,50,22700
20240216,09:32:22,1.55,200,22700
20240216,09:32:23,1.55,200,22700
20240216,09:32:24,1.55,50,22700
20240216,09:32:25,1.55,50,22700
20240216,09:32:26,1.55,50,22700
20240216,09:32:31,1.55,200,22700
20240216,09:32:34,1.55,50,22700
20240216,09:32:35,1.55,100,22700
20240216,09:32:36,1.55,50,22700
20240216,09:32:37,1.55,50,22700
20240216,09:32:38,1.55,50,22700
20240216,09:32:39,1.55,50,22700
20240216,09:32:40,1.55,200,22700
20240216,09:32:41,1.55,200,22700
20240216,09:32:42,1.55,200,22700
20240216,09:32:45,1.55,50,22700
20240216,09:32:53,1.55,50,22700
20240216,09:32:54,1.55,50,22700
20240216,09:32:55,1.55,50,22700
20240216,09:32:57,1.55,50,22700
20240216,09:33:13,1.55,50,22700
20240216,09:33:14,1.55,50,22700
20240216,09:33:15,1.55,200,22700
20240216,09:33:16,1.55,200,22700
20240216,09:33:17,1.55,200,22700
20240216,09:33:18,1.55,200,22700
20240216,09:33:20,1.55,50,22700
20240216,09:33:22,1.55,50,22700
20240216,09:33:23,1.55,50,22700
20240216,09:33:24,1.55,50,22700
20240216,09:33:25,1.55,200,22700
20240216,09:33:26,1.55,200,22700
20240216,09:33:27,1.55,200,22700
20240216,09:33:31,1.5,650,31300
20240216,09:33:37,1.55,50,31300
20240216,09:34:41,1.5,50,31300
20240216,09:34:42,1.5,50,31300
20240216,09:34:43,1.5,50,31300
20240216,09:34:44,1.5,50,31300
20240216,09:34:45,1.5,50,31300
20240216,09:34:46,1.5,50,31300
20240216,09:34:47,1.5,50,31300
20240216,09:34:48,1.5,50,31300
20240216,09:34:49,1.5,50,31300
20240216,09:34:50,1.5,50,31300
20240216,09:34:51,1.5,50,31300
20240216,09:34:51,1.5,500,31300
20240216,09:34:52,1.5,50,31300
20240216,09:34:53,1.5,50,31300
20240216,09:34:54,1.5,100,31300
20240216,09:34:55,1.5,50,31300
20240216,09:34:56,1.5,50,31300
20240216,09:34:57,1.5,50,31300
20240216,09:34:58,1.5,50,31300
20240216,09:34:59,1.5,50,31300
20240216,09:35:00,1.5,50,31300
20240216,09:35:01,1.5,50,31300
20240216,09:35:03,1.5,500,31300
20240216,09:35:05,1.5,50,31300
20240216,09:35:07,1.5,50,31300
20240216,09:35:11,1.5,500,31300
20240216,09:35:17,1.5,50,31300
20240216,09:35:18,1.5,50,31300
20240216,09:35:19,1.5,50,31300
20240216,09:35:20,1.5,50,31300
20240216,09:35:21,1.5,50,31300
20240216,09:35:22,1.5,50,31300
20240216,09:35:23,1.5,50,31300
20240216,09:35:24,1.5,50,31300
20240216,09:35:25,1.5,50,31300
20240216,09:35:26,1.5,50,31300
20240216,09:35:27,1.5,50,31300
20240216,09:35:28,1.5,50,31300
20240216,09:35:29,1.5,50,31300
20240216,09:35:30,1.5,50,31300
20240216,09:35:31,1.5,50,31300
20240216,09:35:32,1.5,50,31300
20240216,09:35:33,1.5,50,31300
20240216,09:35:42,1.5,50,31300
20240216,09:35:43,1.5,50,31300
20240216,09:35:44,1.5,200,31300
20240216,09:35:45,1.5,200,31300
20240216,09:35:46,1.5,200,31300
20240216,09:35:47,1.5,200,31300
20240216,09:35:48,1.5,250,31300
20240216,09:35:49,1.5,200,31300
20240216,09:35:50,1.5,200,31300
20240216,09:35:52,1.5,50,31300
20240216,09:35:53,1.5,50,31300
20240216,09:35:55,1.55,150,31300
20240216,09:35:56,1.5,50,31300
20240216,09:35:57,1.5,200,31300
20240216,09:35:58,1.5,200,31300
20240216,09:35:59,1.5,200,31300
20240216,09:36:01,1.5,400,31300
20240216,09:36:02,1.5,200,31300
20240216,09:36:03,1.5,200,31300
20240216,09:36:04,1.5,200,31300
20240216,09:36:05,1.5,200,31300
20240216,09:36:06,1.5,200,31300
20240216,09:36:08,1.5,400,31300
20240216,09:36:09,1.4,5900,31300
20240216,09:36:10,1.45,150,31300
20240216,09:36:11,1.45,500,31300
20240216,09:36:12,1.45,200,31300
20240216,09:36:13,1.45,200,31300
20240216,09:36:14,1.45,300,31300
20240216,09:36:17,1.45,50,31300
20240216,09:36:18,1.45,50,31300
20240216,09:36:19,1.45,50,31300
20240216,09:36:20,1.45,50,31300
20240216,09:36:21,1.45,50,31300
20240216,09:36:22,1.45,50,31300
20240216,09:36:23,1.45,50,31300
20240216,09:36:24,1.45,50,31300
20240216,09:36:25,1.45,50,31300
20240216,09:36:26,1.45,50,31300
20240216,09:36:27,1.45,50,31300
20240216,09:36:28,1.5,1950,26800
20240216,09:37:01,1.45,1250,26800
20240216,09:37:02,1.45,1700,26800
20240216,09:37:03,1.45,100,26800
20240216,09:37:04,1.45,200,26800
20240216,09:37:05,1.45,200,26800
20240216,09:37:06,1.45,200,26800
20240216,09:37:07,1.45,200,26800
20240216,09:37:08,1.45,200,26800
20240216,09:37:09,1.45,900,26800
20240216,09:37:10,1.45,300,26800
20240216,09:37:11,1.45,200,26800
20240216,09:37:12,1.45,200,26800
20240216,09:37:13,1.45,200,26800
20240216,09:37:14,1.45,50,26800
20240216,09:37:15,1.45,50,26800
20240216,09:37:16,1.45,550,26800
20240216,09:37:17,1.45,550,26800
20240216,09:37:18,1.45,300,26800
20240216,09:37:19,1.45,100,26800
20240216,09:37:20,1.45,50,26800
20240216,09:37:21,1.45,50,26800
20240216,09:37:22,1.45,50,26800
20240216,09:37:23,1.45,50,26800
20240216,09:37:24,1.45,50,26800
20240216,09:37:25,1.45,200,26800
20240216,09:37:26,1.45,200,26800
20240216,09:37:27,1.45,50,26800
20240216,09:37:28,1.45,50,26800
20240216,09:37:29,1.45,50,26800
20240216,09:37:30,1.45,50,26800
20240216,09:37:31,1.45,50,26800
20240216,09:37:32,1.45,50,26800
20240216,09:37:33,1.45,50,26800
20240216,09:37:34,1.45,200,26800
20240216,09:37:35,1.45,200,26800
20240216,09:37:36,1.45,250,26800
20240216,09:37:37,1.45,250,26800
20240216,09:37:38,1.45,50,26800
20240216,09:37:40,1.45,1900,26800
20240216,09:38:24,1.45,1500,26800
20240216,09:38:37,1.45,1000,26800
20240216,09:39:16,1.45,1500,26800
20240216,09:39:21,1.4,50,26800
20240216,09:39:27,1.4,50,26800
20240216,09:39:38,1.45,300,26800
20240216,09:39:53,1.4,50,27750
20240216,09:39:54,1.4,200,27750
20240216,09:39:55,1.4,200,27750
20240216,09:39:56,1.4,200,27750
20240216,09:39:57,1.4,200,27750
20240216,09:39:58,1.4,200,27750
20240216,09:39:59,1.4,450,27750
20240216,09:40:00,1.35,200,27750
20240216,09:40:01,1.35,200,27750
20240216,09:40:02,1.35,200,27750
20240216,09:40:03,1.35,200,27750
20240216,09:40:08,1.35,50,27750
20240216,09:40:11,1.35,50,27750
20240216,09:40:13,1.35,50,27750
20240216,09:40:14,1.35,50,27750
20240216,09:40:15,1.35,50,27750
20240216,09:40:16,1.35,50,27750
20240216,09:40:17,1.35,50,27750
20240216,09:40:23,1.35,50,27750
20240216,09:40:24,1.35,50,27750
20240216,09:41:06,1.35,50,27750
20240216,09:41:07,1.35,50,27750
20240216,09:41:09,1.35,50,27750
20240216,09:41:10,1.35,50,27750
20240216,09:41:11,1.35,50,27750
20240216,09:41:12,1.35,50,27750
20240216,09:41:13,1.35,50,27750
20240216,09:41:14,1.35,50,27750
20240216,09:41:14,1.4,3150,27750
20240216,09:41:19,1.4,300,27750
20240216,09:41:20,1.4,50,27750
20240216,09:41:21,1.4,50,27750
20240216,09:41:36,1.4,50,27750
20240216,09:41:37,1.4,50,27750
20240216,09:41:45,1.4,50,27750
20240216,09:41:46,1.4,50,27750
20240216,09:41:47,1.4,50,27750
20240216,09:41:48,1.4,50,27750
20240216,09:41:49,1.35,1450,27750
20240216,09:41:50,1.4,750,27750
20240216,09:41:51,1.4,150,27750
20240216,09:43:57,1.4,50,27750
20240216,09:44:34,1.45,50,26600
20240216,09:45:03,1.4,250,26600
20240216,09:45:12,1.45,50,26600
20240216,09:45:14,1.45,50,26600
20240216,09:45:29,1.4,50,26600
20240216,09:45:33,1.35,2450,26600
20240216,09:45:34,1.35,1800,27000
20240216,09:46:06,1.4,150,27000
20240216,09:46:32,1.35,1800,27000
20240216,09:46:33,1.35,1800,27000
20240216,09:46:53,1.4,450,27000
20240216,09:46:58,1.35,250,27000
20240216,09:46:59,1.35,50,27000
20240216,09:47:00,1.35,50,27000
20240216,09:47:01,1.35,500,27000
20240216,09:47:08,1.35,1700,27000
20240216,09:47:09,1.35,700,27000
20240216,09:47:10,1.35,50,27000
20240216,09:47:11,1.35,250,27000
20240216,09:47:13,1.35,50,27000
20240216,09:47:18,1.35,100,27000
20240216,09:47:48,1.35,600,27000
20240216,09:47:56,1.35,300,27000
20240216,09:47:58,1.35,50,27000
20240216,09:47:59,1.35,300,27000
20240216,09:48:01,1.35,400,27000
20240216,09:48:05,1.35,50,27000
20240216,09:48:18,1.35,100,27000
20240216,09:48:19,1.35,100,27000
20240216,09:48:23,1.35,300,27000
20240216,09:49:02,1.35,250,27000
20240216,09:49:03,1.35,250,34250
20240216,09:49:04,1.35,250,34250
20240216,09:49:09,1.35,750,34250
20240216,09:49:14,1.35,250,34250
20240216,09:49:49,1.3,3650,34250
20240216,09:49:50,1.3,50,34250
20240216,09:50:05,1.3,1800,34250
20240216,09:52:06,1.3,50,34250
20240216,09:52:23,1.35,1400,37650
20240216,09:53:11,1.35,50,37650
20240216,09:53:21,1.35,1800,37650
20240216,09:53:23,1.35,1800,37650
20240216,09:53:29,1.35,50,37650
20240216,09:53:30,1.35,50,37650
20240216,09:53:31,1.35,50,37650
20240216,09:53:43,1.35,50,37650
20240216,09:53:44,1.35,50,37650
20240216,09:53:45,1.35,50,37650
20240216,09:53:46,1.35,50,37650
20240216,09:53:50,1.35,50,37650
20240216,09:53:54,1.35,50,37650
20240216,09:53:56,1.35,50,37650
20240216,09:53:57,1.35,50,37650
20240216,09:53:58,1.35,50,37650
20240216,09:53:59,1.35,50,37650
20240216,09:54:00,1.35,50,37650
20240216,09:54:01,1.35,50,37650
20240216,09:54:02,1.35,50,37650
20240216,09:54:03,1.35,50,37650
20240216,09:54:04,1.35,50,37650
20240216,09:54:05,1.35,50,37650
20240216,09:54:06,1.35,50,37650
20240216,09:54:07,1.35,50,37650
20240216,09:54:08,1.35,50,37650
20240216,09:54:09,1.35,50,37650
20240216,09:54:10,1.35,50,37650
20240216,09:54:11,1.35,50,37650
20240216,09:54:12,1.35,50,37650
20240216,09:54:13,1.35,50,37650
20240216,09:54:14,1.35,50,37650
20240216,09:54:15,1.35,50,37650
20240216,09:54:16,1.35,50,37650
20240216,09:54:17,1.35,50,37650
20240216,09:54:18,1.35,50,37650
20240216,09:54:19,1.35,50,37650
20240216,09:54:20,1.35,50,37650
20240216,09:54:21,1.35,50,37650
20240216,09:54:22,1.35,50,37650
20240216,09:54:23,1.35,1900,37650
20240216,09:54:24,1.4,50,37650
20240216,09:54:25,1.4,50,37650
20240216,09:54:26,1.4,50,37650
20240216,09:54:27,1.4,50,37650
20240216,09:54:28,1.4,1400,37650
20240216,09:54:29,1.4,50,37650
20240216,09:54:30,1.4,50,37650
20240216,09:54:31,1.4,50,44150
20240216,09:54:32,1.4,50,44150
20240216,09:54:33,1.4,50,44150
20240216,09:54:34,1.4,50,44150
20240216,09:54:35,1.4,50,44150
20240216,09:54:36,1.4,50,44150
20240216,09:54:37,1.4,50,44150
20240216,09:54:38,1.4,50,44150
20240216,09:54:39,1.4,50,44150
20240216,09:54:40,1.4,50,44150
20240216,09:54:41,1.4,50,44150
20240216,09:54:42,1.35,100,44150
20240216,09:54:43,1.4,50,44150
20240216,09:54:44,1.4,50,44150
20240216,09:54:45,1.4,100,44150
20240216,09:54:46,1.4,150,44150
20240216,09:54:47,1.4,50,44150
20240216,09:54:48,1.4,50,44150
20240216,09:54:49,1.35,100,44150
20240216,09:54:50,1.4,50,44150
20240216,09:54:51,1.35,50,44150
20240216,09:54:57,1.4,50,44150
20240216,09:54:58,1.4,50,44150
20240216,09:54:59,1.4,50,44150
20240216,09:55:00,1.35,100,44150
20240216,09:55:01,1.4,50,44150
20240216,09:55:02,1.4,150,44150
20240216,09:55:03,1.4,200,44150
20240216,09:55:04,1.4,200,44150
20240216,09:55:05,1.4,200,44150
20240216,09:55:06,1.4,200,44150
20240216,09:55:07,1.4,200,44150
20240216,09:55:08,1.4,200,44150
20240216,09:55:14,1.35,50,44150
20240216,09:55:16,1.4,50,44150
20240216,09:55:23,1.4,1500,44150
20240216,09:55:30,1.4,800,44150
20240216,09:55:31,1.4,1800,44150
20240216,09:55:33,1.4,1100,44150
20240216,09:55:35,1.4,200,44150
20240216,09:55:37,1.4,50,44150
20240216,09:55:37,1.4,250,44150
20240216,09:55:42,1.4,250,44150
20240216,09:55:45,1.4,250,44150
20240216,09:56:07,1.4,50,44150
20240216,09:56:23,1.4,250,44150
20240216,09:56:32,1.45,50,44150
20240216,09:56:33,1.45,50,44150
20240216,09:56:34,1.45,200,44150
20240216,09:56:35,1.45,200,44150
20240216,09:56:36,1.45,200,44150
20240216,09:56:39,1.45,50,44150
20240216,09:56:40,1.45,50,44150
20240216,09:56:41,1.45,50,44150
20240216,09:56:42,1.45,200,44150
20240216,09:56:43,1.45,200,44150
20240216,09:56:44,1.45,200,44150
20240216,09:56:45,1.45,200,44150
20240216,09:56:46,1.45,200,44150
20240216,09:56:47,1.45,200,44150
20240216,09:56:48,1.45,200,44150
20240216,09:56:49,1.45,200,44150
20240216,09:56:50,1.45,200,44150
20240216,09:56:51,1.45,200,44150
20240216,09:56:52,1.45,200,44150
20240216,09:56:54,1.45,250,44150
20240216,09:56:55,1.45,50,44150
20240216,09:56:56,1.45,100,44150
20240216,09:56:57,1.45,200,44150
20240216,09:56:58,1.45,200,44150
20240216,09:56:59,1.45,200,44150
20240216,09:57:00,1.45,200,44150
20240216,09:57:01,1.45,200,44150
20240216,09:57:03,1.45,400,44150
20240216,09:57:04,1.45,200,44150
20240216,09:57:05,1.45,200,44150
20240216,09:57:06,1.45,1900,44150
20240216,09:57:07,1.5,200,44150
20240216,09:57:08,1.45,300,44150
20240216,09:57:09,1.5,200,44150
20240216,09:57:11,1.5,400,44150
20240216,09:57:13,1.5,400,44150
20240216,09:57:14,1.5,200,44150
20240216,09:57:14,1.45,50,44150
20240216,09:57:15,1.5,200,44150
20240216,09:57:16,1.5,200,44150
20240216,09:57:17,1.5,200,44150
20240216,09:57:18,1.5,200,44150
20240216,09:57:19,1.5,200,44150
20240216,09:57:20,1.5,200,44150
20240216,09:57:21,1.5,200,44150
20240216,09:57:22,1.5,200,44150
20240216,09:57:23,1.5,200,44150
20240216,09:57:24,1.5,200,44150
20240216,09:57:25,1.5,200,44150
20240216,09:57:27,1.5,400,44150
20240216,09:57:28,1.5,50,44150
20240216,09:57:30,1.5,250,44150
20240216,09:57:31,1.5,200,44150
20240216,09:57:32,1.5,200,49950
20240216,09:57:33,1.5,200,49950
20240216,09:57:34,1.5,200,49950
20240216,09:57:35,1.5,200,49950
20240216,09:57:36,1.5,200,49950
20240216,09:57:37,1.5,200,49950
20240216,09:57:38,1.5,200,49950
20240216,09:57:40,1.5,50,49950
20240216,09:57:41,1.5,50,49950
20240216,09:57:42,1.5,50,49950
20240216,09:57:43,1.5,50,49950
20240216,09:57:44,1.5,50,49950
20240216,09:57:45,1.5,50,49950
20240216,09:57:46,1.5,50,49950
20240216,09:57:47,1.5,50,49950
20240216,09:57:48,1.5,50,49950
20240216,09:57:49,1.5,50,49950
20240216,09:57:50,1.5,50,49950
20240216,09:57:52,1.5,100,49950
20240216,09:57:53,1.5,200,49950
20240216,09:57:55,1.5,2200,49950
20240216,09:57:55,1.5,1800,49950
20240216,09:57:56,1.5,2950,49950
20240216,09:57:57,1.5,50,49950
20240216,09:57:59,1.55,100,49950
20240216,09:57:59,1.5,250,49950
20240216,09:58:00,1.5,50,49950
20240216,09:58:01,1.5,50,49950
20240216,09:58:02,1.5,50,49950
20240216,09:58:03,1.5,200,49950
20240216,09:58:04,1.5,350,49950
20240216,09:58:05,1.5,200,49950
20240216,09:58:06,1.5,200,49950
20240216,09:58:07,1.5,300,49950
20240216,09:58:08,1.5,200,49950
20240216,09:58:09,1.5,200,49950
20240216,09:58:12,1.5,50,49950
20240216,09:58:13,1.5,50,49950
20240216,09:58:14,1.5,50,49950
20240216,09:58:15,1.5,50,49950
20240216,09:58:16,1.5,50,49950
20240216,09:58:17,1.5,50,49950
20240216,09:58:18,1.5,50,49950
20240216,09:58:19,1.5,50,49950
20240216,09:58:20,1.5,50,49950
20240216,09:58:21,1.5,50,49950
20240216,09:58:22,1.5,50,49950
20240216,09:58:23,1.5,50,49950
20240216,09:58:24,1.5,50,49950
20240216,09:58:24,1.5,900,49950
20240216,09:58:25,1.55,200,49950
20240216,09:58:27,1.55,400,49950
20240216,09:58:29,1.55,50,49950
20240216,09:58:30,1.55,50,49950
20240216,09:58:31,1.55,50,49950
20240216,09:58:31,1.5,50,49950
20240216,09:58:33,1.5,100,49950
20240216,09:58:41,1.5,50,49950
20240216,09:58:54,1.5,1850,49950
20240216,09:58:56,1.5,400,49950
20240216,09:59:10,1.5,50,49950
20240216,09:59:11,1.5,250,49950
20240216,09:59:26,1.45,100,49950
20240216,09:59:36,1.5,100,49950
20240216,10:00:01,1.5,50,49950
20240216,10:00:02,1.5,50,49950
20240216,10:00:04,1.5,50,49950
20240216,10:00:05,1.5,50,49950
20240216,10:00:06,1.5,50,49950
20240216,10:00:07,1.5,50,49950
20240216,10:00:09,1.5,50,49950
20240216,10:00:10,1.5,50,49950
20240216,10:00:16,1.5,50,49950
20240216,10:01:29,1.5,1000,49950
20240216,10:01:52,1.45,1500,48550
20240216,10:02:01,1.45,250,48550
20240216,10:03:59,1.45,1800,47350
20240216,10:04:00,1.45,100,47350
20240216,10:04:01,1.45,200,47350
20240216,10:04:02,1.45,250,47350
20240216,10:04:03,1.45,250,47350
20240216,10:04:04,1.45,200,47350
20240216,10:04:05,1.45,250,47350
20240216,10:04:06,1.5,2000,47350
20240216,10:04:07,1.45,50,47350
20240216,10:04:08,1.45,50,47350
20240216,10:04:09,1.45,50,47350
20240216,10:04:10,1.45,200,47350
20240216,10:04:11,1.45,250,47350
20240216,10:04:12,1.45,200,47350
20240216,10:04:13,1.45,200,47350
20240216,10:04:14,1.45,200,47350
20240216,10:04:15,1.45,200,47350
20240216,10:04:16,1.45,200,47350
20240216,10:04:17,1.45,200,47350
20240216,10:04:18,1.45,200,47350
20240216,10:04:19,1.4,350,47350
20240216,10:04:20,1.4,50,47350
20240216,10:04:21,1.4,200,47350
20240216,10:04:22,1.4,200,47350
20240216,10:04:23,1.4,200,47350
20240216,10:04:24,1.4,200,47350
20240216,10:04:25,1.4,200,47350
20240216,10:04:26,1.4,200,47350
20240216,10:04:27,1.4,200,47350
20240216,10:04:28,1.4,200,47350
20240216,10:04:29,1.4,200,47350
20240216,10:04:30,1.4,200,47350
20240216,10:04:31,1.4,200,47350
20240216,10:04:32,1.4,200,47350
20240216,10:04:33,1.4,200,47350
20240216,10:04:34,1.4,200,47350
20240216,10:04:35,1.4,200,47350
20240216,10:04:36,1.4,200,47350
20240216,10:04:44,1.4,50,47350
20240216,10:04:45,1.4,50,47350
20240216,10:04:46,1.4,50,47350
20240216,10:04:47,1.4,50,47350
20240216,10:04:48,1.4,50,47350
20240216,10:04:49,1.4,50,47350
20240216,10:04:50,1.4,50,47350
20240216,10:04:51,1.4,50,47350
20240216,10:04:52,1.4,50,47350
20240216,10:04:53,1.4,50,47350
20240216,10:04:54,1.4,50,47350
20240216,10:04:55,1.4,50,47350
20240216,10:04:56,1.4,50,47350
20240216,10:04:57,1.4,200,47350
20240216,10:04:58,1.4,200,47350
20240216,10:04:59,1.4,200,47350
20240216,10:05:00,1.4,200,47350
20240216,10:05:01,1.4,200,47350
20240216,10:05:02,1.4,200,47350
20240216,10:05:03,1.4,200,47350
20240216,10:05:09,1.4,50,47350
20240216,10:05:56,1.45,50,47350
20240216,10:05:57,1.45,50,47350
20240216,10:05:58,1.45,200,47350
20240216,10:05:59,1.45,200,47350
20240216,10:06:00,1.45,200,47350
20240216,10:06:02,1.45,50,47350
20240216,10:06:03,1.45,50,47350
20240216,10:06:04,1.45,50,47350
20240216,10:06:05,1.45,50,47350
20240216,10:06:06,1.45,200,47350
20240216,10:06:07,1.45,200,47350
20240216,10:06:08,1.45,200,47350
20240216,10:06:08,1.45,1800,47350
20240216,10:06:09,1.45,200,47350
20240216,10:06:10,1.45,50,47350
20240216,10:06:11,1.45,100,47350
20240216,10:06:30,1.45,50,47350
20240216,10:06:32,1.45,50,47350
20240216,10:06:38,1.45,50,47350
20240216,10:06:38,1.45,50,39500
20240216,10:06:41,1.4,100,39500
20240216,10:06:42,1.4,200,39500
20240216,10:06:43,1.45,2000,39500
20240216,10:06:44,1.5,5600,39500
20240216,10:06:45,1.45,2000,39500
20240216,10:06:46,1.45,200,39500
20240216,10:06:47,1.45,200,39500
20240216,10:06:48,1.45,200,39500
20240216,10:06:49,1.45,200,39500
20240216,10:06:50,1.45,200,39500
20240216,10:06:51,1.45,200,39500
20240216,10:06:52,1.45,200,39500
20240216,10:06:53,1.45,200,39500
20240216,10:06:54,1.45,200,39500
20240216,10:06:55,1.45,200,39500
20240216,10:06:56,1.45,200,39500
20240216,10:06:57,1.5,1850,39500
20240216,10:06:58,1.45,50,39500
20240216,10:06:59,1.45,200,39500
20240216,10:07:00,1.45,200,39500
20240216,10:07:01,1.45,200,39500
20240216,10:07:02,1.45,200,39500
20240216,10:07:03,1.45,200,39500
20240216,10:07:04,1.45,250,39500
20240216,10:07:05,1.45,200,39500
20240216,10:07:06,1.45,200,39500
20240216,10:07:08,1.45,50,39500
20240216,10:07:09,1.45,250,39500
20240216,10:07:10,1.45,200,39500
20240216,10:07:29,1.45,50,39500
20240216,10:07:41,1.5,1800,39500
20240216,10:07:42,1.5,50,39500
20240216,10:08:19,1.45,50,39500
20240216,10:08:20,1.45,50,39500
20240216,10:08:21,1.45,50,39500
20240216,10:09:45,1.5,1800,39500
20240216,10:09:47,1.45,50,38550
20240216,10:09:48,1.45,50,38550
20240216,10:09:57,1.45,50,38550
20240216,10:09:58,1.45,50,38550
20240216,10:09:59,1.45,50,38550
20240216,10:10:00,1.45,50,38550
20240216,10:10:01,1.45,200,38550
20240216,10:10:02,1.45,200,38550
20240216,10:10:03,1.45,200,38550
20240216,10:10:04,1.45,200,38550
20240216,10:10:05,1.45,50,38550
20240216,10:10:06,1.45,50,38550
20240216,10:10:07,1.45,200,38550
20240216,10:10:08,1.45,200,38550
20240216,10:10:09,1.45,200,38550
20240216,10:10:10,1.45,200,38550
20240216,10:10:11,1.45,200,38550
20240216,10:10:12,1.45,200,38550
20240216,10:10:13,1.45,200,38550
20240216,10:10:14,1.45,200,38550
20240216,10:10:15,1.45,200,38550
20240216,10:10:16,1.45,200,38550
20240216,10:10:17,1.45,200,38550
20240216,10:10:18,1.45,700,38550
20240216,10:10:19,1.45,50,38550
20240216,10:10:20,1.45,50,38550
20240216,10:10:31,1.45,50,38550
20240216,10:10:32,1.45,50,38550
20240216,10:11:24,1.5,100,38550
20240216,10:11:35,1.5,50,38550
20240216,10:11:36,1.5,50,38550
20240216,10:11:37,1.5,50,38550
20240216,10:11:38,1.5,50,38550
20240216,10:11:39,1.5,50,38550
20240216,10:11:40,1.5,50,38550
20240216,10:11:41,1.5,50,38550
20240216,10:11:44,1.5,50,38550
20240216,10:11:46,1.5,50,38550
20240216,10:11:47,1.5,50,38550
20240216,10:11:48,1.5,50,38550
20240216,10:11:49,1.5,50,38550
20240216,10:11:50,1.5,50,38550
20240216,10:11:51,1.5,50,38550
20240216,10:11:52,1.5,50,38550
20240216,10:11:53,1.5,100,38550
20240216,10:11:54,1.5,150,38550
20240216,10:11:55,1.5,200,38550
20240216,10:11:56,1.5,200,38550
20240216,10:11:57,1.5,200,38550
20240216,10:11:59,1.5,50,38550
20240216,10:12:04,1.5,50,38550
20240216,10:12:05,1.5,50,38550
20240216,10:12:06,1.5,50,38550
20240216,10:12:07,1.5,50,38550
20240216,10:12:08,1.5,50,38550
20240216,10:12:09,1.5,50,38550
20240216,10:12:11,1.5,50,38550
20240216,10:13:12,1.45,50,39550
20240216,10:13:14,1.5,1800,39550
20240216,10:13:43,1.5,3300,39550
20240216,10:13:45,1.5,1100,39550
20240216,10:16:00,1.55,50,42750
20240216,10:16:01,1.55,50,42750
20240216,10:16:02,1.55,50,42750
20240216,10:16:03,1.55,200,42750
20240216,10:16:04,1.55,200,42750
20240216,10:16:05,1.55,200,42750
20240216,10:16:06,1.55,200,42750
20240216,10:16:07,1.55,200,42750
20240216,10:16:08,1.55,200,42750
20240216,10:16:09,1.55,200,42750
20240216,10:16:10,1.55,200,42750
20240216,10:16:11,1.55,200,42750
20240216,10:16:12,1.55,200,42750
20240216,10:16:13,1.55,50,42750
20240216,10:16:14,1.55,50,42750
20240216,10:16:15,1.55,50,42750
20240216,10:16:16,1.55,50,42750
20240216,10:16:17,1.55,50,42750
20240216,10:16:18,1.55,50,42750
20240216,10:16:19,1.55,50,42750
20240216,10:17:42,1.5,450,42750
20240216,10:17:54,1.5,500,42750
20240216,10:18:15,1.55,550,42750
20240216,10:18:52,1.55,100,43650
20240216,10:19:12,1.5,50,43650
20240216,10:19:13,1.5,50,43650
20240216,10:19:14,1.5,50,43650
20240216,10:19:15,1.5,50,43650
20240216,10:19:16,1.5,50,43650
20240216,10:19:17,1.5,50,43650
20240216,10:19:18,1.5,50,43650
20240216,10:19:19,1.5,50,43650
20240216,10:19:20,1.5,200,43650
20240216,10:19:21,1.5,200,43650
20240216,10:19:22,1.5,200,43650
20240216,10:19:23,1.5,200,43650
20240216,10:19:24,1.5,50,43650
20240216,10:19:24,1.55,150,43650
20240216,10:19:25,1.5,50,43650
20240216,10:19:26,1.5,50,43650
20240216,10:19:27,1.5,50,43650
20240216,10:19:28,1.5,50,43650
20240216,10:19:29,1.5,200,43650
20240216,10:19:30,1.5,200,43650
20240216,10:19:31,1.5,200,43650
20240216,10:19:32,1.5,50,43650
20240216,10:19:34,1.5,50,43650
20240216,10:19:35,1.5,50,43650
20240216,10:19:36,1.5,50,43650
20240216,10:19:37,1.5,50,43650
20240216,10:19:38,1.5,50,43650
20240216,10:19:39,1.5,50,43650
20240216,10:19:41,1.5,50,43650
20240216,10:19:42,1.5,50,43650
20240216,10:19:45,1.5,50,43650
20240216,10:20:07,1.5,50,43650
20240216,10:20:08,1.5,50,43650
20240216,10:20:09,1.5,50,43650
20240216,10:20:33,1.5,250,43650
20240216,10:20:57,1.55,50,43650
20240216,10:20:58,1.55,50,43650
20240216,10:20:59,1.55,50,43650
20240216,10:21:00,1.55,50,43650
20240216,10:21:01,1.55,200,43650
20240216,10:21:02,1.55,200,43650
20240216,10:21:54,1.5,50,43650
20240216,10:21:55,1.5,50,42050
20240216,10:21:56,1.5,2000,42050
20240216,10:21:57,1.5,2000,42050
20240216,10:21:58,1.5,200,42050
20240216,10:21:59,1.5,200,42050
20240216,10:22:00,1.5,200,42050
20240216,10:22:01,1.5,200,42050
20240216,10:22:02,1.5,1000,42050
20240216,10:22:03,1.5,200,42050
20240216,10:22:04,1.5,200,42050
20240216,10:22:05,1.5,300,42050
20240216,10:22:06,1.5,50,42050
20240216,10:22:07,1.5,50,42050
20240216,10:22:08,1.5,300,42050
20240216,10:22:09,1.5,200,42050
20240216,10:22:10,1.5,200,42050
20240216,10:22:11,1.5,200,42050
20240216,10:22:20,1.5,200,42050
20240216,10:22:21,1.45,1800,42050
20240216,10:22:22,1.45,200,42050
20240216,10:22:30,1.45,50,42050
20240216,10:22:33,1.45,200,42050
20240216,10:22:34,1.45,200,42050
20240216,10:22:35,1.45,200,42050
20240216,10:22:59,1.45,150,42050
20240216,10:23:00,1.45,150,42050
20240216,10:23:01,1.45,150,42050
20240216,10:23:07,1.45,150,42050
20240216,10:23:08,1.45,200,42050
20240216,10:23:09,1.45,150,42050
20240216,10:23:10,1.45,150,42050
20240216,10:23:18,1.45,150,42050
20240216,10:23:19,1.45,150,42050
20240216,10:23:20,1.45,150,42050
20240216,10:23:35,1.45,150,42050
20240216,10:23:36,1.45,150,42050
20240216,10:23:37,1.45,150,42050
20240216,10:23:38,1.45,150,42050
20240216,10:23:39,1.45,150,42050
20240216,10:23:40,1.45,150,42050
20240216,10:23:41,1.45,150,42050
20240216,10:23:42,1.45,150,42050
20240216,10:23:55,1.45,150,42050
20240216,10:23:56,1.45,150,42050
20240216,10:23:57,1.45,150,42050
20240216,10:23:58,1.45,50,42050
20240216,10:24:03,1.5,850,42050
20240216,10:24:12,1.5,50,42050
20240216,10:27:23,1.5,450,30100
20240216,10:27:27,1.5,1800,30100
20240216,10:27:55,1.5,50,30100
20240216,10:29:06,1.5,100,31100
20240216,10:30:13,1.55,450,31100
20240216,10:30:54,1.55,250,31100
20240216,10:30:56,1.55,250,31500
20240216,10:31:34,1.55,4600,31500
20240216,10:32:03,1.55,50,31500
20240216,10:32:04,1.55,50,31500
20240216,10:32:05,1.55,50,31500
20240216,10:32:06,1.55,50,31500
20240216,10:32:07,1.55,50,31500
20240216,10:32:08,1.55,50,31500
20240216,10:32:09,1.55,50,31500
20240216,10:32:10,1.55,50,31500
20240216,10:32:11,1.55,50,31500
20240216,10:32:12,1.55,50,31500
20240216,10:32:13,1.55,50,31500
20240216,10:32:14,1.55,50,31500
20240216,10:32:15,1.55,50,31500
20240216,10:32:16,1.55,50,31500
20240216,10:32:17,1.5,300,31500
20240216,10:32:18,1.55,50,31500
20240216,10:32:19,1.55,50,31500
20240216,10:32:20,1.55,50,31500
20240216,10:32:21,1.55,50,31500
20240216,10:32:22,1.55,50,31500
20240216,10:32:23,1.55,50,31500
20240216,10:32:24,1.55,50,31500
20240216,10:32:25,1.55,50,31500
20240216,10:32:26,1.55,50,31500
20240216,10:32:27,1.55,50,31500
20240216,10:32:28,1.55,50,31500
20240216,10:32:29,1.55,50,31500
20240216,10:32:30,1.55,1050,31500
20240216,10:32:31,1.55,50,31500
20240216,10:32:32,1.55,50,31500
20240216,10:32:33,1.55,50,31500
20240216,10:32:34,1.55,50,31500
20240216,10:32:35,1.55,50,31500
20240216,10:32:36,1.55,50,31500
20240216,10:32:37,1.55,50,31500
20240216,10:32:38,1.55,50,31500
20240216,10:32:40,1.55,50,31500
20240216,10:32:41,1.55,50,31500
20240216,10:32:48,1.55,50,31500
20240216,10:33:00,1.55,50,31500
20240216,10:33:01,1.55,50,31500
20240216,10:33:02,1.55,50,31500
20240216,10:33:03,1.55,50,31500
20240216,10:33:04,1.55,50,31500
20240216,10:35:34,1.55,50,28750
20240216,10:35:35,1.55,50,28750
20240216,10:35:36,1.55,50,28750
20240216,10:35:37,1.55,50,28750
20240216,10:35:38,1.55,50,28750
20240216,10:35:39,1.55,50,28750
20240216,10:35:40,1.55,50,28750
20240216,10:35:41,1.55,50,28750
20240216,10:35:42,1.55,50,28750
20240216,10:35:43,1.55,50,28750
20240216,10:35:44,1.55,50,28750
20240216,10:35:45,1.55,50,28750
20240216,10:35:46,1.55,50,28750
20240216,10:35:54,1.5,700,28750
20240216,10:36:04,1.55,50,28750
20240216,10:36:05,1.55,50,28750
20240216,10:36:06,1.55,50,28750
20240216,10:36:07,1.55,50,28750
20240216,10:36:08,1.55,50,28750
20240216,10:36:09,1.55,50,28750
20240216,10:36:10,1.55,50,28750
20240216,10:36:11,1.55,50,28750
20240216,10:36:12,1.55,50,28750
20240216,10:36:13,1.55,50,28750
20240216,10:36:14,1.55,50,28750
20240216,10:36:15,1.55,50,28750
20240216,10:36:16,1.55,50,28750
20240216,10:36:17,1.55,50,28750
20240216,10:36:18,1.55,50,28750
20240216,10:36:19,1.55,50,28750
20240216,10:36:20,1.55,50,28750
20240216,10:36:21,1.55,50,28750
20240216,10:36:22,1.55,50,28750
20240216,10:36:23,1.55,50,28750
20240216,10:36:24,1.55,50,28750
20240216,10:36:25,1.55,50,28750
20240216,10:36:26,1.55,50,28750
20240216,10:36:27,1.55,50,28750
20240216,10:36:28,1.55,50,28750
20240216,10:36:29,1.55,50,28750
20240216,10:36:30,1.55,750,28750
20240216,10:36:31,1.55,50,28750
20240216,10:36:32,1.55,50,28750
20240216,10:36:33,1.55,50,28750
20240216,10:36:34,1.55,50,28750
20240216,10:36:35,1.55,50,28750
20240216,10:36:36,1.55,50,28750
20240216,10:36:37,1.55,50,28750
20240216,10:36:38,1.55,50,31150
20240216,10:36:39,1.55,50,31150
20240216,10:36:40,1.55,50,31150
20240216,10:36:41,1.55,50,31150
20240216,10:36:42,1.55,50,31150
20240216,10:36:43,1.55,50,31150
20240216,10:36:44,1.55,50,31150
20240216,10:36:45,1.55,50,31150
20240216,10:36:46,1.55,50,31150
20240216,10:36:47,1.55,50,31150
20240216,10:36:51,1.55,50,31150
20240216,10:36:52,1.55,50,31150
20240216,10:36:53,1.55,50,31150
20240216,10:36:54,1.55,50,31150
20240216,10:36:55,1.55,50,31150
20240216,10:36:56,1.55,50,31150
20240216,10:36:57,1.55,50,31150
20240216,10:36:58,1.5,100,31150
20240216,10:36:59,1.55,50,31150
20240216,10:37:00,1.55,50,31150
20240216,10:37:01,1.55,50,31150
20240216,10:37:02,1.55,50,31150
20240216,10:39:10,1.5,250,31150
20240216,10:40:06,1.5,200,32050
20240216,10:40:07,1.5,200,32050
20240216,10:40:08,1.5,200,32050
20240216,10:40:09,1.5,200,32050
20240216,10:40:57,1.5,300,32050
20240216,10:40:58,1.55,50,32050
20240216,10:40:59,1.55,50,32050
20240216,10:41:00,1.55,50,32050
20240216,10:41:01,1.55,50,32050
20240216,10:44:20,1.5,50,31500
20240216,10:44:21,1.5,200,31500
20240216,10:44:22,1.5,200,31500
20240216,10:44:23,1.5,200,31500
20240216,10:44:24,1.5,150,31500
20240216,10:44:25,1.5,200,31500
20240216,10:44:26,1.5,150,31500
20240216,10:44:27,1.5,150,31500
20240216,10:44:28,1.5,150,31500
20240216,10:44:29,1.5,150,31500
20240216,10:44:30,1.5,150,31500
20240216,10:45:02,1.5,150,31500
20240216,10:45:03,1.5,150,31500
20240216,10:45:48,1.55,2000,31000
20240216,10:45:49,1.55,50,31000
20240216,10:45:55,1.55,50,31000
20240216,10:46:30,1.55,150,31000
20240216,10:46:31,1.55,150,31000
20240216,10:46:32,1.55,150,31000
20240216,10:46:33,1.55,150,31000
20240216,10:46:34,1.55,150,31000
20240216,10:46:46,1.55,250,31000
20240216,10:46:56,1.55,150,31000
20240216,10:46:57,1.55,150,31000
20240216,10:46:58,1.55,150,31000
20240216,10:47:04,1.55,50,31000
20240216,10:47:13,1.55,50,31000
20240216,10:48:02,1.6,150,31000
20240216,10:48:48,1.6,100,30850
20240216,10:49:00,1.55,250,30850
20240216,10:50:09,1.6,50,30850
20240216,10:50:10,1.6,50,30850
20240216,10:50:11,1.6,50,30850
20240216,10:50:12,1.6,50,30850
20240216,10:50:13,1.6,50,30850
20240216,10:50:14,1.6,50,30850
20240216,10:50:15,1.6,50,30850
20240216,10:50:16,1.6,50,30850
20240216,10:50:17,1.6,50,30850
20240216,10:50:18,1.6,50,30850
20240216,10:50:19,1.6,50,30850
20240216,10:50:20,1.6,50,30850
20240216,10:50:21,1.6,50,30850
20240216,10:50:22,1.6,50,30850
20240216,10:50:23,1.6,50,30850
20240216,10:50:24,1.6,50,30850
20240216,10:50:25,1.6,50,30850
20240216,10:50:26,1.6,50,30850
20240216,10:50:27,1.6,50,30850
20240216,10:50:28,1.6,50,30850
20240216,10:50:29,1.6,50,30850
20240216,10:50:30,1.6,50,30850
20240216,10:50:31,1.6,50,30850
20240216,10:50:32,1.6,50,30850
20240216,10:50:33,1.6,50,30850
20240216,10:50:34,1.6,50,30850
20240216,10:50:35,1.6,50,30850
20240216,10:50:36,1.6,50,30850
20240216,10:50:37,1.6,50,30850
20240216,10:50:38,1.6,50,30850
20240216,10:50:39,1.6,50,30850
20240216,10:50:40,1.6,50,30850
20240216,10:50:41,1.6,50,30850
20240216,10:50:42,1.6,50,30850
20240216,10:50:43,1.6,50,30850
20240216,10:50:44,1.6,50,30850
20240216,10:50:45,1.6,50,30850
20240216,10:50:46,1.6,50,30850
20240216,10:50:47,1.6,50,30850
20240216,10:50:48,1.6,50,30850
20240216,10:50:49,1.6,50,30850
20240216,10:50:50,1.6,50,30850
20240216,10:50:51,1.6,50,30850
20240216,10:50:52,1.6,50,30850
20240216,10:50:53,1.6,50,30850
20240216,10:50:54,1.6,50,30850
20240216,10:50:55,1.6,50,30850
20240216,10:50:56,1.6,50,30850
20240216,10:50:57,1.6,50,30850
20240216,10:50:58,1.6,50,30850
20240216,10:50:59,1.6,50,30850
20240216,10:51:00,1.6,50,30850
20240216,10:51:06,1.6,50,30850
20240216,10:51:07,1.6,50,30850
20240216,10:51:08,1.6,50,30850
20240216,10:51:09,1.6,50,30850
20240216,10:51:10,1.6,50,30850
20240216,10:51:11,1.6,50,30850
20240216,10:51:12,1.6,50,30850
20240216,10:51:13,1.6,50,30850
20240216,10:51:14,1.6,50,30850
20240216,10:51:15,1.6,50,30850
20240216,10:51:16,1.6,50,30850
20240216,10:51:17,1.6,50,30850
20240216,10:51:18,1.6,50,30850
20240216,10:51:19,1.6,50,30850
20240216,10:51:20,1.6,50,30850
20240216,10:51:21,1.6,50,30850
20240216,10:51:22,1.6,50,30850
20240216,10:51:23,1.6,50,30850
20240216,10:51:24,1.6,50,30850
20240216,10:51:25,1.6,50,30850
20240216,10:51:26,1.6,50,30850
20240216,10:51:27,1.6,50,30850
20240216,10:51:28,1.6,50,30850
20240216,10:51:29,1.6,50,30850
20240216,10:51:30,1.6,50,30850
20240216,10:51:31,1.6,50,30850
20240216,10:51:32,1.6,50,30850
20240216,10:51:33,1.6,50,30850
20240216,10:51:34,1.6,50,30850
20240216,10:51:35,1.6,50,30850
20240216,10:51:36,1.6,50,30850
20240216,10:51:37,1.6,50,30850
20240216,10:51:38,1.6,50,30850
20240216,10:51:39,1.6,50,30850
20240216,10:51:40,1.6,50,32950
20240216,10:51:41,1.6,50,32950
20240216,10:51:42,1.6,1250,32950
20240216,10:51:43,1.6,50,32950
20240216,10:51:44,1.6,50,32950
20240216,10:51:45,1.6,50,32950
20240216,10:51:46,1.6,50,32950
20240216,10:51:47,1.6,50,32950
20240216,10:51:48,1.6,50,32950
20240216,10:51:49,1.6,50,32950
20240216,10:51:50,1.6,50,32950
20240216,10:51:51,1.6,50,32950
20240216,10:51:52,1.6,50,32950
20240216,10:51:53,1.6,50,32950
20240216,10:51:54,1.6,50,32950
20240216,10:51:55,1.6,50,32950
20240216,10:53:12,1.55,150,32950
20240216,10:53:13,1.55,150,32950
20240216,10:53:14,1.55,200,32950
20240216,10:53:27,1.55,150,32950
20240216,10:53:28,1.55,150,32950
20240216,10:53:29,1.55,150,32950
20240216,10:53:44,1.55,50,32950
20240216,10:53:45,1.55,150,32950
20240216,10:53:46,1.55,150,32950
20240216,10:53:47,1.55,150,32950
20240216,10:53:48,1.55,300,32950
20240216,10:53:49,1.55,850,32950
20240216,10:53:55,1.55,150,32950
20240216,10:53:56,1.55,150,32950
20240216,10:53:57,1.55,150,32950
20240216,10:54:02,1.55,50,32950
20240216,10:54:03,1.55,150,32950
20240216,10:54:04,1.55,150,32950
20240216,10:54:05,1.55,150,32950
20240216,10:54:17,1.55,150,32950
20240216,10:54:18,1.55,150,32950
20240216,10:54:19,1.55,150,32950
20240216,10:54:58,1.55,50,30700
20240216,10:55:08,1.55,50,30700
20240216,10:55:54,1.55,50,30700
20240216,10:56:24,1.55,50,30700
20240216,11:00:36,1.6,50,30700
20240216,11:00:57,1.55,1800,30750
20240216,11:01:09,1.55,1850,30750
20240216,11:01:09,1.55,2100,30750
20240216,11:01:10,1.55,50,30750
20240216,11:01:38,1.5,300,30750
20240216,11:02:54,1.45,550,30750
20240216,11:03:01,1.5,50,30750
20240216,11:03:03,1.5,50,30750
20240216,11:03:04,1.5,50,30750
20240216,11:03:19,1.5,100,30750
20240216,11:04:06,1.5,50,30750
20240216,11:04:09,1.5,100,31100
20240216,11:04:11,1.5,50,31100
20240216,11:04:31,1.5,750,31100
20240216,11:06:22,1.5,250,31100
20240216,11:08:05,1.5,50,30950
20240216,11:08:06,1.5,50,30950
20240216,11:08:07,1.5,50,30950
20240216,11:08:08,1.5,50,30950
20240216,11:08:09,1.5,50,30950
20240216,11:08:10,1.5,50,30950
20240216,11:08:11,1.5,50,30950
20240216,11:08:13,1.5,50,30950
20240216,11:08:14,1.5,50,30950
20240216,11:08:15,1.5,50,30950
20240216,11:08:17,1.5,250,30950
20240216,11:08:18,1.5,50,30950
20240216,11:08:43,1.5,50,30950
20240216,11:11:13,1.5,50,30950
20240216,11:11:14,1.5,50,31450
20240216,11:11:15,1.5,50,31450
20240216,11:11:16,1.5,50,31450
20240216,11:11:17,1.55,50,31450
20240216,11:11:18,1.55,50,31450
20240216,11:11:19,1.55,50,31450
20240216,11:12:09,1.55,50,31450
20240216,11:12:10,1.55,50,31450
20240216,11:12:11,1.55,50,31450
20240216,11:12:12,1.55,50,31450
20240216,11:12:13,1.55,50,31450
20240216,11:12:14,1.55,50,31450
20240216,11:12:15,1.55,50,31450
20240216,11:12:16,1.55,50,31450
20240216,11:12:17,1.55,50,31450
20240216,11:12:18,1.55,50,31450
20240216,11:12:19,1.55,50,31450
20240216,11:12:58,1.5,450,32300
20240216,11:13:01,1.55,50,32300
20240216,11:13:02,1.55,50,32300
20240216,11:13:03,1.55,50,32300
20240216,11:13:04,1.55,50,32300
20240216,11:13:05,1.5,1850,32300
20240216,11:13:06,1.55,50,32300
20240216,11:13:07,1.55,50,32300
20240216,11:13:08,1.55,50,32300
20240216,11:13:09,1.55,50,32300
20240216,11:13:10,1.55,50,32300
20240216,11:13:11,1.55,50,32300
20240216,11:13:12,1.55,50,32300
20240216,11:13:13,1.55,50,32300
20240216,11:13:14,1.55,50,32300
20240216,11:13:15,1.55,50,32300
20240216,11:13:16,1.55,50,32300
20240216,11:13:17,1.55,50,32300
20240216,11:13:18,1.55,50,32300
20240216,11:13:19,1.55,50,32300
20240216,11:13:20,1.55,50,32300
20240216,11:13:21,1.55,50,32300
20240216,11:13:22,1.55,50,32300
20240216,11:13:23,1.55,50,32300
20240216,11:13:24,1.55,50,32300
20240216,11:13:28,1.55,50,32300
20240216,11:13:29,1.55,50,32300
20240216,11:13:30,1.55,50,32300
20240216,11:13:31,1.55,50,32300
20240216,11:13:32,1.55,50,32300
20240216,11:13:33,1.55,50,32300
20240216,11:13:34,1.55,50,32300
20240216,11:13:35,1.55,50,32300
20240216,11:13:36,1.55,50,32300
20240216,11:13:37,1.55,50,32300
20240216,11:13:38,1.55,50,32300
20240216,11:13:39,1.55,50,32300
20240216,11:13:55,1.55,50,32300
20240216,11:13:56,1.55,50,32300
20240216,11:13:57,1.55,50,32300
20240216,11:13:58,1.55,50,32300
20240216,11:13:59,1.55,3600,32300
20240216,11:14:00,1.55,50,32300
20240216,11:14:01,1.5,150,32300
20240216,11:14:02,1.55,50,32300
20240216,11:14:03,1.55,50,32300
20240216,11:14:04,1.55,50,32300
20240216,11:14:05,1.55,50,32300
20240216,11:14:06,1.55,50,32300
20240216,11:14:07,1.55,50,32300
20240216,11:14:08,1.55,50,32300
20240216,11:14:09,1.55,50,32300
20240216,11:14:10,1.55,50,32300
20240216,11:14:12,1.5,100,32300
20240216,11:14:21,1.5,100,32300
20240216,11:14:28,1.55,50,32300
20240216,11:14:29,1.55,50,32300
20240216,11:14:30,1.55,50,32300
20240216,11:14:31,1.5,150,32300
20240216,11:14:32,1.55,50,32300
20240216,11:14:33,1.55,50,32300
20240216,11:14:36,1.55,50,32300
20240216,11:14:38,1.55,50,32300
20240216,11:14:39,1.55,50,32300
20240216,11:14:41,1.5,100,32300
20240216,11:15:09,1.5,100,32300
20240216,11:15:11,1.5,100,32300
20240216,11:15:22,1.5,100,32300
20240216,11:15:30,1.5,950,32300
20240216,11:15:49,1.5,50,32300
20240216,11:18:06,1.5,50,35450
20240216,11:25:01,1.5,100,35550
20240216,11:28:05,1.5,150,35650
20240216,11:32:03,1.5,250,35650
20240216,11:33:29,1.45,150,35800
20240216,11:34:50,1.45,1800,35400
20240216,11:34:51,1.4,7250,35400
20240216,11:35:05,1.45,1600,35400
20240216,11:36:28,1.5,50,35400
20240216,11:36:29,1.5,50,35400
20240216,11:36:30,1.5,50,35400
20240216,11:36:31,1.5,50,35400
20240216,11:36:32,1.5,50,35400
20240216,11:36:33,1.5,50,35400
20240216,11:36:34,1.5,50,35400
20240216,11:36:35,1.5,50,35400
20240216,11:36:36,1.45,1850,35400
20240216,11:36:37,1.5,50,35400
20240216,11:36:38,1.5,50,35400
20240216,11:36:39,1.5,50,35400
20240216,11:36:42,1.5,50,35400
20240216,11:37:01,1.5,50,35400
20240216,11:38:33,1.5,150,36600
20240216,11:39:12,1.5,150,36600
20240216,11:40:23,1.5,50,36600
20240216,11:40:42,1.45,50,36900
20240216,11:42:12,1.5,100,36900
20240216,11:42:29,1.5,150,36900
20240216,11:42:57,1.5,50,36900
20240216,11:43:02,1.45,250,37150
20240216,11:44:09,1.45,250,37150
20240216,11:46:38,1.5,50,37700
20240216,11:46:39,1.5,50,37700
20240216,11:46:40,1.5,50,37700
20240216,11:46:41,1.5,50,37700
20240216,11:46:42,1.5,50,37700
20240216,11:46:43,1.5,50,37700
20240216,11:46:44,1.5,50,37700
20240216,11:46:45,1.5,50,37700
20240216,11:46:46,1.5,50,37700
20240216,11:46:47,1.5,50,37700
20240216,11:46:48,1.5,50,37700
20240216,11:46:49,1.5,50,37700
20240216,11:46:50,1.5,50,37700
20240216,11:46:51,1.5,50,37700
20240216,11:46:52,1.5,50,37700
20240216,11:46:53,1.5,50,37700
20240216,11:46:54,1.5,50,37700
20240216,11:46:55,1.5,50,37700
20240216,11:46:56,1.5,50,37700
20240216,11:46:57,1.5,50,37700
20240216,11:46:58,1.45,4650,37700
20240216,11:47:00,1.45,2400,37700
20240216,11:47:01,1.5,50,37700
20240216,11:47:02,1.5,50,37700
20240216,11:47:03,1.45,550,37700
20240216,11:47:04,1.45,50,37700
20240216,11:47:05,1.45,50,37700
20240216,11:47:06,1.45,50,37700
20240216,11:47:07,1.45,50,37700
20240216,11:47:08,1.4,150,37700
20240216,11:47:09,1.45,50,37700
20240216,11:47:10,1.45,50,37700
20240216,11:47:11,1.45,50,37700
20240216,11:47:12,1.45,50,37700
20240216,11:47:14,1.45,50,37700
20240216,11:47:24,1.45,50,37700
20240216,11:47:25,1.45,50,37700
20240216,11:47:26,1.45,50,37700
20240216,11:47:27,1.45,50,37700
20240216,11:47:28,1.45,50,37700
20240216,11:47:29,1.45,50,37700
20240216,11:47:30,1.45,50,37700
20240216,11:47:31,1.45,50,37700
20240216,11:47:32,1.45,50,37700
20240216,11:47:33,1.45,50,37700
20240216,11:47:34,1.45,50,37700
20240216,11:47:35,1.45,50,37700
20240216,11:47:36,1.45,50,37700
20240216,11:47:37,1.45,50,37700
20240216,11:47:38,1.45,50,37700
20240216,11:47:39,1.45,50,37700
20240216,11:47:40,1.45,50,37700
20240216,11:47:41,1.45,50,37700
20240216,11:47:42,1.45,50,37700
20240216,11:47:43,1.45,100,37700
20240216,11:47:44,1.45,50,37700
20240216,11:47:45,1.45,50,37700
20240216,11:47:46,1.45,50,37700
20240216,11:47:47,1.45,50,37700
20240216,11:47:49,1.45,50,37700
20240216,11:47:50,1.45,100,37700
20240216,11:47:51,1.45,50,37700
20240216,11:47:52,1.45,50,37700
20240216,11:48:10,1.45,50,37700
20240216,11:48:11,1.45,50,37700
20240216,11:48:12,1.45,50,37700
20240216,11:48:13,1.45,50,37700
20240216,11:48:14,1.45,50,37700
20240216,11:48:15,1.45,50,37700
20240216,11:48:16,1.45,50,37700
20240216,11:48:26,1.4,50,37700
20240216,11:49:39,1.4,50,42500
20240216,11:49:42,1.4,200,42500
20240216,11:49:43,1.4,150,42500
20240216,11:49:44,1.4,150,42500
20240216,11:49:47,1.4,150,42500
20240216,11:49:48,1.4,150,42500
20240216,11:49:49,1.4,200,42500
20240216,11:49:50,1.4,150,42500
20240216,11:49:51,1.4,150,42500
20240216,11:49:56,1.4,150,42500
20240216,11:49:57,1.4,150,42500
20240216,11:49:58,1.4,150,42500
20240216,11:50:02,1.4,150,42500
20240216,11:50:03,1.4,150,42500
20240216,11:50:04,1.4,150,42500
20240216,11:50:05,1.4,150,42500
20240216,11:50:06,1.4,150,42500
20240216,11:50:10,1.4,150,42500
20240216,11:50:11,1.4,150,42500
20240216,11:50:12,1.4,150,42500
20240216,11:50:13,1.4,150,42500
20240216,11:50:14,1.4,150,42500
20240216,11:50:15,1.4,150,42500
20240216,11:50:20,1.4,1100,42500
20240216,11:50:21,1.35,1950,42500
20240216,11:50:22,1.35,200,42500
20240216,11:50:24,1.4,50,42500
20240216,11:50:25,1.4,300,42500
20240216,11:50:37,1.4,250,42500
20240216,11:50:41,1.4,250,42500
20240216,11:50:43,1.4,50,42500
20240216,11:50:47,1.4,100,42500
20240216,11:50:49,1.4,50,42500
20240216,11:50:56,1.4,50,42500
20240216,11:50:59,1.4,250,42500
20240216,11:51:01,1.4,50,42500
20240216,11:51:05,1.4,50,42500
20240216,11:51:17,1.4,50,42500
20240216,11:51:36,1.4,50,42500
20240216,11:52:20,1.4,250,43700
20240216,11:55:52,1.4,100,43450
20240216,11:56:23,1.35,100,43450
20240216,11:58:09,1.4,2500,43450
20240216,11:58:38,1.4,100,43500
20240216,11:58:55,1.4,100,43500
20240216,12:01:14,1.4,50,43500
20240216,12:01:14,1.4,50,43700
20240216,12:10:05,1.4,50,43700
20240216,12:10:06,1.4,50,43700
20240216,12:10:07,1.4,50,43700
20240216,12:10:08,1.4,50,43700
20240216,12:10:09,1.4,50,43700
20240216,12:10:10,1.4,50,43700
20240216,12:10:11,1.4,50,43700
20240216,12:10:12,1.4,50,43700
20240216,12:10:13,1.4,50,43700
20240216,12:10:14,1.4,50,43700
20240216,12:10:15,1.4,50,43700
20240216,12:10:16,1.4,50,43700
20240216,12:10:17,1.4,50,43700
20240216,12:10:18,1.4,50,43700
20240216,12:10:19,1.4,50,43700
20240216,12:10:20,1.4,50,43700
20240216,12:10:21,1.4,50,43700
20240216,12:10:23,1.4,50,43700
20240216,12:10:24,1.4,50,43700
20240216,12:10:25,1.4,50,43700
20240216,12:10:28,1.4,50,43700
20240216,12:10:31,1.4,50,43700
20240216,12:10:32,1.4,50,43700
20240216,12:10:33,1.4,50,43700
20240216,12:10:34,1.4,50,43700
20240216,12:10:35,1.4,50,43700
20240216,12:10:36,1.4,50,43700
20240216,12:10:37,1.4,50,43700
20240216,12:10:38,1.4,50,43700
20240216,12:10:39,1.4,50,43700
20240216,12:10:44,1.4,50,43700
20240216,12:10:45,1.4,50,43700
20240216,12:11:48,1.4,100,43700
20240216,12:11:49,1.4,400,43700
20240216,12:12:04,1.4,50,43700
20240216,12:12:20,1.4,50,43700
20240216,12:12:21,1.4,50,43700
20240216,12:12:22,1.4,50,43700
20240216,12:12:23,1.4,50,43700
20240216,12:12:24,1.4,50,43700
20240216,12:12:25,1.4,50,43700
20240216,12:12:26,1.4,50,43700
20240216,12:12:27,1.4,50,43700
20240216,12:12:28,1.4,50,43700
20240216,12:12:29,1.4,50,43700
20240216,12:12:30,1.4,50,43700
20240216,12:12:54,1.4,50,43700
20240216,12:12:55,1.4,50,45400
20240216,12:12:56,1.4,50,45400
20240216,12:12:57,1.4,50,45400
20240216,12:12:58,1.4,50,45400
20240216,12:12:59,1.4,50,45400
20240216,12:13:00,1.4,50,45400
20240216,12:13:01,1.4,50,45400
20240216,12:13:02,1.4,50,45400
20240216,12:13:03,1.4,50,45400
20240216,12:13:04,1.4,50,45400
20240216,12:13:05,1.4,50,45400
20240216,12:13:06,1.4,50,45400
20240216,12:13:07,1.4,50,45400
20240216,12:13:08,1.4,50,45400
20240216,12:13:09,1.4,50,45400
20240216,12:13:10,1.4,50,45400
20240216,12:13:12,1.4,50,45400
20240216,12:13:13,1.4,50,45400
20240216,12:13:14,1.4,50,45400
20240216,12:13:15,1.4,50,45400
20240216,12:13:16,1.4,50,45400
20240216,12:13:17,1.4,50,45400
20240216,12:13:18,1.4,50,45400
20240216,12:13:19,1.4,50,45400
20240216,12:13:20,1.4,50,45400
20240216,12:13:22,1.4,50,45400
20240216,12:13:23,1.4,50,45400
20240216,12:13:24,1.4,50,45400
20240216,12:13:25,1.4,50,45400
20240216,12:18:22,1.4,50,45400
20240216,12:18:23,1.4,50,46500
20240216,12:18:24,1.4,50,46500
20240216,12:18:25,1.4,50,46500
20240216,12:18:26,1.4,50,46500
20240216,12:18:27,1.4,50,46500
20240216,12:18:28,1.4,50,46500
20240216,12:18:29,1.4,50,46500
20240216,12:18:30,1.4,50,46500
20240216,12:18:31,1.4,50,46500
20240216,12:18:32,1.4,50,46500
20240216,12:18:33,1.4,50,46500
20240216,12:18:34,1.4,50,46500
20240216,12:18:35,1.4,50,46500
20240216,12:18:36,1.4,50,46500
20240216,12:18:37,1.4,50,46500
20240216,12:18:38,1.4,50,46500
20240216,12:18:39,1.4,50,46500
20240216,12:18:40,1.4,50,46500
20240216,12:18:41,1.4,50,46500
20240216,12:18:42,1.4,50,46500
20240216,12:18:43,1.4,350,46500
20240216,12:18:44,1.4,100,46500
20240216,12:18:45,1.4,100,46500
20240216,12:19:10,1.4,1700,47850
20240216,12:20:01,1.35,4150,47850
20240216,12:20:02,1.35,3650,47850
20240216,12:20:03,1.35,50,47850
20240216,12:20:04,1.35,50,47850
20240216,12:20:06,1.35,1150,47850
20240216,12:20:38,1.35,50,47850
20240216,12:20:39,1.35,50,47850
20240216,12:20:40,1.35,50,47850
20240216,12:20:41,1.35,50,47850
20240216,12:20:42,1.35,50,47850
20240216,12:20:43,1.35,50,47850
20240216,12:20:44,1.35,50,47850
20240216,12:20:45,1.35,50,47850
20240216,12:20:46,1.35,50,47850
20240216,12:20:47,1.35,50,47850
20240216,12:20:49,1.4,300,47850
20240216,12:20:52,1.35,50,47850
20240216,12:20:53,1.35,50,47850
20240216,12:20:54,1.35,50,47850
20240216,12:20:55,1.4,1950,47850
20240216,12:20:56,1.35,50,47850
20240216,12:20:57,1.35,50,47850
20240216,12:20:58,1.35,50,47850
20240216,12:21:02,1.35,50,47850
20240216,12:21:03,1.35,50,47850
20240216,12:21:04,1.35,350,47850
20240216,12:21:05,1.35,200,47850
20240216,12:21:06,1.35,200,47850
20240216,12:21:07,1.4,1100,47850
20240216,12:21:08,1.4,50,47850
20240216,12:21:10,1.4,1200,47850
20240216,12:21:11,1.4,350,47850
20240216,12:21:12,1.35,2050,47850
20240216,12:21:13,1.4,100,47850
20240216,12:21:14,1.4,650,47850
20240216,12:21:56,1.4,250,57650
20240216,12:21:58,1.4,250,57650
20240216,12:22:03,1.4,950,57650
20240216,12:22:06,1.4,350,57650
20240216,12:22:26,1.4,1000,57650
20240216,12:22:55,1.35,50,57650
20240216,12:22:56,1.4,2750,57650
20240216,12:22:57,1.35,250,57650
20240216,12:22:58,1.35,150,57650
20240216,12:22:59,1.35,150,57650
20240216,12:23:01,1.4,1250,57650
20240216,12:23:06,1.35,50,57650
20240216,12:23:07,1.35,150,57650
20240216,12:23:08,1.35,150,57650
20240216,12:23:09,1.35,150,57650
20240216,12:23:10,1.35,50,57650
20240216,12:23:12,1.4,500,57650
20240216,12:23:16,1.4,1250,57650
20240216,12:23:17,1.35,150,57650
20240216,12:23:18,1.35,650,57650
20240216,12:23:38,1.35,150,57650
20240216,12:23:39,1.35,150,57650
20240216,12:23:40,1.35,150,57650
20240216,12:23:42,1.35,150,57650
20240216,12:23:43,1.35,150,57650
20240216,12:23:44,1.35,450,57650
20240216,12:23:46,1.4,250,57650
20240216,12:23:47,1.35,50,57650
20240216,12:23:56,1.35,150,57650
20240216,12:23:57,1.35,150,57650
20240216,12:23:58,1.35,150,57650
20240216,12:24:07,1.35,150,57650
20240216,12:24:08,1.35,150,57650
20240216,12:24:09,1.35,150,57650
20240216,12:24:10,1.4,50,57650
20240216,12:24:23,1.35,150,57650
20240216,12:24:24,1.35,150,57650
20240216,12:24:25,1.35,150,57650
20240216,12:24:41,1.35,1800,57650
20240216,12:28:06,1.35,1800,60650
20240216,12:28:19,1.35,100,60650
20240216,12:30:17,1.4,100,60650
20240216,12:30:22,1.35,900,60650
20240216,12:30:44,1.35,250,60650
20240216,12:31:37,1.35,50,60650
20240216,12:31:38,1.35,500,62450
20240216,12:31:39,1.35,100,62450
20240216,12:36:50,1.3,100,62450
20240216,12:36:51,1.3,150,62450
20240216,12:38:13,1.3,50,62450
20240216,12:38:14,1.3,50,62450
20240216,12:38:31,1.35,50,62450
20240216,12:38:38,1.35,50,62450
20240216,12:38:46,1.35,50,62450
20240216,12:40:29,1.35,50,62450
20240216,12:40:30,1.35,50,62450
20240216,12:40:31,1.35,50,62450
20240216,12:40:32,1.35,50,62450
20240216,12:40:33,1.35,50,62450
20240216,12:40:34,1.35,50,62450
20240216,12:40:35,1.35,50,62450
20240216,12:40:36,1.35,50,62450
20240216,12:40:37,1.35,50,62450
20240216,12:40:38,1.35,50,62450
20240216,12:40:39,1.35,50,62450
20240216,12:40:43,1.3,50,62450
20240216,12:40:46,1.35,50,62450
20240216,12:40:51,1.3,50,62450
20240216,12:41:14,1.35,50,62450
20240216,12:41:15,1.35,50,62450
20240216,12:41:16,1.35,50,62450
20240216,12:41:17,1.35,50,62450
20240216,12:41:18,1.35,50,62450
20240216,12:41:19,1.35,50,62450
20240216,12:41:20,1.35,50,62450
20240216,12:41:24,1.35,50,62450
20240216,12:41:25,1.35,50,62450
20240216,12:41:27,1.35,50,62450
20240216,12:41:28,1.35,1800,62450
20240216,12:41:30,1.35,1400,62450
20240216,12:41:32,1.35,150,62450
20240216,12:41:33,1.35,500,62450
20240216,12:41:41,1.4,50,62450
20240216,12:41:42,1.4,50,62450
20240216,12:41:43,1.4,50,62450
20240216,12:41:44,1.4,50,62450
20240216,12:41:45,1.4,50,62450
20240216,12:41:46,1.4,50,62450
20240216,12:41:47,1.4,50,62450
20240216,12:41:48,1.4,50,62450
20240216,12:41:49,1.4,50,62450
20240216,12:41:50,1.4,50,62450
20240216,12:41:51,1.4,50,62450
20240216,12:41:53,1.4,100,62450
20240216,12:41:54,1.4,50,62450
20240216,12:41:55,1.4,50,62450
20240216,12:41:57,1.4,100,62450
20240216,12:41:58,1.4,50,62450
20240216,12:41:59,1.4,50,62450
20240216,12:42:00,1.4,50,62450
20240216,12:42:01,1.4,50,62450
20240216,12:42:02,1.4,50,62450
20240216,12:42:03,1.4,50,62450
20240216,12:42:04,1.4,50,62450
20240216,12:42:05,1.4,50,62450
20240216,12:42:06,1.4,50,62450
20240216,12:42:07,1.4,50,62450
20240216,12:42:08,1.4,50,62450
20240216,12:42:09,1.4,50,62450
20240216,12:42:10,1.4,50,62450
20240216,12:42:11,1.4,50,62450
20240216,12:42:12,1.4,50,62450
20240216,12:42:13,1.4,50,62450
20240216,12:42:15,1.4,50,62450
20240216,12:42:16,1.4,50,62450
20240216,12:42:17,1.4,100,62450
20240216,12:42:18,1.4,50,62450
20240216,12:42:19,1.35,150,62450
20240216,12:42:20,1.4,50,62450
20240216,12:42:22,1.4,50,62450
20240216,12:42:23,1.4,50,62450
20240216,12:42:24,1.4,50,62450
20240216,12:42:25,1.4,50,62450
20240216,12:42:26,1.4,50,62450
20240216,12:42:27,1.4,50,62450
20240216,12:42:28,1.4,50,62450
20240216,12:42:29,1.4,50,62450
20240216,12:42:30,1.4,50,62450
20240216,12:42:31,1.4,50,62450
20240216,12:42:32,1.4,50,62450
20240216,12:42:33,1.4,50,62450
20240216,12:42:34,1.4,50,62450
20240216,12:42:35,1.4,50,62450
20240216,12:42:36,1.4,50,62450
20240216,12:42:37,1.4,50,62450
20240216,12:42:38,1.4,50,62450
20240216,12:42:39,1.4,50,62450
20240216,12:42:40,1.4,50,62450
20240216,12:42:41,1.4,50,62450
20240216,12:42:42,1.4,50,62450
20240216,12:42:51,1.4,50,62450
20240216,12:42:52,1.4,50,62450
20240216,12:42:56,1.4,50,62450
20240216,12:42:59,1.4,50,67300
20240216,12:43:00,1.4,50,67300
20240216,12:43:01,1.4,50,67300
20240216,12:43:22,1.4,50,67300
20240216,12:43:23,1.4,50,67300
20240216,12:43:24,1.4,50,67300
20240216,12:43:25,1.4,50,67300
20240216,12:43:26,1.4,50,67300
20240216,12:43:27,1.4,50,67300
20240216,12:43:28,1.4,50,67300
20240216,12:43:29,1.4,50,67300
20240216,12:43:30,1.4,50,67300
20240216,12:44:22,1.4,50,67300
20240216,12:44:23,1.4,50,67300
20240216,12:44:24,1.4,50,67300
20240216,12:44:25,1.4,50,67300
20240216,12:44:26,1.4,50,67300
20240216,12:44:28,1.4,50,67300
20240216,12:44:29,1.4,50,67300
20240216,12:44:30,1.4,50,67300
20240216,12:44:31,1.4,50,67300
20240216,12:44:32,1.4,50,67300
20240216,12:44:35,1.4,50,67300
20240216,12:44:36,1.4,50,67300
20240216,12:44:37,1.4,50,67300
20240216,12:44:38,1.4,50,67300
20240216,12:44:39,1.4,50,67300
20240216,12:44:40,1.4,50,67300
20240216,12:44:41,1.4,50,67300
20240216,12:44:42,1.4,50,67300
20240216,12:44:43,1.4,50,67300
20240216,12:44:44,1.4,50,67300
20240216,12:44:45,1.4,50,67300
20240216,12:44:46,1.4,50,67300
20240216,12:44:47,1.4,50,67300
20240216,12:44:48,1.4,50,67300
20240216,12:44:49,1.4,50,67300
20240216,12:44:50,1.4,50,67300
20240216,12:44:51,1.4,50,67300
20240216,12:44:52,1.4,50,67300
20240216,12:46:30,1.4,50,67550
20240216,12:46:31,1.4,50,67550
20240216,12:46:32,1.4,50,67550
20240216,12:46:33,1.4,50,67550
20240216,12:46:34,1.4,50,67550
20240216,12:46:35,1.4,50,67550
20240216,12:46:36,1.4,50,67550
20240216,12:46:37,1.4,50,67550
20240216,12:46:38,1.4,50,67550
20240216,12:46:39,1.4,50,67550
20240216,12:46:40,1.4,50,67550
20240216,12:46:41,1.4,50,67550
20240216,12:46:42,1.4,50,67550
20240216,12:46:43,1.4,50,67550
20240216,12:46:44,1.4,50,67550
20240216,12:46:45,1.4,50,67550
20240216,12:46:46,1.4,50,67550
20240216,12:46:47,1.4,50,67550
20240216,12:46:48,1.4,50,67550
20240216,12:46:49,1.4,50,67550
20240216,12:46:50,1.4,50,67550
20240216,12:46:51,1.4,50,67550
20240216,12:46:52,1.4,100,67550
20240216,12:46:53,1.4,100,67550
20240216,12:46:54,1.4,100,67550
20240216,12:46:58,1.4,50,67550
20240216,12:46:59,1.4,50,67550
20240216,12:47:00,1.4,50,67550
20240216,12:47:01,1.4,50,67550
20240216,12:47:02,1.4,50,67550
20240216,12:47:03,1.4,50,67550
20240216,12:47:04,1.4,50,67550
20240216,12:47:05,1.4,300,67550
20240216,12:47:06,1.4,50,67550
20240216,12:47:07,1.4,50,67550
20240216,12:47:08,1.4,50,67550
20240216,12:47:09,1.4,50,67550
20240216,12:47:10,1.4,50,67550
20240216,12:47:11,1.4,100,67550
20240216,12:47:12,1.4,100,67550
20240216,12:47:13,1.4,100,67550
20240216,12:47:16,1.4,50,67550
20240216,12:47:17,1.4,50,67550
20240216,12:47:18,1.4,50,67550
20240216,12:47:19,1.4,50,67550
20240216,12:47:20,1.4,50,67550
20240216,12:47:21,1.4,50,67550
20240216,12:47:22,1.4,50,67550
20240216,12:47:23,1.4,50,67550
20240216,12:47:24,1.4,50,67550
20240216,12:47:25,1.4,50,67550
20240216,12:47:26,1.4,50,67550
20240216,12:47:27,1.4,50,67550
20240216,12:47:28,1.4,50,67550
20240216,12:47:29,1.4,50,67550
20240216,12:47:30,1.4,50,67550
20240216,12:47:31,1.4,50,67550
20240216,12:47:32,1.4,50,67550
20240216,12:47:33,1.4,50,67550
20240216,12:47:34,1.4,50,67550
20240216,12:47:35,1.4,50,67550
20240216,12:47:36,1.4,50,67550
20240216,12:47:37,1.4,50,67550
20240216,12:47:38,1.4,50,67550
20240216,12:47:39,1.4,50,67550
20240216,12:47:40,1.4,50,67550
20240216,12:47:41,1.4,50,67550
20240216,12:47:42,1.4,50,67550
20240216,12:47:43,1.4,50,67550
20240216,12:47:44,1.4,50,67550
20240216,12:47:45,1.4,50,67550
20240216,12:47:46,1.4,50,67550
20240216,12:47:47,1.4,50,67550
20240216,12:47:48,1.4,50,67550
20240216,12:47:49,1.4,50,67550
20240216,12:47:50,1.4,50,67550
20240216,12:47:51,1.4,50,67550
20240216,12:47:52,1.4,100,67550
20240216,12:47:53,1.4,100,67550
20240216,12:47:54,1.4,100,67550
20240216,12:47:57,1.4,50,67550
20240216,12:47:58,1.4,50,67550
20240216,12:47:59,1.4,50,67550
20240216,12:48:00,1.4,50,67550
20240216,12:48:01,1.4,50,67550
20240216,12:48:02,1.4,100,67550
20240216,12:48:03,1.4,100,67550
20240216,12:48:04,1.4,100,67550
20240216,12:48:05,1.4,100,67550
20240216,12:48:06,1.4,150,67550
20240216,12:48:08,1.4,50,67550
20240216,12:48:09,1.4,50,67550
20240216,12:48:10,1.4,50,67550
20240216,12:48:11,1.4,50,67550
20240216,12:48:12,1.4,50,67550
20240216,12:48:13,1.4,150,67550
20240216,12:48:14,1.4,150,67550
20240216,12:48:15,1.4,150,67550
20240216,12:48:16,1.4,150,67550
20240216,12:48:17,1.4,50,67550
20240216,12:48:19,1.4,50,67550
20240216,12:48:20,1.4,50,67550
20240216,12:48:21,1.4,50,67550
20240216,12:48:22,1.4,50,67550
20240216,12:48:23,1.4,50,67550
20240216,12:48:24,1.4,50,67550
20240216,12:48:25,1.4,50,67550
20240216,12:48:26,1.4,50,67550
20240216,12:48:27,1.4,150,67550
20240216,12:48:28,1.4,150,67550
20240216,12:48:29,1.4,2200,67550
20240216,12:48:31,1.4,1200,67550
20240216,12:48:32,1.4,1250,67550
20240216,12:48:33,1.4,800,67550
20240216,12:48:34,1.4,200,67550
20240216,12:48:35,1.45,50,67550
20240216,12:48:36,1.45,150,67550
20240216,12:48:37,1.45,150,67550
20240216,12:48:38,1.45,150,67550
20240216,12:48:39,1.45,50,67550
20240216,12:48:40,1.45,50,67550
20240216,12:48:41,1.45,50,67550
20240216,12:48:42,1.45,150,67550
20240216,12:48:43,1.45,150,67550
20240216,12:48:44,1.45,150,67550
20240216,12:48:45,1.45,150,67550
20240216,12:48:46,1.45,150,67550
20240216,12:48:47,1.45,150,67550
20240216,12:48:48,1.45,50,67550
20240216,12:48:49,1.45,50,67550
20240216,12:51:41,1.4,50,67550
20240216,12:52:01,1.4,50,73200
20240216,12:52:41,1.4,50,73200
20240216,12:55:46,1.4,200,73200
20240216,12:55:47,1.4,200,73200
20240216,12:55:48,1.4,200,73200
20240216,12:55:49,1.4,200,73200
20240216,12:55:50,1.4,200,73200
20240216,12:55:51,1.4,200,73200
20240216,12:55:52,1.4,250,73200
20240216,12:55:53,1.4,200,73200
20240216,12:55:54,1.4,200,73200
20240216,12:55:56,1.45,50,73200
20240216,12:56:06,1.4,50,73200
20240216,12:56:07,1.4,50,73200
20240216,12:56:08,1.4,50,73200
20240216,12:59:00,1.4,50,73200
20240216,12:59:53,1.45,50,71200
20240216,13:00:48,1.45,250,71200
20240216,13:01:11,1.45,50,71200
20240216,13:07:44,1.4,50,71100
20240216,13:07:44,1.4,400,71100
20240216,13:07:46,1.45,150,71100
20240216,13:07:47,1.45,50,71100
20240216,13:10:31,1.4,50,70900
20240216,13:12:21,1.4,1200,70900
20240216,13:14:58,1.4,100,69650
20240216,13:15:00,1.4,200,69650
20240216,13:15:01,1.4,150,69650
20240216,13:15:20,1.4,250,69650
20240216,13:15:26,1.35,50,69650
20240216,13:17:33,1.4,50,69400
20240216,13:20:13,1.4,100,69350
20240216,13:20:43,1.4,50,69350
20240216,13:20:44,1.4,50,69350
20240216,13:20:45,1.4,50,69350
20240216,13:20:46,1.4,50,69350
20240216,13:20:47,1.4,50,69350
20240216,13:20:49,1.4,50,69350
20240216,13:20:50,1.4,50,69350
20240216,13:20:51,1.4,50,69350
20240216,13:20:52,1.4,50,69350
20240216,13:21:05,1.4,50,69350
20240216,13:21:06,1.4,50,69350
20240216,13:21:07,1.4,50,69350
20240216,13:21:11,1.4,50,69350
20240216,13:21:12,1.4,50,69350
20240216,13:21:13,1.4,50,69350
20240216,13:21:14,1.4,50,69350
20240216,13:21:15,1.4,50,69350
20240216,13:21:16,1.4,50,69350
20240216,13:21:17,1.4,50,69350
20240216,13:21:18,1.4,50,69350
20240216,13:21:19,1.4,50,69350
20240216,13:23:10,1.35,200,69350
20240216,13:23:11,1.35,2000,70050
20240216,13:23:12,1.35,200,70050
20240216,13:23:13,1.35,200,70050
20240216,13:23:17,1.35,50,70050
20240216,13:23:18,1.35,50,70050
20240216,13:23:19,1.35,50,70050
20240216,13:23:20,1.35,50,70050
20240216,13:23:21,1.35,50,70050
20240216,13:23:22,1.35,50,70050
20240216,13:23:23,1.35,50,70050
20240216,13:23:24,1.35,50,70050
20240216,13:24:38,1.35,250,70050
20240216,13:24:39,1.35,450,70050
20240216,13:24:44,1.3,50,70050
20240216,13:24:45,1.3,50,70050
20240216,13:24:47,1.3,50,70050
20240216,13:24:49,1.3,50,70050
20240216,13:24:54,1.3,50,70050
20240216,13:24:55,1.3,50,70050
20240216,13:24:56,1.3,50,70050
20240216,13:24:57,1.3,50,70050
20240216,13:24:58,1.3,50,70050
20240216,13:25:13,1.3,50,68650
20240216,13:25:14,1.3,50,68650
20240216,13:25:15,1.3,50,68650
20240216,13:25:15,1.35,50,68650
20240216,13:25:16,1.3,50,68650
20240216,13:25:17,1.3,50,68650
20240216,13:25:18,1.3,50,68650
20240216,13:25:19,1.3,200,68650
20240216,13:25:20,1.3,200,68650
20240216,13:25:22,1.3,250,68650
20240216,13:25:23,1.3,50,68650
20240216,13:25:24,1.3,50,68650
20240216,13:25:25,1.3,50,68650
20240216,13:25:26,1.3,50,68650
20240216,13:25:27,1.3,50,68650
20240216,13:25:28,1.3,50,68650
20240216,13:25:29,1.3,50,68650
20240216,13:25:30,1.3,50,68650
20240216,13:25:31,1.3,50,68650
20240216,13:25:32,1.3,50,68650
20240216,13:25:33,1.3,50,68650
20240216,13:25:34,1.3,200,68650
20240216,13:25:35,1.3,200,68650
20240216,13:25:36,1.3,200,68650
20240216,13:25:40,1.3,50,68650
20240216,13:25:41,1.3,50,68650
20240216,13:25:42,1.3,50,68650
20240216,13:25:43,1.3,50,68650
20240216,13:25:44,1.3,50,68650
20240216,13:25:45,1.3,50,68650
20240216,13:25:46,1.3,50,68650
20240216,13:25:47,1.3,50,68650
20240216,13:25:48,1.3,50,68650
20240216,13:25:49,1.3,50,68650
20240216,13:25:50,1.3,50,68650
20240216,13:25:51,1.3,50,68650
20240216,13:25:52,1.3,50,68650
20240216,13:25:53,1.3,200,68650
20240216,13:25:54,1.3,250,68650
20240216,13:25:55,1.3,50,68650
20240216,13:25:57,1.3,100,68650
20240216,13:25:59,1.3,100,68650
20240216,13:26:00,1.3,50,68650
20240216,13:26:01,1.3,50,68650
20240216,13:26:02,1.3,50,68650
20240216,13:26:03,1.3,50,68650
20240216,13:26:04,1.3,50,68650
20240216,13:26:05,1.3,50,68650
20240216,13:26:06,1.3,200,68650
20240216,13:26:07,1.3,200,68650
20240216,13:26:08,1.3,200,68650
20240216,13:26:45,1.3,50,68650
20240216,13:26:46,1.3,50,68650
20240216,13:26:47,1.3,50,68650
20240216,13:26:48,1.3,50,68650
20240216,13:26:49,1.3,50,68650
20240216,13:26:50,1.3,50,68650
20240216,13:26:51,1.3,50,68650
20240216,13:26:52,1.3,50,68650
20240216,13:26:53,1.3,50,68650
20240216,13:26:54,1.3,50,68650
20240216,13:26:55,1.3,50,68650
20240216,13:26:56,1.3,50,68650
20240216,13:26:57,1.3,50,68650
20240216,13:26:58,1.3,50,68650
20240216,13:26:59,1.3,50,68650
20240216,13:27:00,1.3,50,68650
20240216,13:27:01,1.3,200,68650
20240216,13:27:02,1.3,200,68650
20240216,13:27:03,1.3,50,68650
20240216,13:27:06,1.3,50,68650
20240216,13:27:07,1.3,50,68650
20240216,13:27:08,1.3,50,68650
20240216,13:27:09,1.3,50,68650
20240216,13:28:03,1.3,50,65350
20240216,13:28:04,1.3,50,65350
20240216,13:28:05,1.3,200,65350
20240216,13:28:06,1.3,200,65350
20240216,13:28:07,1.3,200,65350
20240216,13:28:15,1.3,200,65350
20240216,13:28:16,1.3,200,65350
20240216,13:28:17,1.3,200,65350
20240216,13:28:17,1.3,50,65350
20240216,13:28:21,1.3,200,65350
20240216,13:28:22,1.3,200,65350
20240216,13:28:23,1.3,150,65350
20240216,13:28:24,1.3,1300,65350
20240216,13:28:25,1.25,1850,65350
20240216,13:30:03,1.25,150,65350
20240216,13:30:04,1.25,2300,65350
20240216,13:30:05,1.25,150,65350
20240216,13:30:08,1.25,2250,65350
20240216,13:30:09,1.2,1800,65350
20240216,13:30:13,1.25,250,65350
20240216,13:31:08,1.25,150,68400
20240216,13:31:09,1.25,150,68400
20240216,13:31:17,1.25,250,68400
20240216,13:31:17,1.2,1800,68400
20240216,13:31:40,1.25,50,68400
20240216,13:32:31,1.25,100,68400
20240216,13:33:07,1.25,50,68400
20240216,13:33:14,1.25,250,68400
20240216,13:33:27,1.2,150,68400
20240216,13:33:28,1.2,150,68400
20240216,13:33:29,1.2,150,68400
20240216,13:33:30,1.2,150,68400
20240216,13:33:31,1.2,150,68400
20240216,13:33:32,1.2,150,68400
20240216,13:33:38,1.2,150,68400
20240216,13:33:39,1.2,150,68400
20240216,13:33:40,1.2,150,68400
20240216,13:33:41,1.2,1800,68400
20240216,13:33:42,1.15,150,68400
20240216,13:33:43,1.15,200,68400
20240216,13:33:44,1.15,150,68400
20240216,13:33:45,1.15,150,68400
20240216,13:33:46,1.15,150,68400
20240216,13:33:47,1.15,150,68400
20240216,13:33:48,1.15,150,68400
20240216,13:33:49,1.15,150,68400
20240216,13:33:50,1.15,150,68400
20240216,13:33:51,1.15,150,68400
20240216,13:33:52,1.15,150,68400
20240216,13:33:53,1.15,150,68400
20240216,13:34:42,1.2,100,69300
20240216,13:34:46,1.2,800,69300
20240216,13:35:01,1.2,250,69300
20240216,13:35:15,1.15,1800,69300
20240216,13:35:40,1.2,50,69300
20240216,13:36:05,1.2,2200,69300
20240216,13:36:40,1.2,150,69300
20240216,13:36:42,1.15,3600,69300
20240216,13:36:42,1.15,1800,69300
20240216,13:36:44,1.15,1800,69300
20240216,13:37:39,1.2,500,69300
20240216,13:39:19,1.2,100,76250
20240216,13:39:40,1.2,50,76250
20240216,13:39:51,1.2,50,76250
20240216,13:39:52,1.2,850,76250
20240216,13:40:22,1.25,400,76250
20240216,13:40:32,1.25,100,76300
20240216,13:40:34,1.25,150,76300
20240216,13:40:35,1.25,1800,76300
20240216,13:40:37,1.25,950,76300
20240216,13:41:11,1.2,50,76300
20240216,13:41:18,1.2,50,76300
20240216,13:41:25,1.25,300,76300
20240216,13:41:37,1.25,1650,76300
20240216,13:41:51,1.25,350,76300
20240216,13:41:58,1.25,2450,76300
20240216,13:42:05,1.25,250,76300
20240216,13:42:14,1.25,250,76300
20240216,13:42:21,1.25,250,76300
20240216,13:42:44,1.25,250,76300
20240216,13:43:30,1.3,1050,77450
20240216,13:43:44,1.25,200,77450
20240216,13:44:05,1.3,100,77450
20240216,13:45:14,1.3,100,77450
20240216,13:46:32,1.3,250,78500
20240216,13:47:00,1.25,50,78500
20240216,13:47:00,1.25,200,78500
20240216,13:47:01,1.25,100,78500
20240216,13:47:10,1.3,500,78500
20240216,13:47:10,1.3,250,78500
20240216,13:47:24,1.25,200,78500
20240216,13:47:32,1.3,500,78500
20240216,13:47:58,1.3,500,78500
20240216,13:48:23,1.3,250,78500
20240216,13:48:53,1.25,50,78500
20240216,13:49:05,1.2,2800,78500
20240216,13:49:31,1.25,500,79800
20240216,13:50:58,1.2,200,79800
20240216,13:52:17,1.2,50,79800
20240216,13:53:45,1.25,50,80950
20240216,13:53:46,1.25,50,80950
20240216,13:53:47,1.25,50,80950
20240216,13:53:48,1.25,50,80950
20240216,13:53:49,1.25,50,80950
20240216,13:53:50,1.25,50,80950
20240216,13:53:51,1.2,150,80950
20240216,13:53:52,1.25,50,80950
20240216,13:53:53,1.25,50,80950
20240216,13:53:54,1.25,50,80950
20240216,13:53:55,1.25,50,80950
20240216,13:53:56,1.25,50,80950
20240216,13:53:57,1.25,50,80950
20240216,13:53:58,1.25,50,80950
20240216,13:53:59,1.25,50,80950
20240216,13:54:26,1.25,100,80950
20240216,13:54:49,1.25,50,80950
20240216,13:54:57,1.25,150,80950
20240216,13:57:40,1.25,50,81950
20240216,13:57:45,1.25,50,81950
20240216,13:57:46,1.25,50,81950
20240216,13:57:52,1.25,50,81950
20240216,13:57:53,1.25,50,81950
20240216,13:57:54,1.25,50,81950
20240216,13:57:55,1.25,50,81950
20240216,13:57:56,1.25,50,81950
20240216,13:57:57,1.25,50,81950
20240216,13:57:58,1.25,50,81950
20240216,13:57:59,1.25,50,81950
20240216,13:58:54,1.25,100,82500
20240216,13:59:09,1.25,1400,82500
20240216,14:00:04,1.25,50,82500
20240216,14:00:05,1.25,750,82500
20240216,14:00:42,1.25,50,82500
20240216,14:00:43,1.25,50,82500
20240216,14:00:44,1.25,50,82500
20240216,14:00:45,1.25,100,82500
20240216,14:00:46,1.25,100,82500
20240216,14:00:47,1.25,100,82500
20240216,14:00:48,1.25,50,82500
20240216,14:00:49,1.25,50,82500
20240216,14:00:58,1.2,50,82500
20240216,14:01:05,1.2,50,82500
20240216,14:01:15,1.25,50,82500
20240216,14:01:16,1.25,50,83500
20240216,14:01:17,1.25,50,83500
20240216,14:01:18,1.25,50,83500
20240216,14:01:19,1.25,50,83500
20240216,14:01:19,1.2,50,83500
20240216,14:01:20,1.25,50,83500
20240216,14:01:21,1.25,150,83500
20240216,14:01:22,1.25,150,83500
20240216,14:01:23,1.25,150,83500
20240216,14:01:24,1.25,50,83500
20240216,14:01:28,1.25,50,83500
20240216,14:01:29,1.25,50,83500
20240216,14:01:30,1.25,50,83500
20240216,14:01:33,1.25,50,83500
20240216,14:01:34,1.25,50,83500
20240216,14:01:35,1.25,50,83500
20240216,14:01:36,1.25,50,83500
20240216,14:02:30,1.2,250,83500
20240216,14:03:54,1.2,900,83500
20240216,14:04:20,1.2,1600,82850
20240216,14:04:35,1.2,50,82850
20240216,14:06:04,1.2,200,82850
20240216,14:06:05,1.2,250,82850
20240216,14:06:08,1.2,50,82850
20240216,14:06:09,1.2,50,82850
20240216,14:06:10,1.2,50,82850
20240216,14:06:11,1.2,50,82850
20240216,14:06:12,1.2,50,82850
20240216,14:06:13,1.2,50,82850
20240216,14:06:14,1.2,50,82850
20240216,14:06:15,1.2,50,82850
20240216,14:06:16,1.2,50,82850
20240216,14:06:17,1.2,50,82850
20240216,14:06:18,1.2,50,82850
20240216,14:06:19,1.2,50,82850
20240216,14:06:20,1.2,50,82850
20240216,14:06:47,1.25,700,82850
20240216,14:07:44,1.25,500,80600
20240216,14:08:35,1.2,700,80600
20240216,14:09:17,1.2,350,80600
20240216,14:10:44,1.25,1500,79750
20240216,14:10:45,1.25,50,79750
20240216,14:10:47,1.25,50,79750
20240216,14:10:50,1.25,50,79750
20240216,14:10:56,1.25,250,79750
20240216,14:11:00,1.25,50,79750
20240216,14:12:46,1.3,1750,79750
20240216,14:13:00,1.3,50,79750
20240216,14:13:01,1.3,150,79750
20240216,14:13:02,1.3,150,79750
20240216,14:13:03,1.3,150,79750
20240216,14:13:04,1.3,50,79750
20240216,14:13:05,1.3,50,79750
20240216,14:13:06,1.3,50,79750
20240216,14:13:07,1.3,50,79750
20240216,14:13:08,1.3,50,81300
20240216,14:13:09,1.3,50,81300
20240216,14:13:10,1.3,50,81300
20240216,14:13:14,1.3,50,81300
20240216,14:13:18,1.3,50,81300
20240216,14:13:19,1.3,50,81300
20240216,14:13:20,1.3,50,81300
20240216,14:13:21,1.3,50,81300
20240216,14:13:22,1.3,50,81300
20240216,14:13:23,1.3,50,81300
20240216,14:13:24,1.3,50,81300
20240216,14:13:28,1.3,50,81300
20240216,14:13:29,1.3,50,81300
20240216,14:13:30,1.3,50,81300
20240216,14:13:31,1.3,50,81300
20240216,14:13:32,1.3,50,81300
20240216,14:13:33,1.3,50,81300
20240216,14:13:34,1.3,50,81300
20240216,14:13:35,1.3,50,81300
20240216,14:13:36,1.3,50,81300
20240216,14:13:37,1.3,50,81300
20240216,14:13:38,1.3,50,81300
20240216,14:13:39,1.3,50,81300
20240216,14:13:40,1.3,50,81300
20240216,14:13:41,1.3,50,81300
20240216,14:13:42,1.3,50,81300
20240216,14:13:43,1.3,50,81300
20240216,14:13:44,1.3,50,81300
20240216,14:13:45,1.3,150,81300
20240216,14:13:46,1.3,150,81300
20240216,14:13:47,1.3,150,81300
20240216,14:13:48,1.3,150,81300
20240216,14:13:49,1.3,150,81300
20240216,14:13:50,1.3,150,81300
20240216,14:13:51,1.3,150,81300
20240216,14:13:52,1.3,150,81300
20240216,14:13:53,1.3,150,81300
20240216,14:13:54,1.3,150,81300
20240216,14:13:55,1.3,150,81300
20240216,14:13:56,1.3,150,81300
20240216,14:14:11,1.3,1000,81300
20240216,14:14:20,1.25,100,81300
20240216,14:14:34,1.25,50,81300
20240216,14:14:51,1.3,50,81300
20240216,14:15:03,1.25,50,81300
20240216,14:15:04,1.25,50,81300
20240216,14:15:05,1.25,50,81300
20240216,14:15:06,1.25,50,81300
20240216,14:15:07,1.25,50,81300
20240216,14:15:08,1.25,50,81300
20240216,14:15:08,1.25,4250,81300
20240216,14:15:09,1.25,50,81300
20240216,14:15:10,1.25,550,81300
20240216,14:15:12,1.25,50,81300
20240216,14:15:13,1.25,1850,81300
20240216,14:15:17,1.25,300,81300
20240216,14:15:21,1.25,50,81300
20240216,14:15:25,1.2,50,81300
20240216,14:15:26,1.2,50,81300
20240216,14:15:27,1.2,50,81300
20240216,14:15:28,1.2,50,81300
20240216,14:15:29,1.2,50,81300
20240216,14:15:30,1.2,50,81300
20240216,14:15:31,1.2,50,81300
20240216,14:15:32,1.2,50,81300
20240216,14:15:33,1.2,100,81300
20240216,14:15:34,1.2,50,81300
20240216,14:15:35,1.2,50,81300
20240216,14:15:36,1.2,50,81300
20240216,14:15:37,1.2,50,81300
20240216,14:15:38,1.2,50,81300
20240216,14:15:39,1.2,50,81300
20240216,14:15:40,1.2,50,81300
20240216,14:15:41,1.2,50,81300
20240216,14:15:42,1.2,50,81300
20240216,14:15:43,1.25,250,81300
20240216,14:16:06,1.25,50,81300
20240216,14:16:24,1.25,50,81300
20240216,14:18:22,1.2,50,79900
20240216,14:18:23,1.2,200,79900
20240216,14:18:24,1.2,200,79900
20240216,14:18:25,1.2,200,79900
20240216,14:18:26,1.2,200,79900
20240216,14:18:27,1.2,200,79900
20240216,14:18:28,1.2,200,79900
20240216,14:18:30,1.2,50,79900
20240216,14:18:31,1.2,50,79900
20240216,14:18:32,1.2,50,79900
20240216,14:18:33,1.2,50,79900
20240216,14:18:34,1.2,50,79900
20240216,14:18:35,1.2,50,79900
20240216,14:18:36,1.2,50,79900
20240216,14:18:38,1.2,150,79900
20240216,14:18:39,1.2,200,79900
20240216,14:18:40,1.2,200,79900
20240216,14:18:41,1.2,200,79900
20240216,14:18:42,1.2,200,79900
20240216,14:18:43,1.2,200,79900
20240216,14:18:45,1.2,500,79900
20240216,14:18:46,1.2,50,79900
20240216,14:18:47,1.2,50,79900
20240216,14:18:48,1.2,50,79900
20240216,14:18:49,1.2,50,79900
20240216,14:18:50,1.2,200,79900
20240216,14:18:51,1.2,1000,79900
20240216,14:18:52,1.2,250,79900
20240216,14:18:53,1.15,200,79900
20240216,14:18:55,1.15,250,79900
20240216,14:18:56,1.15,50,79900
20240216,14:18:57,1.15,50,79900
20240216,14:18:58,1.15,50,79900
20240216,14:18:59,1.15,50,79900
20240216,14:19:00,1.15,50,79900
20240216,14:19:01,1.15,200,79900
20240216,14:19:02,1.15,200,79900
20240216,14:19:03,1.15,200,79900
20240216,14:19:04,1.15,200,79900
20240216,14:19:05,1.15,200,79900
20240216,14:19:06,1.15,200,79900
20240216,14:19:07,1.15,50,79900
20240216,14:19:08,1.15,250,79900
20240216,14:19:09,1.15,200,77700
20240216,14:19:10,1.15,200,77700
20240216,14:19:11,1.15,50,77700
20240216,14:19:12,1.15,50,77700
20240216,14:19:13,1.15,50,77700
20240216,14:19:14,1.15,50,77700
20240216,14:19:15,1.15,50,77700
20240216,14:19:16,1.15,50,77700
20240216,14:19:17,1.15,50,77700
20240216,14:19:18,1.15,50,77700
20240216,14:19:19,1.15,50,77700
20240216,14:19:20,1.2,150,77700
20240216,14:19:21,1.15,50,77700
20240216,14:19:22,1.15,50,77700
20240216,14:19:23,1.15,50,77700
20240216,14:19:24,1.15,50,77700
20240216,14:19:25,1.15,200,77700
20240216,14:19:26,1.15,200,77700
20240216,14:19:27,1.15,200,77700
20240216,14:19:28,1.15,50,77700
20240216,14:19:29,1.15,50,77700
20240216,14:19:30,1.15,50,77700
20240216,14:19:31,1.15,200,77700
20240216,14:19:32,1.15,200,77700
20240216,14:19:33,1.15,200,77700
20240216,14:19:36,1.15,50,77700
20240216,14:19:37,1.15,50,77700
20240216,14:19:38,1.15,50,77700
20240216,14:19:39,1.15,50,77700
20240216,14:19:40,1.15,50,77700
20240216,14:19:41,1.15,200,77700
20240216,14:19:42,1.15,200,77700
20240216,14:19:43,1.15,200,77700
20240216,14:20:20,1.2,450,77700
20240216,14:20:21,1.15,150,77700
20240216,14:20:50,1.2,250,77700
20240216,14:21:16,1.2,250,77700
20240216,14:21:23,1.2,250,77700
20240216,14:25:17,1.2,1000,77000
20240216,14:25:25,1.2,50,77000
20240216,14:25:26,1.2,50,77000
20240216,14:25:27,1.2,50,77000
20240216,14:25:28,1.2,50,77000
20240216,14:25:29,1.2,50,77000
20240216,14:25:30,1.2,150,77000
20240216,14:25:31,1.2,50,77000
20240216,14:25:32,1.2,50,77000
20240216,14:25:33,1.2,50,77000
20240216,14:25:34,1.2,50,77000
20240216,14:25:35,1.2,50,77000
20240216,14:25:36,1.2,150,77000
20240216,14:25:37,1.2,150,77000
20240216,14:25:38,1.2,150,77000
20240216,14:25:42,1.2,50,77000
20240216,14:25:43,1.2,50,77000
20240216,14:25:58,1.2,50,77000
20240216,14:25:59,1.2,50,77000
20240216,14:26:00,1.2,50,77000
20240216,14:26:01,1.2,50,77000
20240216,14:26:02,1.2,50,77000
20240216,14:26:03,1.2,50,77000
20240216,14:26:04,1.2,50,77000
20240216,14:28:26,1.15,100,77000
20240216,14:30:39,1.15,50,77050
20240216,14:30:55,1.2,250,77050
20240216,14:30:55,1.2,1000,77050
20240216,14:31:01,1.2,50,77050
20240216,14:31:58,1.15,100,77050
20240216,14:35:48,1.2,1000,77050
20240216,14:35:49,1.2,50,77050
20240216,14:37:12,1.2,500,77000
20240216,14:39:21,1.2,300,77000
20240216,14:39:22,1.2,250,77000
20240216,14:39:23,1.2,100,77000
20240216,14:39:41,1.2,50,77000
20240216,14:39:46,1.2,50,77000
20240216,14:39:47,1.2,50,77000
20240216,14:40:12,1.2,200,77000
20240216,14:40:13,1.2,250,77000
20240216,14:40:14,1.2,250,77000
20240216,14:40:15,1.2,200,77000
20240216,14:40:16,1.2,200,77000
20240216,14:40:17,1.2,200,77000
20240216,14:40:18,1.2,50,77000
20240216,14:40:55,1.2,400,77000
20240216,14:41:22,1.25,1650,77000
20240216,14:42:34,1.2,400,77000
20240216,14:44:55,1.2,150,75350
20240216,14:46:10,1.2,100,75350
20240216,14:46:16,1.2,250,75350
20240216,14:47:16,1.2,1800,75350
20240216,14:47:44,1.25,50,75350
20240216,14:47:57,1.2,50,75350
20240216,14:47:58,1.15,150,75350
20240216,14:47:59,1.15,50,75350
20240216,14:48:00,1.15,50,75350
20240216,14:48:01,1.15,250,75350
20240216,14:48:02,1.15,200,75350
20240216,14:48:03,1.15,250,75350
20240216,14:48:04,1.15,300,75350
20240216,14:48:05,1.15,50,75350
20240216,14:48:06,1.15,50,75350
20240216,14:48:07,1.15,50,75350
20240216,14:48:08,1.15,200,75350
20240216,14:48:09,1.15,200,75350
20240216,14:48:10,1.15,200,75350
20240216,14:48:11,1.15,200,75350
20240216,14:48:16,1.15,200,75350
20240216,14:48:17,1.15,200,75350
20240216,14:48:18,1.15,200,75350
20240216,14:48:22,1.2,1500,75350
20240216,14:48:24,1.15,200,75350
20240216,14:48:25,1.15,200,75350
20240216,14:48:26,1.15,200,75350
20240216,14:48:38,1.15,200,75350
20240216,14:48:39,1.15,200,75350
20240216,14:50:47,1.15,50,75350
20240216,14:50:49,1.15,200,75350
20240216,14:51:33,1.2,50,75350
20240216,14:53:17,1.2,1500,75350
20240216,14:54:04,1.15,50,75350
20240216,14:57:58,1.2,250,75350
20240216,14:58:15,1.2,50,75350
20240216,14:58:42,1.2,50,75350
20240216,14:58:46,1.2,1700,75350
20240216,15:00:02,1.15,500,75350
20240216,15:00:03,1.15,300,75350
20240216,15:01:02,1.25,50,75350
20240216,15:01:10,1.2,50,75350
20240216,15:02:08,1.25,300,75350
20240216,15:03:32,1.2,50,73650
20240216,15:04:37,1.2,50,73650
20240216,15:05:06,1.2,100,73650
20240216,15:06:13,1.25,350,73650
20240216,15:06:14,1.25,100,73650
20240216,15:06:17,1.25,150,73650
20240216,15:07:13,1.2,1800,73650
20240216,15:07:14,1.2,2800,73650
20240216,15:07:29,1.2,50,73650
20240216,15:10:20,1.2,100,73650
20240216,15:10:39,1.2,250,73650
20240216,15:11:18,1.15,350,73650
20240216,15:11:20,1.15,100,73650
20240216,15:11:22,1.25,250,73650
20240216,15:11:23,1.15,100,73650
20240216,15:11:29,1.15,50,73650
20240216,15:11:41,1.2,550,73650
20240216,15:12:32,1.2,250,73650
20240216,15:13:03,1.15,100,73650
20240216,15:13:15,1.2,500,73650
20240216,15:13:17,1.15,150,73500
20240216,15:13:34,1.2,500,73500
20240216,15:13:56,1.2,2300,73500
20240216,15:14:00,1.15,50,73500
20240216,15:14:00,1.15,100,73500
20240216,15:14:10,1.15,100,73500
20240216,15:14:37,1.2,250,73500
20240216,15:15:00,1.15,50,73500
20240216,15:15:11,1.15,250,73500
20240216,15:15:12,1.2,500,73500
20240216,15:15:13,1.2,450,73500
20240216,15:15:14,1.15,500,73500
20240216,15:15:18,1.15,100,73500
20240216,15:15:21,1.15,250,73500
20240216,15:15:23,1.15,250,73500
20240216,15:15:41,1.15,250,73500
20240216,15:15:49,1.15,100,73500
20240216,15:15:55,1.15,300,73500
20240216,15:15:57,1.15,350,73500
20240216,15:16:46,1.1,200,73500
20240216,15:17:23,1.2,50,73500
20240216,15:17:44,1.1,150,73500
20240216,15:19:09,1.15,50,73500
20240216,15:19:55,1.1,50,73500
