date,time,tick_price,volume,open_interest
20240215,09:31:28,1.85,250,250
20240215,09:36:28,1.8,1750,250
20240215,09:37:14,1.8,50,2000
20240215,09:37:19,1.8,300,2000
20240215,09:38:36,2.35,100,2000
20240215,09:38:59,2.35,150,2000
20240215,09:40:09,2.1,50,2400
20240215,09:41:13,1.85,50,2400
20240215,09:41:27,1.85,100,2400
20240215,09:41:46,1.95,100,2400
20240215,09:44:21,1.9,150,2650
20240215,09:47:36,1.95,50,2750
20240215,09:48:02,1.95,50,2750
20240215,09:48:09,2.0,100,2750
20240215,09:48:18,2.0,300,2750
20240215,09:48:27,1.95,150,2750
20240215,09:49:03,1.95,250,3400
20240215,09:49:12,2.0,300,3400
20240215,09:49:21,2.0,150,3400
20240215,09:50:13,2.0,700,3400
20240215,09:50:20,2.0,300,3400
20240215,09:51:24,2.0,100,3400
20240215,09:51:32,2.0,2250,3400
20240215,09:53:27,1.95,300,4900
20240215,09:53:41,1.95,50,4900
20240215,09:55:11,2.0,100,5200
20240215,09:56:04,2.0,50,5200
20240215,09:56:18,1.95,50,5200
20240215,09:56:26,1.85,250,5200
20240215,09:56:34,1.85,350,5200
20240215,09:56:43,1.85,200,5200
20240215,09:56:51,1.9,150,5200
20240215,09:56:59,1.85,100,5200
20240215,09:58:05,1.85,50,4950
20240215,09:59:10,1.85,200,4950
20240215,09:59:42,1.9,50,4950
20240215,09:59:57,1.9,100,4950
20240215,10:00:12,1.9,400,4950
20240215,10:00:40,1.95,100,4950
20240215,10:01:32,1.9,400,5200
20240215,10:02:04,1.95,150,5200
20240215,10:02:17,1.85,1600,5200
20240215,10:04:12,1.95,150,7100
20240215,10:04:19,1.9,50,7100
20240215,10:04:52,1.9,250,7100
20240215,10:05:34,1.95,100,7100
20240215,10:05:41,1.95,100,7100
20240215,10:05:49,1.95,150,7100
20240215,10:05:57,1.95,100,7100
20240215,10:06:12,1.95,350,7100
20240215,10:06:20,2.0,500,7100
20240215,10:06:28,2.0,500,7100
20240215,10:06:36,2.0,400,7100
20240215,10:06:43,2.1,300,9650
20240215,10:06:50,2.1,250,9650
20240215,10:07:04,2.15,350,9650
20240215,10:07:11,2.15,100,9650
20240215,10:07:19,2.2,150,9650
20240215,10:07:27,2.25,150,9650
20240215,10:07:34,2.2,200,9650
20240215,10:07:43,1.9,1200,9650
20240215,10:07:52,2.25,1900,9650
20240215,10:08:00,2.25,1300,9650
20240215,10:08:08,2.2,1600,9650
20240215,10:08:15,2.2,1600,9650
20240215,10:08:23,2.2,400,9650
20240215,10:08:29,2.2,400,9650
20240215,10:08:59,2.2,1750,9650
20240215,10:10:22,2.2,100,17400
20240215,10:10:50,2.15,800,17400
20240215,10:11:09,2.1,350,17400
20240215,10:11:18,2.05,2050,17400
20240215,10:11:26,2.1,100,17400
20240215,10:11:56,2.0,150,17400
20240215,10:12:03,2.0,1050,17400
20240215,10:12:11,2.05,50,17400
20240215,10:12:18,2.05,100,17400
20240215,10:12:31,2.0,1450,17400
20240215,10:12:39,2.0,350,17400
20240215,10:13:14,2.0,750,18100
20240215,10:13:28,2.0,100,18100
20240215,10:13:51,1.95,300,18100
20240215,10:14:06,1.95,250,18100
20240215,10:14:39,1.95,100,18100
20240215,10:15:02,2.0,700,18100
20240215,10:15:45,2.0,300,18950
20240215,10:15:52,1.95,50,18950
20240215,10:15:59,1.95,50,18950
20240215,10:16:49,1.95,150,18950
20240215,10:17:33,1.95,200,18950
20240215,10:17:47,1.95,1150,18950
20240215,10:19:00,2.0,650,20200
20240215,10:19:07,1.95,50,20200
20240215,10:20:06,1.9,850,20200
20240215,10:20:19,1.95,500,20200
20240215,10:20:25,2.0,50,20200
20240215,10:20:37,1.9,750,20200
20240215,10:20:44,1.95,600,20200
20240215,10:22:38,1.95,800,22350
20240215,10:24:19,1.9,1000,22350
20240215,10:25:02,1.9,1000,24100
20240215,10:28:01,1.95,400,25100
20240215,10:28:09,1.9,2000,25100
20240215,10:29:55,1.9,200,25100
20240215,10:30:45,1.9,250,25300
20240215,10:33:49,1.9,250,25550
20240215,10:33:58,1.9,50,25550
20240215,10:34:37,1.95,350,25550
20240215,10:35:00,1.9,250,25550
20240215,10:35:28,1.9,50,25550
20240215,10:35:36,1.9,50,25550
20240215,10:36:15,1.9,1800,25550
20240215,10:36:23,1.9,1250,25550
20240215,10:39:39,1.85,50,28250
20240215,10:40:20,1.9,800,28250
20240215,10:42:21,1.85,50,28250
20240215,10:42:29,1.9,350,28250
20240215,10:42:36,1.9,250,28250
20240215,10:43:03,1.9,1200,29650
20240215,10:44:05,1.95,100,29650
20240215,10:44:29,1.95,450,29650
20240215,10:45:54,1.9,250,30950
20240215,10:46:47,1.9,500,30950
20240215,10:47:09,1.95,1800,30950
20240215,10:47:18,1.95,550,30950
20240215,10:51:49,1.95,100,29650
20240215,10:54:03,1.9,50,29650
20240215,10:54:17,1.95,800,29650
20240215,10:54:30,1.95,950,29650
20240215,10:54:38,1.95,800,29650
20240215,10:54:54,1.9,50,31250
20240215,10:55:18,1.9,200,31250
20240215,10:55:25,1.9,150,31250
20240215,10:55:33,1.9,150,31250
20240215,10:55:42,1.9,50,31250
20240215,10:55:50,1.9,250,31250
20240215,10:55:59,1.9,300,31250
20240215,10:56:08,1.9,250,31250
20240215,10:56:18,1.9,300,31250
20240215,10:56:26,1.9,150,31250
20240215,10:56:37,1.9,800,31250
20240215,10:56:47,1.9,650,31250
20240215,10:56:56,1.9,450,31250
20240215,10:57:05,1.9,200,31250
20240215,10:57:15,1.9,300,31250
20240215,10:57:24,1.9,100,31250
20240215,10:57:41,1.9,100,31250
20240215,10:59:08,1.9,1100,31200
20240215,11:00:31,1.9,100,31200
20240215,11:00:41,1.9,250,31200
20240215,11:00:51,1.9,50,31200
20240215,11:08:38,1.95,100,30600
20240215,11:08:54,1.95,50,30600
20240215,11:09:44,1.95,1350,30600
20240215,11:10:00,1.95,250,31200
20240215,11:10:45,1.9,50,31200
20240215,11:11:08,1.95,100,31200
20240215,11:17:20,1.95,100,31550
20240215,11:18:13,1.95,200,31550
20240215,11:22:49,1.95,50,31500
20240215,11:25:19,1.9,200,31450
20240215,11:25:29,1.85,50,31450
20240215,11:31:52,1.9,1000,31300
20240215,11:38:27,1.9,1300,32300
20240215,11:47:32,1.85,800,31300
20240215,11:47:45,1.85,250,31300
20240215,11:48:12,1.85,1000,31300
20240215,11:49:24,1.85,250,29950
20240215,11:54:02,1.8,100,29700
20240215,11:55:15,1.8,400,29700
20240215,11:55:41,1.8,250,29700
20240215,11:57:03,1.8,50,29700
20240215,11:57:18,1.8,50,29700
20240215,11:57:26,1.8,150,29700
20240215,11:57:47,1.8,50,29700
20240215,11:58:03,1.8,50,29950
20240215,12:03:28,1.85,1800,30000
20240215,12:03:42,1.85,150,30000
20240215,12:03:56,1.9,1950,30000
20240215,12:04:04,1.9,50,32600
20240215,12:04:18,1.9,250,32600
20240215,12:06:51,1.9,50,32600
20240215,12:07:12,1.9,400,32950
20240215,12:10:16,1.9,350,33100
20240215,12:10:24,1.9,7100,33100
20240215,12:10:42,1.9,250,33100
20240215,12:12:02,1.9,850,33100
20240215,12:29:09,1.9,150,34650
20240215,12:33:43,1.9,650,34500
20240215,12:33:52,1.9,250,34500
20240215,12:34:08,1.9,250,34800
20240215,12:34:18,1.9,150,34800
20240215,12:36:18,1.9,50,34800
20240215,12:37:06,1.9,700,34800
20240215,12:37:12,1.9,150,34800
20240215,12:46:51,1.95,250,35400
20240215,12:48:22,1.9,50,35400
20240215,12:48:34,1.9,50,35400
20240215,12:50:06,1.9,300,35400
20240215,12:50:14,1.9,100,35400
20240215,12:50:47,1.9,100,35400
20240215,12:55:28,1.95,50,35400
20240215,12:55:54,1.9,50,35400
20240215,12:56:02,1.9,100,35400
20240215,13:00:49,1.9,50,35450
20240215,13:01:58,1.9,50,35450
20240215,13:04:07,1.85,4600,35450
20240215,13:05:25,1.85,600,40050
20240215,13:05:44,1.85,1300,40050
20240215,13:05:50,1.85,100,40050
20240215,13:06:02,1.85,100,40050
20240215,13:06:07,1.8,5100,40050
20240215,13:06:30,1.8,100,40050
20240215,13:06:41,1.8,250,40050
20240215,13:06:56,1.8,1050,40050
20240215,13:07:02,1.8,150,40050
20240215,13:07:20,1.8,50,46400
20240215,13:10:56,1.75,1500,46400
20240215,13:11:22,1.75,250,46400
20240215,13:14:26,1.75,800,45650
20240215,13:15:43,1.75,400,45650
20240215,13:16:00,1.75,1500,45650
20240215,13:16:14,1.75,400,46900
20240215,13:17:43,1.7,100,46900
20240215,13:22:25,1.7,50,47200
20240215,13:22:45,1.75,50,47200
20240215,13:23:15,1.75,1600,47200
20240215,13:23:27,1.8,100,47200
20240215,13:23:42,1.85,2050,47200
20240215,13:30:56,1.85,1800,47350
20240215,13:31:09,1.85,50,47350
20240215,13:33:47,1.9,450,47350
20240215,13:38:30,1.9,600,47350
20240215,13:38:41,1.95,3350,47350
20240215,13:40:04,1.95,250,47350
20240215,13:40:15,1.95,750,47350
20240215,13:40:26,1.95,700,49650
20240215,13:42:02,1.9,50,49650
20240215,13:42:53,1.95,300,49650
20240215,13:43:31,1.95,1550,49350
20240215,13:43:41,1.95,500,49350
20240215,13:43:50,2.0,1250,49350
20240215,13:44:41,2.0,50,49350
20240215,13:45:11,2.0,400,49350
20240215,13:45:21,2.0,600,49350
20240215,13:45:31,2.0,1050,49350
20240215,13:46:01,2.0,350,49350
20240215,13:46:11,1.95,150,49350
20240215,13:46:18,1.95,200,49350
20240215,13:48:04,2.05,550,49800
20240215,13:48:20,2.05,50,49800
20240215,13:49:09,2.05,300,49800
20240215,13:51:20,2.1,1300,50150
20240215,13:52:13,2.05,350,50150
20240215,13:52:19,2.05,350,50550
20240215,13:52:32,2.15,15750,50550
20240215,13:52:40,2.15,14750,50550
20240215,13:52:47,2.15,11450,50550
20240215,13:52:53,2.15,150,50550
20240215,13:53:00,2.15,900,50550
20240215,13:53:21,2.1,100,50550
20240215,13:53:58,2.15,600,50550
20240215,13:54:06,2.15,50,50550
20240215,13:54:14,2.1,1000,50550
20240215,13:54:21,2.1,1850,50550
20240215,13:54:28,2.1,1550,50550
20240215,13:54:36,2.1,50,50550
20240215,13:55:03,2.0,2600,50550
20240215,13:55:11,2.1,250,50550
20240215,13:55:19,2.05,950,85700
20240215,13:55:30,2.05,100,85700
20240215,13:55:54,2.05,1700,85700
20240215,13:56:11,1.95,7000,85700
20240215,13:56:27,1.95,950,85700
20240215,13:56:35,2.0,1100,85700
20240215,13:56:42,2.0,2900,85700
20240215,13:56:58,1.95,1550,85700
20240215,13:57:05,2.0,3800,85700
20240215,13:57:12,1.95,1600,85700
20240215,13:57:20,1.95,50,85700
20240215,13:57:31,2.05,1800,85700
20240215,13:59:00,2.05,50,89400
20240215,13:59:15,2.05,100,89400
20240215,14:02:07,2.05,200,89400
20240215,14:03:40,2.05,50,89400
20240215,14:04:17,2.05,300,89500
20240215,14:05:18,2.0,250,89500
20240215,14:05:29,2.05,200,89500
20240215,14:05:49,2.05,550,89500
20240215,14:05:58,2.05,100,89500
20240215,14:06:16,2.0,14400,89500
20240215,14:06:26,2.05,2100,89500
20240215,14:06:33,2.15,7500,89500
20240215,14:06:42,2.1,6750,89500
20240215,14:06:50,2.1,3800,89500
20240215,14:08:31,2.1,50,98200
20240215,14:12:56,2.15,2050,98200
20240215,14:13:32,2.15,50,100000
20240215,14:13:40,2.1,100,100000
20240215,14:13:53,2.1,100,100000
20240215,14:14:14,2.1,350,100000
20240215,14:14:35,2.05,3200,100000
20240215,14:14:41,2.1,50,100000
20240215,14:14:53,2.0,2400,100000
20240215,14:15:01,2.05,50,100000
20240215,14:15:10,2.05,2050,100000
20240215,14:15:33,2.05,100,100000
20240215,14:15:43,2.05,50,100000
20240215,14:16:28,2.0,50,103700
20240215,14:17:23,2.0,50,103700
20240215,14:18:01,2.05,1800,103700
20240215,14:18:33,2.05,50,103700
20240215,14:19:27,2.1,100,105250
20240215,14:21:33,1.95,600,105250
20240215,14:22:57,2.0,200,105300
20240215,14:23:37,2.05,600,105300
20240215,14:23:44,2.05,50,105300
20240215,14:24:28,2.0,150,105300
20240215,14:24:38,2.0,2750,105300
20240215,14:24:49,2.0,3450,105300
20240215,14:24:59,2.0,350,105300
20240215,14:25:10,2.0,200,105300
20240215,14:25:21,1.95,2750,105300
20240215,14:25:38,2.0,50,110350
20240215,14:26:11,2.0,300,110350
20240215,14:26:20,1.95,50,110350
20240215,14:26:36,1.95,50,110350
20240215,14:26:52,1.95,50,110350
20240215,14:27:01,1.95,100,110350
20240215,14:27:29,2.0,3300,110350
20240215,14:27:37,1.95,250,110350
20240215,14:27:46,2.05,2850,110350
20240215,14:28:02,2.1,50,110350
20240215,14:28:10,2.05,2100,110350
20240215,14:28:26,2.05,1800,111250
20240215,14:28:35,1.95,4300,111250
20240215,14:29:06,1.95,2100,111250
20240215,14:29:21,1.95,300,111250
20240215,14:30:04,1.95,300,111250
20240215,14:30:37,1.95,800,111250
20240215,14:31:08,1.95,250,111250
20240215,14:31:15,1.95,400,111250
20240215,14:31:37,1.95,2050,117500
20240215,14:31:52,2.0,350,117500
20240215,14:31:59,1.95,1000,117500
20240215,14:32:13,1.9,4600,117500
20240215,14:32:28,1.9,50,117500
20240215,14:33:00,1.9,400,117500
20240215,14:33:08,1.9,250,117500
20240215,14:33:23,1.9,2400,117500
20240215,14:34:17,1.95,200,117500
20240215,14:35:09,1.85,1100,123400
20240215,14:35:29,1.95,2150,123400
20240215,14:35:50,1.95,50,123400
20240215,14:36:42,1.9,250,123400
20240215,14:37:42,1.9,50,123400
20240215,14:37:49,2.0,1800,122950
20240215,14:38:02,1.95,250,122950
20240215,14:38:09,1.95,300,122950
20240215,14:38:22,1.95,250,122950
20240215,14:38:43,1.95,50,122950
20240215,14:38:50,1.95,100,122950
20240215,14:39:10,2.0,200,122950
20240215,14:39:42,2.0,250,122950
20240215,14:40:05,2.0,750,122950
20240215,14:40:56,1.95,100,122800
20240215,14:41:10,2.0,1950,122800
20240215,14:41:17,2.0,1200,122800
20240215,14:41:25,2.0,250,122800
20240215,14:41:32,2.0,200,122800
20240215,14:41:59,2.0,3750,122800
20240215,14:42:06,2.0,500,122800
20240215,14:42:52,2.0,3100,122800
20240215,14:43:06,2.0,2000,122800
20240215,14:43:22,2.0,1600,122800
20240215,14:43:35,2.1,10650,133100
20240215,14:44:31,2.1,5850,133100
20240215,14:44:37,2.1,50,133100
20240215,14:44:44,2.05,11700,133100
20240215,14:44:51,2.05,12850,133100
20240215,14:45:04,2.0,1550,133100
20240215,14:45:13,2.0,2050,133100
20240215,14:45:22,2.0,6450,133100
20240215,14:45:39,2.0,100,133100
20240215,14:45:48,2.0,400,133100
20240215,14:46:03,2.0,2300,133100
20240215,14:46:11,2.0,6250,133100
20240215,14:46:19,2.0,200,133100
20240215,14:46:27,2.0,3800,133100
20240215,14:46:49,1.95,3700,151450
20240215,14:47:05,2.0,2400,151450
20240215,14:47:13,2.0,2050,151450
20240215,14:47:21,2.05,3050,151450
20240215,14:47:28,2.05,800,151450
20240215,14:47:36,2.0,1250,151450
20240215,14:47:43,2.05,1800,151450
20240215,14:47:50,2.0,1000,151450
20240215,14:47:57,2.0,250,151450
20240215,14:48:11,2.0,1650,151450
20240215,14:48:26,2.0,1400,151450
20240215,14:48:41,2.0,3050,151450
20240215,14:48:58,2.0,400,151450
20240215,14:49:13,1.95,1250,151450
20240215,14:49:20,2.0,1000,151450
20240215,14:49:27,2.0,1600,159350
20240215,14:49:34,1.95,6400,159350
20240215,14:49:41,1.95,2300,159350
20240215,14:49:48,2.0,1800,159350
20240215,14:49:54,1.95,1250,159350
20240215,14:50:15,2.0,3850,159350
20240215,14:50:21,2.0,200,159350
20240215,14:50:29,2.0,1100,159350
20240215,14:50:36,2.0,900,159350
20240215,14:50:51,2.0,3400,159350
20240215,14:50:58,2.0,1600,159350
20240215,14:51:07,2.0,2850,159350
20240215,14:51:15,2.05,450,159350
20240215,14:51:24,2.05,50,159350
20240215,14:51:32,2.05,1300,159350
20240215,14:51:39,2.0,2000,159350
20240215,14:51:47,2.05,100,159350
20240215,14:52:06,2.0,4800,159350
20240215,14:52:15,2.05,100,159350
20240215,14:52:25,2.05,1850,159350
20240215,14:52:35,2.05,300,170750
20240215,14:52:45,2.05,1250,170750
20240215,14:53:03,2.1,300,170750
20240215,14:53:12,2.05,3400,170750
20240215,14:53:20,2.1,2900,170750
20240215,14:53:28,2.1,3050,170750
20240215,14:54:34,2.05,1750,170750
20240215,14:54:48,2.05,50,170750
20240215,14:55:02,2.05,50,170750
20240215,14:55:45,2.05,50,176200
20240215,14:55:52,2.1,750,176200
20240215,14:55:58,2.05,50,176200
20240215,14:56:16,2.05,500,176200
20240215,14:56:30,2.05,6200,176200
20240215,14:57:21,2.05,300,176200
20240215,14:57:29,2.05,8450,176200
20240215,14:57:37,2.0,100,176200
20240215,14:58:09,2.0,9650,176200
20240215,14:58:16,2.05,250,176200
20240215,14:58:23,2.05,100,176200
20240215,14:58:47,2.05,2200,184850
20240215,14:59:01,2.05,700,184850
20240215,14:59:29,2.05,1800,184850
20240215,14:59:50,2.05,250,184850
20240215,15:00:03,2.05,400,184850
20240215,15:00:19,2.05,900,184850
20240215,15:00:26,2.05,1100,184850
20240215,15:00:32,2.0,5250,184850
20240215,15:00:40,2.05,2000,184850
20240215,15:00:47,2.05,1800,184850
20240215,15:01:08,2.1,1800,184850
20240215,15:01:17,2.1,700,184850
20240215,15:01:25,2.1,300,184850
20240215,15:02:01,2.05,500,190650
20240215,15:02:10,2.05,50,190650
20240215,15:02:18,2.05,1800,190650
20240215,15:02:36,2.05,400,190650
20240215,15:02:45,2.05,200,190650
20240215,15:03:09,2.0,6900,190650
20240215,15:03:16,2.0,650,190650
20240215,15:03:24,1.95,8900,190650
20240215,15:03:32,1.95,1500,190650
20240215,15:03:40,1.95,100,190650
20240215,15:03:49,1.95,1500,190650
20240215,15:04:07,1.95,1150,190650
20240215,15:04:15,1.95,100,190650
20240215,15:04:23,1.95,50,190650
20240215,15:04:48,1.95,1850,200450
20240215,15:04:56,1.95,50,200450
20240215,15:05:03,1.95,50,200450
20240215,15:05:11,1.95,50,200450
20240215,15:05:26,1.95,100,200450
20240215,15:05:47,1.95,1000,200450
20240215,15:07:09,1.9,1000,200450
20240215,15:07:35,1.95,100,199800
20240215,15:07:48,1.95,3600,199800
20240215,15:07:54,1.95,1600,199800
20240215,15:08:01,1.95,50,199800
20240215,15:08:07,1.95,350,199800
20240215,15:08:39,1.95,3150,199800
20240215,15:08:58,1.95,200,199800
20240215,15:09:34,1.95,3950,199800
20240215,15:09:40,1.95,1650,199800
20240215,15:09:52,1.95,2800,199800
20240215,15:09:59,1.9,550,199800
20240215,15:10:05,1.95,50,199800
20240215,15:10:11,2.0,50,199800
20240215,15:10:23,2.0,100,199800
20240215,15:10:54,2.0,150,207150
20240215,15:11:12,1.95,150,207150
20240215,15:11:18,1.95,200,207150
20240215,15:11:31,2.0,100,207150
20240215,15:11:50,2.0,2250,207150
20240215,15:11:56,2.0,2200,207150
20240215,15:12:15,2.0,4400,207150
20240215,15:12:22,2.0,500,207150
20240215,15:12:28,2.0,1700,207150
20240215,15:12:34,2.0,500,207150
20240215,15:12:58,1.95,50,207150
20240215,15:13:29,2.0,50,207150
20240215,15:13:35,2.0,2000,215100
20240215,15:13:48,1.95,750,215100
20240215,15:13:54,2.0,1000,215100
20240215,15:14:01,2.0,500,215100
20240215,15:14:15,1.95,1000,215100
20240215,15:14:30,1.95,1200,215100
20240215,15:14:37,2.0,3350,215100
20240215,15:14:59,1.95,2250,215100
20240215,15:15:06,1.95,600,215100
20240215,15:15:14,1.95,850,215100
20240215,15:15:36,1.95,1250,215100
20240215,15:15:43,1.95,1800,215100
20240215,15:15:51,1.95,850,215100
20240215,15:16:04,1.95,750,215100
20240215,15:16:11,1.95,1450,215100
20240215,15:16:46,1.95,1800,226100
20240215,15:17:03,1.95,650,226100
20240215,15:18:29,1.95,50,226100
20240215,15:18:55,1.95,50,226100
20240215,15:19:02,1.95,50,226100
20240215,15:19:29,1.9,50,226100
20240215,15:19:42,1.95,100,226850
20240215,15:19:49,1.95,3050,226850
20240215,15:20:09,1.95,1000,226850
20240215,15:20:28,1.95,250,226850
20240215,15:20:41,1.9,1750,226850
20240215,15:20:56,1.9,200,226850
20240215,15:21:11,1.95,350,226850
20240215,15:21:25,1.9,200,226850
20240215,15:21:32,1.9,100,226850
20240215,15:21:45,1.95,50,226850
20240215,15:22:05,1.9,1050,226850
20240215,15:22:28,1.9,1100,226850
20240215,15:22:36,1.9,900,231550
20240215,15:22:43,1.9,1450,231550
20240215,15:22:51,1.9,250,231550
20240215,15:23:49,1.85,1450,231550
20240215,15:23:57,1.85,2550,231550
20240215,15:24:05,1.9,2300,231550
20240215,15:24:13,1.85,14250,231550
20240215,15:24:21,1.85,1250,231550
20240215,15:24:29,1.95,15000,231550
20240215,15:24:58,1.9,750,231550
20240215,15:25:05,1.85,500,231550
20240215,15:25:21,1.9,200,231550
20240215,15:25:30,1.85,700,231550
20240215,15:25:38,1.85,50,261000
20240215,15:25:54,1.9,250,261000
20240215,15:26:01,1.85,500,261000
20240215,15:26:08,1.85,1550,261000
20240215,15:26:23,1.85,500,261000
20240215,15:26:30,1.85,50,261000
20240215,15:26:45,1.9,1200,261000
20240215,15:26:53,1.85,150,261000
20240215,15:27:07,1.9,800,261000
20240215,15:27:12,1.9,50,261000
20240215,15:27:18,1.9,350,261000
20240215,15:27:29,1.9,100,261000
20240215,15:27:35,1.85,850,261000
20240215,15:27:42,1.9,50,261000
20240215,15:27:50,1.9,550,261000
20240215,15:27:58,1.85,850,261000
20240215,15:28:05,1.9,50,261000
20240215,15:28:14,1.9,200,261000
20240215,15:28:22,1.85,350,261000
20240215,15:29:08,1.85,1800,262500
20240215,15:29:22,1.85,450,262500
20240215,15:29:29,1.85,200,262500
20240215,15:29:36,1.85,200,262500
20240215,15:29:44,1.8,500,262500
20240215,15:29:53,1.85,500,262500
20240215,15:30:02,1.9,6400,262500
20240216,09:15:02,1.8,1,263950
20240216,09:15:02,1.85,500,263950
20240216,09:15:04,1.85,250,263950
20240216,09:15:05,1.25,2600,263950
20240216,09:15:06,1.7,3350,263950
20240216,09:15:07,1.65,8250,263950
20240216,09:15:08,1.7,1400,263950
20240216,09:15:09,1.75,750,263950
20240216,09:15:10,1.65,4650,263950
20240216,09:15:12,1.7,50,263950
20240216,09:15:15,1.6,2450,263950
20240216,09:15:17,1.6,250,263950
20240216,09:15:23,1.6,300,263950
20240216,09:15:24,1.65,1650,263950
20240216,09:15:28,1.6,300,267150
20240216,09:15:31,1.65,100,267150
20240216,09:15:36,1.6,50,267150
20240216,09:15:40,1.6,1200,267150
20240216,09:16:08,1.65,800,267150
20240216,09:16:09,1.65,200,267150
20240216,09:16:11,1.65,2050,267150
20240216,09:16:12,1.65,100,267150
20240216,09:16:32,1.6,2000,267150
20240216,09:16:36,1.6,400,267150
20240216,09:16:37,1.6,250,267150
20240216,09:16:38,1.6,100,267150
20240216,09:16:39,1.6,550,267150
20240216,09:16:40,1.6,2300,267150
20240216,09:16:45,1.5,4300,267150
20240216,09:16:46,1.5,50,267150
20240216,09:16:47,1.5,50,267150
20240216,09:16:50,1.45,4800,267150
20240216,09:16:51,1.5,1800,267150
20240216,09:16:54,1.5,3800,267150
20240216,09:16:55,1.5,1500,267150
20240216,09:16:59,1.45,1750,267150
20240216,09:17:00,1.5,250,267150
20240216,09:17:01,1.55,6250,267150
20240216,09:17:02,1.55,3400,267150
20240216,09:17:09,1.55,4800,267150
20240216,09:17:15,1.6,300,267150
20240216,09:17:17,1.55,500,267150
20240216,09:17:20,1.6,300,267150
20240216,09:17:22,1.6,450,267150
20240216,09:17:34,1.55,800,267150
20240216,09:17:37,1.6,500,267150
20240216,09:17:42,1.55,250,267150
20240216,09:17:46,1.55,650,267150
20240216,09:18:06,1.6,600,267150
20240216,09:18:14,1.55,250,267150
20240216,09:18:21,1.6,450,267150
20240216,09:18:27,1.55,2100,270050
20240216,09:18:33,1.55,1500,270050
20240216,09:18:34,1.55,500,270050
20240216,09:19:09,1.55,1050,270050
20240216,09:19:12,1.5,750,270050
20240216,09:19:26,1.5,600,270050
20240216,09:19:46,1.55,1800,270050
20240216,09:19:48,1.55,5250,270050
20240216,09:19:50,1.55,50,270050
20240216,09:20:00,1.55,550,270050
20240216,09:20:00,1.55,300,270050
20240216,09:20:05,1.55,50,270050
20240216,09:20:09,1.55,350,270050
20240216,09:20:14,1.55,850,270050
20240216,09:20:17,1.55,400,270050
20240216,09:20:20,1.55,1450,270050
20240216,09:20:20,1.55,1800,270050
20240216,09:20:21,1.55,1650,270050
20240216,09:20:24,1.55,1950,270050
20240216,09:20:33,1.55,200,270050
20240216,09:20:34,1.55,1900,270050
20240216,09:20:35,1.55,200,270050
20240216,09:20:36,1.55,2000,270050
20240216,09:20:37,1.55,200,270050
20240216,09:20:41,1.55,50,270050
20240216,09:20:42,1.55,600,270050
20240216,09:20:43,1.55,50,270050
20240216,09:20:44,1.55,200,270050
20240216,09:20:45,1.55,200,270050
20240216,09:20:46,1.55,200,270050
20240216,09:20:47,1.55,200,270050
20240216,09:20:48,1.55,200,270050
20240216,09:20:49,1.55,6900,270050
20240216,09:20:51,1.55,1350,270050
20240216,09:20:52,1.6,1800,270050
20240216,09:20:55,1.55,300,270050
20240216,09:20:56,1.5,350,270050
20240216,09:20:57,1.55,200,270050
20240216,09:20:58,1.55,100,270050
20240216,09:20:59,1.55,1850,270050
20240216,09:21:00,1.55,500,270050
20240216,09:21:01,1.55,1800,270050
20240216,09:21:04,1.5,50,270050
20240216,09:21:18,1.55,150,270050
20240216,09:21:24,1.55,1800,270050
20240216,09:21:27,1.55,1800,273750
20240216,09:21:30,1.55,1800,273750
20240216,09:21:38,1.55,5400,273750
20240216,09:21:38,1.55,50,273750
20240216,09:21:43,1.5,200,273750
20240216,09:21:52,1.55,50,273750
20240216,09:21:57,1.5,50,273750
20240216,09:22:09,1.55,50,273750
20240216,09:22:10,1.55,50,273750
20240216,09:22:11,1.55,50,273750
20240216,09:22:12,1.55,50,273750
20240216,09:22:14,1.55,100,273750
20240216,09:22:15,1.55,250,273750
20240216,09:22:16,1.5,600,273750
20240216,09:22:17,1.55,50,273750
20240216,09:22:18,1.55,50,273750
20240216,09:22:19,1.55,50,273750
20240216,09:22:20,1.55,50,273750
20240216,09:22:21,1.55,50,273750
20240216,09:22:22,1.55,1000,273750
20240216,09:22:23,1.55,50,273750
20240216,09:22:24,1.55,850,273750
20240216,09:22:25,1.55,50,273750
20240216,09:22:26,1.55,50,273750
20240216,09:22:27,1.55,50,273750
20240216,09:22:28,1.55,200,273750
20240216,09:22:29,1.55,200,273750
20240216,09:22:30,1.55,200,273750
20240216,09:22:31,1.55,150,273750
20240216,09:22:32,1.55,150,273750
20240216,09:22:34,1.55,100,273750
20240216,09:22:35,1.6,4500,273750
20240216,09:22:36,1.6,100,273750
20240216,09:22:37,1.6,100,273750
20240216,09:22:38,1.6,50,273750
20240216,09:22:39,1.6,50,273750
20240216,09:22:40,1.6,850,273750
20240216,09:22:41,1.6,50,273750
20240216,09:22:43,1.6,50,273750
20240216,09:22:50,1.55,250,273750
20240216,09:22:52,1.6,50,273750
20240216,09:22:53,1.6,50,273750
20240216,09:22:54,1.55,200,273750
20240216,09:23:07,1.55,3750,273750
20240216,09:23:09,1.55,450,273750
20240216,09:23:11,1.55,300,273750
20240216,09:23:19,1.55,1800,273750
20240216,09:23:31,1.55,200,273750
20240216,09:23:37,1.55,50,273750
20240216,09:23:37,1.55,300,273750
20240216,09:23:43,1.6,200,273750
20240216,09:23:44,1.6,200,273750
20240216,09:23:45,1.6,200,273750
20240216,09:23:46,1.6,200,273750
20240216,09:23:47,1.6,300,273750
20240216,09:23:48,1.6,50,273750
20240216,09:23:49,1.6,50,273750
20240216,09:23:51,1.55,100,273750
20240216,09:23:58,1.55,50,273750
20240216,09:24:34,1.55,100,273750
20240216,09:24:38,1.6,100,281200
20240216,09:24:40,1.6,100,281200
20240216,09:25:01,1.55,50,281200
20240216,09:25:02,1.55,50,281200
20240216,09:25:03,1.55,200,281200
20240216,09:25:04,1.55,200,281200
20240216,09:25:04,1.55,4350,281200
20240216,09:25:05,1.5,600,281200
20240216,09:25:06,1.5,200,281200
20240216,09:25:07,1.5,1100,281200
20240216,09:25:08,1.5,200,281200
20240216,09:25:09,1.5,200,281200
20240216,09:25:10,1.5,750,281200
20240216,09:25:12,1.5,400,281200
20240216,09:25:13,1.5,200,281200
20240216,09:25:14,1.5,50,281200
20240216,09:25:15,1.5,50,281200
20240216,09:25:16,1.5,50,281200
20240216,09:25:17,1.5,600,281200
20240216,09:25:18,1.5,50,281200
20240216,09:25:19,1.5,50,281200
20240216,09:25:20,1.5,900,281200
20240216,09:25:21,1.5,50,281200
20240216,09:25:22,1.5,50,281200
20240216,09:25:23,1.5,50,281200
20240216,09:25:36,1.5,100,281200
20240216,09:25:37,1.5,50,281200
20240216,09:25:38,1.5,50,281200
20240216,09:25:40,1.5,50,281200
20240216,09:25:41,1.5,1800,281200
20240216,09:25:42,1.5,200,281200
20240216,09:25:43,1.5,200,281200
20240216,09:25:44,1.5,200,281200
20240216,09:25:48,1.5,50,281200
20240216,09:25:49,1.5,50,281200
20240216,09:25:50,1.5,200,281200
20240216,09:25:51,1.5,200,281200
20240216,09:25:52,1.5,50,281200
20240216,09:25:53,1.5,50,281200
20240216,09:25:54,1.5,200,281200
20240216,09:25:55,1.45,10650,281200
20240216,09:25:56,1.45,250,281200
20240216,09:25:57,1.45,200,281200
20240216,09:26:16,1.5,200,281200
20240216,09:26:22,1.5,800,281200
20240216,09:26:25,1.5,550,281200
20240216,09:26:28,1.5,3650,281200
20240216,09:26:29,1.5,250,281200
20240216,09:26:31,1.55,550,281200
20240216,09:26:36,1.5,300,281200
20240216,09:26:37,1.5,300,281200
20240216,09:26:59,1.5,1800,281200
20240216,09:27:00,1.5,1750,281200
20240216,09:27:01,1.55,3600,281200
20240216,09:27:02,1.5,1800,281200
20240216,09:27:06,1.5,50,281200
20240216,09:27:20,1.5,2800,281200
20240216,09:27:22,1.5,850,281200
20240216,09:27:29,1.5,1800,281200
20240216,09:27:40,1.5,2750,278850
20240216,09:27:49,1.5,150,278850
20240216,09:27:50,1.5,150,278850
20240216,09:27:52,1.5,1800,278850
20240216,09:27:53,1.5,3000,278850
20240216,09:27:54,1.5,2300,278850
20240216,09:27:55,1.5,1950,278850
20240216,09:27:57,1.5,900,278850
20240216,09:28:00,1.45,1800,278850
20240216,09:28:04,1.5,50,278850
20240216,09:28:07,1.45,1600,278850
20240216,09:28:13,1.45,50,278850
20240216,09:28:20,1.45,1850,278850
20240216,09:28:21,1.45,50,278850
20240216,09:29:06,1.45,100,278850
20240216,09:29:11,1.5,550,278850
20240216,09:29:13,1.5,800,278850
20240216,09:29:19,1.5,550,278850
20240216,09:29:21,1.5,900,278850
20240216,09:29:24,1.5,550,278850
20240216,09:29:25,1.5,200,278850
20240216,09:29:26,1.5,1800,278850
20240216,09:29:32,1.45,100,278850
20240216,09:29:43,1.5,1800,278850
20240216,09:29:44,1.5,3250,278850
20240216,09:30:16,1.55,50,278850
20240216,09:30:23,1.55,50,278850
20240216,09:30:30,1.5,50,278850
20240216,09:30:31,1.5,100,275150
20240216,09:30:42,1.5,550,275150
20240216,09:31:03,1.55,250,275150
20240216,09:31:20,1.55,50,275150
20240216,09:31:22,1.5,100,275150
20240216,09:31:26,1.5,50,275150
20240216,09:31:36,1.5,500,275150
20240216,09:31:37,1.55,200,275150
20240216,09:31:42,1.5,1500,275150
20240216,09:31:50,1.5,1000,275150
20240216,09:32:00,1.55,100,275150
20240216,09:32:04,1.5,100,275150
20240216,09:32:07,1.5,800,275150
20240216,09:32:09,1.5,200,275150
20240216,09:32:10,1.5,550,275150
20240216,09:32:12,1.5,550,275150
20240216,09:32:14,1.5,550,275150
20240216,09:32:23,1.5,900,275150
20240216,09:32:28,1.5,3400,275150
20240216,09:32:29,1.5,300,275150
20240216,09:32:30,1.45,200,275150
20240216,09:32:32,1.45,850,275150
20240216,09:32:36,1.45,200,275150
20240216,09:32:49,1.45,800,275150
20240216,09:32:57,1.5,200,275150
20240216,09:33:03,1.5,1800,275150
20240216,09:33:08,1.45,1800,275150
20240216,09:33:11,1.45,650,275150
20240216,09:33:13,1.5,50,275150
20240216,09:33:14,1.5,50,275150
20240216,09:33:15,1.5,200,275150
20240216,09:33:16,1.5,200,275150
20240216,09:33:17,1.5,200,275150
20240216,09:33:18,1.5,400,275150
20240216,09:33:20,1.5,50,275150
20240216,09:33:22,1.5,50,275150
20240216,09:33:23,1.5,50,275150
20240216,09:33:24,1.5,50,275150
20240216,09:33:25,1.5,200,275150
20240216,09:33:26,1.5,200,275150
20240216,09:33:27,1.5,200,275150
20240216,09:33:29,1.5,250,275150
20240216,09:33:48,1.5,500,276350
20240216,09:34:14,1.5,100,276350
20240216,09:34:27,1.5,300,276350
20240216,09:34:41,1.45,50,276350
20240216,09:34:42,1.45,50,276350
20240216,09:34:43,1.45,50,276350
20240216,09:34:44,1.45,50,276350
20240216,09:34:45,1.45,50,276350
20240216,09:34:46,1.45,50,276350
20240216,09:34:47,1.45,50,276350
20240216,09:34:48,1.45,50,276350
20240216,09:34:49,1.45,50,276350
20240216,09:34:50,1.45,50,276350
20240216,09:34:51,1.45,50,276350
20240216,09:34:52,1.45,50,276350
20240216,09:34:53,1.45,50,276350
20240216,09:34:54,1.45,50,276350
20240216,09:34:55,1.45,50,276350
20240216,09:34:56,1.45,50,276350
20240216,09:34:57,1.45,50,276350
20240216,09:34:58,1.45,50,276350
20240216,09:34:59,1.45,50,276350
20240216,09:35:00,1.45,50,276350
20240216,09:35:02,1.45,50,276350
20240216,09:35:05,1.45,50,276350
20240216,09:35:07,1.45,50,276350
20240216,09:35:11,1.5,300,276350
20240216,09:35:17,1.45,50,276350
20240216,09:35:18,1.45,50,276350
20240216,09:35:19,1.45,50,276350
20240216,09:35:20,1.45,50,276350
20240216,09:35:21,1.45,200,276350
20240216,09:35:22,1.45,600,276350
20240216,09:35:23,1.45,50,276350
20240216,09:35:24,1.45,50,276350
20240216,09:35:25,1.45,50,276350
20240216,09:35:26,1.45,50,276350
20240216,09:35:27,1.45,50,276350
20240216,09:35:37,1.5,50,276350
20240216,09:35:40,1.5,200,276350
20240216,09:35:42,1.5,550,276350
20240216,09:35:45,1.5,200,276350
20240216,09:35:47,1.5,900,276350
20240216,09:35:54,1.5,200,276350
20240216,09:35:55,1.5,200,276350
20240216,09:35:57,1.5,200,276350
20240216,09:35:58,1.5,900,276350
20240216,09:35:59,1.5,950,276350
20240216,09:36:03,1.5,1000,276350
20240216,09:36:08,1.5,3600,276350
20240216,09:36:17,1.5,300,276350
20240216,09:36:33,1.5,50,276350
20240216,09:37:05,1.5,500,279800
20240216,09:37:07,1.45,150,279800
20240216,09:37:15,1.45,6000,279800
20240216,09:37:18,1.45,150,279800
20240216,09:37:42,1.4,50,279800
20240216,09:38:23,1.4,50,279800
20240216,09:38:28,1.4,1000,279800
20240216,09:38:41,1.4,1950,279800
20240216,09:38:48,1.4,1950,279800
20240216,09:38:50,1.4,400,279800
20240216,09:38:51,1.4,600,279800
20240216,09:38:52,1.4,1800,279800
20240216,09:39:24,1.35,1500,279800
20240216,09:39:25,1.35,1500,279800
20240216,09:39:26,1.35,6250,279800
20240216,09:39:27,1.35,950,279800
20240216,09:39:43,1.4,50,274250
20240216,09:40:00,1.35,950,274250
20240216,09:40:03,1.35,1350,274250
20240216,09:40:04,1.35,2200,274250
20240216,09:40:05,1.35,1800,274250
20240216,09:40:06,1.35,1900,274250
20240216,09:40:24,1.35,1950,274250
20240216,09:41:48,1.4,1500,274250
20240216,09:41:50,1.35,200,274250
20240216,09:41:53,1.35,850,274250
20240216,09:42:02,1.35,500,274250
20240216,09:42:22,1.4,1800,274250
20240216,09:42:48,1.4,200,272750
20240216,09:42:49,1.35,800,272750
20240216,09:42:55,1.4,600,272750
20240216,09:42:57,1.4,100,272750
20240216,09:43:45,1.4,200,272750
20240216,09:44:02,1.35,850,272750
20240216,09:44:08,1.35,200,272750
20240216,09:44:10,1.35,1800,272750
20240216,09:44:20,1.35,50,272750
20240216,09:44:28,1.35,200,272750
20240216,09:44:32,1.4,50,272750
20240216,09:44:34,1.35,1600,272750
20240216,09:44:51,1.35,7200,272750
20240216,09:45:11,1.4,100,272750
20240216,09:45:27,1.4,100,272750
20240216,09:45:27,1.35,150,272750
20240216,09:46:13,1.35,8900,272250
20240216,09:46:13,1.35,2350,272250
20240216,09:46:31,1.4,1600,272250
20240216,09:46:32,1.35,100,272250
20240216,09:46:59,1.35,1500,272250
20240216,09:47:24,1.35,50,272250
20240216,09:47:28,1.4,100,272250
20240216,09:47:37,1.4,50,272250
20240216,09:47:48,1.35,800,272250
20240216,09:47:50,1.4,450,272250
20240216,09:47:52,1.4,900,272250
20240216,09:47:55,1.35,2350,272250
20240216,09:48:02,1.4,900,272250
20240216,09:48:08,1.4,550,272250
20240216,09:48:09,1.4,200,272250
20240216,09:48:10,1.4,850,272250
20240216,09:48:42,1.35,750,272250
20240216,09:48:52,1.35,550,271800
20240216,09:49:00,1.35,50,271800
20240216,09:49:02,1.35,500,271800
20240216,09:49:04,1.35,1000,271800
20240216,09:49:05,1.35,3400,271800
20240216,09:49:06,1.35,250,271800
20240216,09:49:07,1.35,1500,271800
20240216,09:49:09,1.3,5400,271800
20240216,09:49:48,1.3,50,271800
20240216,09:51:31,1.35,150,269350
20240216,09:53:26,1.35,50,269350
20240216,09:53:27,1.35,50,269350
20240216,09:53:28,1.35,50,269350
20240216,09:53:29,1.35,50,269350
20240216,09:53:30,1.35,50,269350
20240216,09:53:31,1.35,50,269350
20240216,09:53:34,1.35,50,269350
20240216,09:53:35,1.35,50,269350
20240216,09:53:36,1.35,50,269350
20240216,09:53:37,1.35,50,269350
20240216,09:53:38,1.35,50,269350
20240216,09:53:39,1.35,50,269350
20240216,09:53:40,1.35,50,269350
20240216,09:53:41,1.35,50,269350
20240216,09:53:42,1.35,50,269350
20240216,09:53:43,1.35,50,269350
20240216,09:53:44,1.35,50,269350
20240216,09:53:48,1.35,100,269350
20240216,09:54:39,1.35,1800,270450
20240216,09:54:40,1.35,1200,270450
20240216,09:54:41,1.35,4050,270450
20240216,09:54:43,1.35,3600,270450
20240216,09:54:45,1.35,300,270450
20240216,09:54:49,1.35,50,270450
20240216,09:54:53,1.35,200,270450
20240216,09:56:08,1.35,100,270450
20240216,09:57:03,1.4,6600,270450
20240216,09:57:04,1.4,750,270450
20240216,09:57:09,1.4,150,270450
20240216,09:57:11,1.4,200,270450
20240216,09:57:13,1.4,50,270450
20240216,09:57:22,1.45,1800,270450
20240216,09:57:22,1.45,400,270450
20240216,09:57:24,1.45,1800,270450
20240216,09:57:26,1.45,250,270450
20240216,09:57:30,1.4,1000,270450
20240216,09:57:54,1.45,1850,286850
20240216,09:58:00,1.45,1800,286850
20240216,09:58:07,1.4,50,286850
20240216,09:58:11,1.4,550,286850
20240216,09:58:20,1.4,550,286850
20240216,09:58:25,1.4,550,286850
20240216,09:58:28,1.4,200,286850
20240216,09:58:30,1.4,850,286850
20240216,09:58:33,1.4,200,286850
20240216,09:58:34,1.4,800,286850
20240216,09:58:37,1.4,200,286850
20240216,09:58:38,1.4,200,286850
20240216,09:58:40,1.4,800,286850
20240216,09:58:43,1.4,650,286850
20240216,09:58:46,1.4,900,286850
20240216,09:58:48,1.4,5400,286850
20240216,09:58:50,1.4,200,286850
20240216,09:58:51,1.4,400,286850
20240216,09:58:52,1.4,1800,286850
20240216,09:58:57,1.4,1100,286850
20240216,09:59:05,1.4,1800,286850
20240216,09:59:06,1.4,1800,286850
20240216,09:59:12,1.4,550,286850
20240216,09:59:17,1.4,200,286850
20240216,09:59:18,1.4,1600,286850
20240216,09:59:21,1.35,400,286850
20240216,09:59:23,1.35,200,286850
20240216,09:59:24,1.35,550,286850
20240216,09:59:28,1.35,900,286850
20240216,10:00:00,1.35,400,286850
20240216,10:00:44,1.4,250,274900
20240216,10:01:46,1.4,50,274900
20240216,10:02:21,1.35,50,274900
20240216,10:02:48,1.4,100,274900
20240216,10:05:53,1.4,500,274900
20240216,10:05:54,1.4,250,274950
20240216,10:05:55,1.4,550,274950
20240216,10:05:56,1.4,400,274950
20240216,10:05:57,1.4,150,274950
20240216,10:06:02,1.4,150,274950
20240216,10:06:32,1.4,250,274950
20240216,10:06:42,1.4,9000,274950
20240216,10:06:52,1.4,50,274950
20240216,10:06:54,1.4,1800,274950
20240216,10:06:55,1.4,4150,274950
20240216,10:07:01,1.45,400,274950
20240216,10:07:05,1.4,200,274950
20240216,10:07:06,1.4,200,274950
20240216,10:07:06,1.4,1500,274950
20240216,10:07:08,1.4,50,274950
20240216,10:07:09,1.4,300,274950
20240216,10:07:10,1.4,150,274950
20240216,10:07:11,1.4,2000,274950
20240216,10:07:19,1.35,1000,274950
20240216,10:07:27,1.4,500,274950
20240216,10:07:40,1.4,2050,274950
20240216,10:07:41,1.45,1800,274950
20240216,10:07:42,1.45,350,274950
20240216,10:07:52,1.45,1800,274950
20240216,10:07:53,1.45,1800,274950
20240216,10:07:57,1.4,50,274950
20240216,10:08:10,1.45,200,274950
20240216,10:08:23,1.45,50,274950
20240216,10:08:24,1.4,50,274950
20240216,10:08:57,1.45,50,274950
20240216,10:08:58,1.4,50,274950
20240216,10:09:04,1.45,50,274950
20240216,10:09:32,1.45,300,274950
20240216,10:09:33,1.45,50,274950
20240216,10:09:36,1.45,150,278950
20240216,10:10:08,1.45,200,278950
20240216,10:10:10,1.45,7450,278950
20240216,10:10:15,1.5,50,278950
20240216,10:10:17,1.5,250,278950
20240216,10:10:37,1.45,1850,278950
20240216,10:10:39,1.45,5200,278950
20240216,10:10:40,1.45,450,278950
20240216,10:10:42,1.45,850,278950
20240216,10:10:45,1.45,4350,278950
20240216,10:12:01,1.45,50,278950
20240216,10:12:10,1.45,150,278950
20240216,10:12:18,1.45,650,278950
20240216,10:13:13,1.45,400,275550
20240216,10:13:15,1.45,450,275550
20240216,10:13:16,1.45,1800,275550
20240216,10:13:40,1.45,500,275550
20240216,10:14:04,1.45,5850,275550
20240216,10:14:05,1.45,350,275550
20240216,10:14:10,1.45,450,275550
20240216,10:14:45,1.45,300,275550
20240216,10:15:25,1.45,1500,275550
20240216,10:15:28,1.5,50,275550
20240216,10:15:34,1.45,1000,275550
20240216,10:15:39,1.45,850,274900
20240216,10:15:59,1.45,200,274900
20240216,10:16:12,1.45,5500,274900
20240216,10:16:12,1.45,300,274900
20240216,10:16:13,1.45,4900,274900
20240216,10:16:43,1.45,250,274900
20240216,10:16:50,1.45,1850,274900
20240216,10:16:59,1.5,50,274900
20240216,10:16:59,1.45,700,274900
20240216,10:18:07,1.45,100,274900
20240216,10:18:15,1.5,900,274900
20240216,10:18:46,1.5,500,265850
20240216,10:20:49,1.5,1350,265850
20240216,10:20:52,1.5,50,265850
20240216,10:21:49,1.5,50,265850
20240216,10:22:20,1.45,750,264900
20240216,10:23:08,1.45,50,264900
20240216,10:23:30,1.5,50,264900
20240216,10:25:30,1.45,150,265150
20240216,10:27:23,1.5,1100,265150
20240216,10:27:23,1.5,500,265150
20240216,10:27:27,1.45,200,265150
20240216,10:28:20,1.5,1800,265150
20240216,10:30:00,1.5,200,263850
20240216,10:30:11,1.55,17100,263850
20240216,10:30:12,1.55,8150,263850
20240216,10:30:16,1.5,200,263850
20240216,10:30:26,1.5,800,263850
20240216,10:30:33,1.5,1600,263850
20240216,10:30:35,1.5,200,263850
20240216,10:30:41,1.55,50,277450
20240216,10:30:54,1.5,6300,277450
20240216,10:30:56,1.5,1000,277450
20240216,10:32:12,1.5,1800,277450
20240216,10:32:17,1.5,3900,277450
20240216,10:32:19,1.5,150,277450
20240216,10:32:38,1.5,3150,277450
20240216,10:33:12,1.5,5850,277450
20240216,10:33:13,1.5,3800,277450
20240216,10:35:01,1.5,100,275900
20240216,10:36:14,1.45,50,275900
20240216,10:37:01,1.45,200,276000
20240216,10:39:52,1.5,500,276000
20240216,10:40:37,1.5,150,275800
20240216,10:41:14,1.5,1500,275800
20240216,10:41:14,1.5,2850,275800
20240216,10:41:15,1.5,1350,275800
20240216,10:41:16,1.5,100,275800
20240216,10:41:17,1.5,50,275800
20240216,10:41:37,1.5,200,275800
20240216,10:42:15,1.5,150,275800
20240216,10:43:02,1.55,1000,277750
20240216,10:43:46,1.5,200,277750
20240216,10:45:22,1.5,400,277750
20240216,10:45:26,1.5,1000,277750
20240216,10:45:47,1.55,5150,277650
20240216,10:46:01,1.5,50,277650
20240216,10:47:29,1.55,50,277650
20240216,10:48:24,1.55,200,277650
20240216,10:48:44,1.5,500,279000
20240216,10:51:54,1.5,800,279000
20240216,10:51:54,1.5,8050,278750
20240216,10:51:56,1.5,4400,278750
20240216,10:52:29,1.5,150,278750
20240216,10:53:47,1.5,5600,278750
20240216,10:53:48,1.5,950,278750
20240216,10:56:01,1.5,200,280750
20240216,10:57:11,1.55,100,280750
20240216,11:00:47,1.5,1800,280750
20240216,11:00:50,1.5,1850,280800
20240216,11:01:38,1.45,9100,280800
20240216,11:01:41,1.45,100,280800
20240216,11:01:42,1.45,250,280800
20240216,11:01:43,1.45,300,280800
20240216,11:01:48,1.45,100,280800
20240216,11:01:50,1.45,100,280800
20240216,11:01:52,1.45,450,280800
20240216,11:02:17,1.45,100,280800
20240216,11:02:23,1.45,100,280800
20240216,11:02:25,1.45,100,280800
20240216,11:02:26,1.45,100,280800
20240216,11:02:28,1.45,100,280800
20240216,11:02:29,1.45,100,280800
20240216,11:02:30,1.45,100,280800
20240216,11:02:34,1.45,100,280800
20240216,11:02:36,1.45,100,280800
20240216,11:02:38,1.45,450,280800
20240216,11:02:41,1.45,250,280800
20240216,11:02:42,1.45,100,280800
20240216,11:02:44,1.45,100,280800
20240216,11:02:46,1.45,100,280800
20240216,11:02:48,1.45,450,280800
20240216,11:02:51,1.45,100,280800
20240216,11:02:54,1.45,450,280800
20240216,11:03:02,1.45,450,280800
20240216,11:03:04,1.45,50,280800
20240216,11:03:08,1.45,100,280800
20240216,11:03:09,1.45,300,280800
20240216,11:03:16,1.45,150,280800
20240216,11:03:21,1.45,100,280800
20240216,11:03:24,1.45,100,280800
20240216,11:03:26,1.45,11500,280800
20240216,11:03:26,1.45,250,280800
20240216,11:03:27,1.45,1800,280800
20240216,11:03:37,1.45,250,280800
20240216,11:03:42,1.45,50,280800
20240216,11:03:47,1.45,100,289450
20240216,11:03:50,1.45,450,289450
20240216,11:03:57,1.45,250,289450
20240216,11:03:59,1.45,100,289450
20240216,11:03:59,1.45,50,289450
20240216,11:04:23,1.45,50,289450
20240216,11:06:19,1.45,250,289450
20240216,11:06:37,1.4,450,289450
20240216,11:07:27,1.4,3900,288750
20240216,11:07:28,1.4,500,288750
20240216,11:10:51,1.45,100,288750
20240216,11:12:20,1.45,50,284550
20240216,11:13:30,1.4,50,284650
20240216,11:13:56,1.45,300,284650
20240216,11:14:03,1.45,450,284650
20240216,11:15:01,1.4,500,284650
20240216,11:15:31,1.4,250,284650
20240216,11:16:04,1.45,300,284650
20240216,11:16:12,1.45,100,284650
20240216,11:16:14,1.45,100,284650
20240216,11:16:15,1.45,300,284650
20240216,11:16:49,1.45,50,284650
20240216,11:18:02,1.45,50,284650
20240216,11:18:03,1.45,50,284650
20240216,11:18:22,1.45,50,284650
20240216,11:18:23,1.45,150,284650
20240216,11:18:24,1.45,50,284650
20240216,11:18:33,1.45,50,284650
20240216,11:18:39,1.45,50,284650
20240216,11:18:53,1.45,100,284650
20240216,11:19:02,1.45,100,285500
20240216,11:19:22,1.45,100,285500
20240216,11:19:39,1.45,100,285500
20240216,11:20:15,1.45,100,285500
20240216,11:20:23,1.45,50,285500
20240216,11:20:50,1.45,100,285500
20240216,11:21:02,1.45,100,285500
20240216,11:21:03,1.45,100,285500
20240216,11:21:05,1.45,100,285500
20240216,11:22:43,1.45,100,285500
20240216,11:23:24,1.45,100,285200
20240216,11:23:37,1.45,100,285200
20240216,11:24:48,1.45,200,284900
20240216,11:24:55,1.4,450,284900
20240216,11:28:09,1.4,200,284500
20240216,11:28:22,1.4,200,284500
20240216,11:29:30,1.4,550,284500
20240216,11:30:53,1.4,200,284500
20240216,11:31:15,1.4,550,284500
20240216,11:31:22,1.4,200,284500
20240216,11:31:23,1.4,200,284500
20240216,11:31:25,1.4,800,284500
20240216,11:31:28,1.4,200,284500
20240216,11:31:40,1.4,200,284500
20240216,11:32:04,1.4,850,284500
20240216,11:32:13,1.4,200,284500
20240216,11:32:14,1.4,200,284500
20240216,11:32:15,1.4,550,284500
20240216,11:32:30,1.4,200,284500
20240216,11:32:36,1.4,800,284500
20240216,11:33:17,1.45,1250,284500
20240216,11:36:11,1.45,50,283350
20240216,11:37:14,1.45,450,283350
20240216,11:37:15,1.4,250,283350
20240216,11:37:24,1.4,250,283350
20240216,11:37:35,1.4,50,283350
20240216,11:37:39,1.4,250,283350
20240216,11:37:44,1.4,300,283350
20240216,11:37:46,1.45,100,283350
20240216,11:37:48,1.45,550,283350
20240216,11:37:50,1.45,100,283350
20240216,11:37:52,1.45,450,283350
20240216,11:38:05,1.45,100,283350
20240216,11:38:09,1.45,300,283350
20240216,11:39:03,1.45,100,283350
20240216,11:39:04,1.45,100,283350
20240216,11:39:06,1.45,300,283350
20240216,11:39:12,1.45,300,283350
20240216,11:39:13,1.45,50,283350
20240216,11:39:22,1.45,600,283350
20240216,11:39:44,1.45,450,283350
20240216,11:40:02,1.45,800,283350
20240216,11:40:05,1.45,200,284100
20240216,11:40:07,1.4,250,284100
20240216,11:40:23,1.4,250,284100
20240216,11:40:28,1.45,100,284100
20240216,11:40:44,1.4,1250,284100
20240216,11:42:09,1.45,200,284100
20240216,11:42:21,1.45,200,284100
20240216,11:42:23,1.45,200,284100
20240216,11:42:27,1.45,200,284100
20240216,11:42:50,1.45,550,283950
20240216,11:43:00,1.45,550,283950
20240216,11:43:02,1.45,200,283950
20240216,11:43:03,1.45,800,283950
20240216,11:43:05,1.4,100,283950
20240216,11:43:06,1.45,950,283950
20240216,11:43:11,1.4,100,283950
20240216,11:43:12,1.4,1800,283950
20240216,11:43:14,1.45,900,283950
20240216,11:43:16,1.45,250,283950
20240216,11:43:24,1.45,200,283950
20240216,11:43:25,1.45,550,283950
20240216,11:46:39,1.45,50,283950
20240216,11:46:41,1.4,400,287000
20240216,11:47:03,1.4,50,287000
20240216,11:49:27,1.4,250,287050
20240216,11:49:35,1.45,2500,287050
20240216,11:50:20,1.4,2800,287050
20240216,11:50:24,1.4,100,287050
20240216,11:50:25,1.4,100,287050
20240216,11:51:27,1.4,100,287050
20240216,11:51:38,1.4,700,287050
20240216,11:51:39,1.4,1800,287050
20240216,11:52:06,1.4,50,288250
20240216,11:52:10,1.4,100,288250
20240216,11:55:10,1.4,100,288250
20240216,11:55:48,1.4,100,288300
20240216,11:55:52,1.45,100,288300
20240216,11:55:53,1.45,350,288300
20240216,11:56:01,1.4,100,288300
20240216,11:56:23,1.4,100,288300
20240216,11:56:32,1.45,100,288300
20240216,11:57:33,1.4,50,288300
20240216,11:57:34,1.4,150,288300
20240216,11:57:41,1.4,50,288300
20240216,11:57:54,1.45,50,288300
20240216,11:58:02,1.4,50,289000
20240216,12:03:35,1.4,50,289050
20240216,12:04:55,1.4,5400,289050
20240216,12:05:02,1.4,1800,289100
20240216,12:06:02,1.4,200,289100
20240216,12:06:16,1.45,100,289100
20240216,12:08:20,1.45,250,289100
20240216,12:08:49,1.4,1800,288650
20240216,12:09:04,1.4,800,288650
20240216,12:09:06,1.4,550,288650
20240216,12:09:08,1.4,800,288650
20240216,12:09:11,1.4,200,288650
20240216,12:11:42,1.4,200,288400
20240216,12:12:03,1.4,200,288400
20240216,12:12:12,1.4,200,288400
20240216,12:12:30,1.4,500,288400
20240216,12:13:01,1.4,50,288150
20240216,12:13:03,1.35,200,288150
20240216,12:13:04,1.35,200,288150
20240216,12:13:09,1.35,200,288150
20240216,12:13:11,1.35,200,288150
20240216,12:13:12,1.4,50,288150
20240216,12:13:13,1.35,950,288150
20240216,12:13:17,1.35,850,288150
20240216,12:13:21,1.4,50,288150
20240216,12:13:30,1.35,550,288150
20240216,12:13:54,1.35,250,288150
20240216,12:14:02,1.35,150,288150
20240216,12:15:04,1.35,200,288150
20240216,12:15:53,1.4,1800,288150
20240216,12:18:46,1.35,1800,285600
20240216,12:19:36,1.4,300,283800
20240216,12:19:43,1.4,100,283800
20240216,12:19:45,1.4,100,283800
20240216,12:19:46,1.4,450,283800
20240216,12:20:04,1.4,200,283800
20240216,12:20:05,1.35,50,283800
20240216,12:20:11,1.4,200,283800
20240216,12:20:13,1.4,200,283800
20240216,12:20:16,1.4,200,283800
20240216,12:20:21,1.4,550,283800
20240216,12:20:33,1.4,550,283800
20240216,12:20:44,1.4,200,283800
20240216,12:20:50,1.4,200,283800
20240216,12:20:52,1.4,200,283800
20240216,12:20:55,1.4,200,283800
20240216,12:21:10,1.4,550,283800
20240216,12:21:13,1.4,550,283800
20240216,12:21:27,1.4,200,283800
20240216,12:21:28,1.4,50,283800
20240216,12:21:35,1.35,600,283800
20240216,12:21:41,1.4,850,283800
20240216,12:22:32,1.4,1300,285000
20240216,12:22:43,1.4,1300,285000
20240216,12:23:16,1.4,500,285000
20240216,12:23:42,1.35,50,285000
20240216,12:24:11,1.35,50,285000
20240216,12:25:37,1.4,750,288000
20240216,12:25:46,1.35,1800,288000
20240216,12:25:47,1.35,1200,288000
20240216,12:25:50,1.4,350,288000
20240216,12:26:23,1.35,50,288000
20240216,12:26:36,1.4,150,288000
20240216,12:26:52,1.35,50,288000
20240216,12:27:23,1.35,250,288000
20240216,12:27:36,1.35,1400,288000
20240216,12:27:56,1.35,100,288000
20240216,12:30:13,1.35,3300,286400
20240216,12:30:22,1.35,1150,286400
20240216,12:30:29,1.35,300,286400
20240216,12:30:42,1.35,500,286400
20240216,12:31:11,1.35,500,287500
20240216,12:31:30,1.35,1800,287500
20240216,12:31:32,1.35,1800,287500
20240216,12:31:37,1.35,4500,287500
20240216,12:33:13,1.3,550,287500
20240216,12:34:03,1.35,250,287500
20240216,12:35:01,1.3,150,294700
20240216,12:36:07,1.35,50,294700
20240216,12:36:48,1.35,250,294700
20240216,12:36:50,1.3,150,294700
20240216,12:36:55,1.3,150,294700
20240216,12:37:16,1.3,100,294600
20240216,12:37:40,1.3,50,294600
20240216,12:37:49,1.3,1800,294600
20240216,12:37:51,1.3,100,294600
20240216,12:38:13,1.3,300,294600
20240216,12:39:26,1.35,250,294600
20240216,12:39:45,1.35,100,294600
20240216,12:40:08,1.35,250,297050
20240216,12:41:12,1.35,100,297050
20240216,12:41:53,1.35,1400,297050
20240216,12:41:53,1.35,400,297050
20240216,12:41:55,1.35,100,297050
20240216,12:42:38,1.35,250,297050
20240216,12:43:01,1.35,50,297050
20240216,12:43:40,1.35,250,296900
20240216,12:43:58,1.35,1500,296900
20240216,12:44:00,1.35,2100,296900
20240216,12:44:01,1.35,1500,296900
20240216,12:44:07,1.35,100,296900
20240216,12:44:47,1.3,50,296900
20240216,12:47:17,1.3,50,294150
20240216,12:47:37,1.35,1800,294150
20240216,12:47:41,1.35,500,294150
20240216,12:48:32,1.35,4250,294150
20240216,12:48:41,1.4,100,294150
20240216,12:49:29,1.4,50,294150
20240216,12:49:30,1.4,50,293850
20240216,12:50:28,1.35,1000,293850
20240216,12:51:33,1.35,100,293850
20240216,12:55:48,1.4,100,293600
20240216,12:55:49,1.4,750,293600
20240216,12:55:51,1.4,250,293600
20240216,12:55:54,1.4,250,293600
20240216,13:00:16,1.35,50,293600
20240216,13:00:46,1.4,100,293600
20240216,13:00:48,1.4,8850,293600
20240216,13:00:51,1.4,50,293600
20240216,13:01:32,1.4,50,294650
20240216,13:01:33,1.4,1800,294650
20240216,13:01:34,1.4,1800,294650
20240216,13:01:35,1.4,250,294650
20240216,13:01:40,1.4,250,294650
20240216,13:01:45,1.4,250,294650
20240216,13:01:48,1.4,250,294650
20240216,13:01:52,1.4,50,294650
20240216,13:01:57,1.4,50,294650
20240216,13:01:58,1.4,150,294650
20240216,13:02:30,1.4,350,294650
20240216,13:02:49,1.4,250,294650
20240216,13:03:21,1.4,7450,294650
20240216,13:03:22,1.4,500,294650
20240216,13:10:38,1.35,200,294650
20240216,13:10:39,1.35,200,292500
20240216,13:10:40,1.35,200,292500
20240216,13:10:53,1.35,550,292500
20240216,13:11:00,1.35,200,292500
20240216,13:11:04,1.35,200,292500
20240216,13:11:06,1.35,200,292500
20240216,13:11:20,1.35,200,292500
20240216,13:11:49,1.35,200,292500
20240216,13:12:57,1.35,200,292500
20240216,13:13:03,1.35,200,292500
20240216,13:13:04,1.35,200,292300
20240216,13:14:57,1.35,3250,292300
20240216,13:14:57,1.35,150,292300
20240216,13:15:01,1.35,50,292300
20240216,13:15:08,1.35,250,292300
20240216,13:15:18,1.35,50,292300
20240216,13:15:26,1.35,250,292300
20240216,13:16:50,1.3,200,290800
20240216,13:17:03,1.35,250,290800
20240216,13:17:22,1.3,550,290800
20240216,13:21:36,1.3,200,290550
20240216,13:21:57,1.3,200,290550
20240216,13:22:00,1.3,200,290550
20240216,13:22:15,1.3,200,290550
20240216,13:22:27,1.3,200,290550
20240216,13:22:29,1.3,550,290550
20240216,13:22:32,1.3,200,290550
20240216,13:22:34,1.3,550,290550
20240216,13:24:34,1.3,800,290550
20240216,13:24:35,1.3,1800,290550
20240216,13:24:37,1.3,1800,290550
20240216,13:24:39,1.3,5800,290550
20240216,13:24:39,1.3,100,290550
20240216,13:25:07,1.25,200,294550
20240216,13:25:10,1.25,3600,294550
20240216,13:26:35,1.25,50,294550
20240216,13:26:59,1.25,1800,294550
20240216,13:28:16,1.25,100,294550
20240216,13:28:18,1.25,3050,295500
20240216,13:28:22,1.25,400,295500
20240216,13:29:22,1.3,300,295500
20240216,13:29:37,1.3,400,295500
20240216,13:29:56,1.3,150,295500
20240216,13:29:58,1.3,150,295500
20240216,13:30:00,1.3,200,295500
20240216,13:30:02,1.3,200,295500
20240216,13:31:11,1.3,850,292200
20240216,13:31:13,1.3,550,292200
20240216,13:31:18,1.3,850,292200
20240216,13:31:51,1.3,200,292200
20240216,13:31:53,1.3,900,292200
20240216,13:32:04,1.3,200,292200
20240216,13:32:07,1.25,1800,292200
20240216,13:32:09,1.3,200,292200
20240216,13:32:10,1.25,150,292200
20240216,13:32:14,1.3,550,292200
20240216,13:32:18,1.25,500,292200
20240216,13:32:31,1.3,50,292200
20240216,13:33:17,1.25,200,292200
20240216,13:33:23,1.25,1400,292200
20240216,13:33:31,1.25,200,292200
20240216,13:33:34,1.25,200,292200
20240216,13:33:37,1.3,550,292200
20240216,13:33:39,1.25,2000,292200
20240216,13:36:01,1.2,200,292200
20240216,13:36:21,1.2,50,290300
20240216,13:38:18,1.2,10300,290350
20240216,13:38:24,1.2,1800,290350
20240216,13:38:25,1.2,1800,290350
20240216,13:39:49,1.2,750,290350
20240216,13:40:33,1.25,50,288250
20240216,13:40:34,1.25,300,288250
20240216,13:40:35,1.25,50,288250
20240216,13:41:25,1.25,50,288250
20240216,13:41:31,1.25,1800,288250
20240216,13:41:37,1.25,150,288250
20240216,13:41:39,1.25,1800,288250
20240216,13:41:51,1.25,200,288250
20240216,13:41:52,1.25,150,288250
20240216,13:41:53,1.25,1850,288250
20240216,13:41:54,1.25,1550,288250
20240216,13:41:55,1.25,1500,288250
20240216,13:41:56,1.25,3350,288250
20240216,13:41:57,1.25,4900,288250
20240216,13:41:58,1.25,50,288250
20240216,13:42:20,1.25,400,288250
20240216,13:42:21,1.3,250,288250
20240216,13:42:25,1.3,500,288250
20240216,13:42:38,1.3,200,288250
20240216,13:42:42,1.25,250,288250
20240216,13:43:42,1.3,100,290900
20240216,13:44:38,1.3,1800,290900
20240216,13:44:40,1.3,200,290900
20240216,13:44:41,1.3,1800,290900
20240216,13:44:46,1.3,1800,290900
20240216,13:44:48,1.3,1800,290900
20240216,13:45:17,1.3,1800,290900
20240216,13:45:23,1.3,1800,290900
20240216,13:45:38,1.3,14000,290900
20240216,13:45:38,1.3,500,290900
20240216,13:45:39,1.3,900,290900
20240216,13:45:41,1.3,2050,290900
20240216,13:45:41,1.3,500,290900
20240216,13:45:42,1.3,50,290900
20240216,13:45:45,1.3,500,290900
20240216,13:45:46,1.3,4450,290900
20240216,13:45:50,1.3,50,290900
20240216,13:45:54,1.3,250,290900
20240216,13:46:33,1.3,150,293350
20240216,13:46:36,1.3,50,293350
20240216,13:46:39,1.3,50,293350
20240216,13:46:46,1.3,50,293350
20240216,13:47:21,1.25,200,293350
20240216,13:47:56,1.25,250,293350
20240216,13:48:23,1.3,900,293350
20240216,13:49:02,1.2,10800,293350
20240216,13:49:03,1.25,6100,293350
20240216,13:49:04,1.25,800,293350
20240216,13:49:09,1.25,50,303400
20240216,13:49:13,1.25,250,303400
20240216,13:49:14,1.25,1000,303400
20240216,13:49:15,1.25,150,303400
20240216,13:49:18,1.25,50,303400
20240216,13:49:21,1.25,50,303400
20240216,13:49:23,1.25,50,303400
20240216,13:49:24,1.2,27350,303400
20240216,13:49:25,1.25,3350,303400
20240216,13:49:27,1.25,1800,303400
20240216,13:49:33,1.2,10050,303400
20240216,13:49:34,1.2,1800,303400
20240216,13:50:16,1.2,50,303400
20240216,13:50:48,1.2,50,303400
20240216,13:50:56,1.2,2000,303400
20240216,13:50:59,1.2,50,303400
20240216,13:51:00,1.2,50,303400
20240216,13:51:17,1.2,650,303400
20240216,13:53:01,1.2,750,303400
20240216,13:53:24,1.2,750,307200
20240216,13:53:38,1.2,50,307200
20240216,13:53:48,1.2,750,307200
20240216,13:54:11,1.2,100,307200
20240216,13:54:19,1.25,50,307200
20240216,13:55:28,1.25,50,307200
20240216,13:55:38,1.25,800,307050
20240216,13:55:52,1.25,300,307050
20240216,13:55:59,1.25,1000,307050
20240216,13:56:07,1.25,250,307050
20240216,13:56:09,1.25,50,307050
20240216,13:56:24,1.25,3250,307050
20240216,13:56:24,1.2,50,307050
20240216,13:56:26,1.25,50,307050
20240216,13:56:27,1.25,2550,307050
20240216,13:56:36,1.25,1500,307050
20240216,13:56:38,1.25,5200,307050
20240216,13:56:43,1.2,50,307050
20240216,13:56:48,1.25,11300,307050
20240216,13:56:48,1.25,250,307050
20240216,13:56:49,1.25,300,307050
20240216,13:56:50,1.2,1800,307050
20240216,13:57:05,1.25,100,307050
20240216,13:58:05,1.2,50,307050
20240216,13:58:50,1.25,50,307050
20240216,13:59:06,1.25,50,315700
20240216,13:59:31,1.2,500,315700
20240216,13:59:33,1.2,50,315700
20240216,13:59:41,1.25,50,315700
20240216,14:02:30,1.2,250,315700
20240216,14:03:23,1.25,400,315000
20240216,14:03:54,1.2,50,315000
20240216,14:04:57,1.2,100,314950
20240216,14:10:47,1.25,1800,314850
20240216,14:12:36,1.25,1000,314850
20240216,14:12:37,1.25,1000,314850
20240216,14:12:38,1.25,1000,314850
20240216,14:12:39,1.25,1000,314850
20240216,14:12:40,1.25,1000,314850
20240216,14:12:50,1.25,1000,314850
20240216,14:12:53,1.25,1000,314850
20240216,14:12:54,1.25,1000,314850
20240216,14:12:56,1.25,1000,314850
20240216,14:12:57,1.25,1500,314850
20240216,14:12:59,1.25,3900,314850
20240216,14:13:00,1.25,50,314850
20240216,14:13:33,1.25,3000,314850
20240216,14:14:11,1.3,950,326900
20240216,14:14:36,1.25,1800,326900
20240216,14:15:07,1.25,1800,326900
20240216,14:15:09,1.25,2950,326900
20240216,14:15:10,1.25,6800,326900
20240216,14:15:21,1.2,300,326900
20240216,14:15:25,1.2,300,326900
20240216,14:15:54,1.25,250,326900
20240216,14:15:55,1.25,1000,326900
20240216,14:15:56,1.25,250,326900
20240216,14:17:06,1.2,50,326900
20240216,14:18:20,1.25,250,319000
20240216,14:21:15,1.25,250,319000
20240216,14:22:08,1.2,200,318950
20240216,14:22:13,1.2,800,318950
20240216,14:23:35,1.2,1800,318950
20240216,14:24:06,1.25,1000,318950
20240216,14:24:09,1.2,1000,318950
20240216,14:24:12,1.25,1000,318950
20240216,14:24:14,1.2,1000,318950
20240216,14:24:23,1.2,1800,318950
20240216,14:26:24,1.2,1800,318950
20240216,14:26:26,1.25,1600,315650
20240216,14:26:26,1.25,400,315650
20240216,14:26:48,1.2,200,315650
20240216,14:26:53,1.2,200,315650
20240216,14:28:01,1.2,50,315650
20240216,14:28:04,1.25,1000,315650
20240216,14:28:57,1.25,1000,314600
20240216,14:30:54,1.25,500,314600
20240216,14:31:10,1.2,900,314600
20240216,14:31:12,1.2,550,314600
20240216,14:31:13,1.2,200,315600
20240216,14:31:16,1.2,950,315600
20240216,14:31:17,1.2,550,315600
20240216,14:31:19,1.2,800,315600
20240216,14:31:21,1.2,550,315600
20240216,14:31:23,1.2,900,315600
20240216,14:31:25,1.2,200,315600
20240216,14:31:26,1.2,200,315600
20240216,14:31:28,1.2,550,315600
20240216,14:31:32,1.2,500,315600
20240216,14:31:33,1.2,500,315600
20240216,14:31:35,1.2,200,315600
20240216,14:31:37,1.2,200,315600
20240216,14:31:41,1.2,200,315600
20240216,14:31:42,1.2,50,315600
20240216,14:31:44,1.2,200,315600
20240216,14:31:46,1.2,200,315600
20240216,14:31:48,1.2,200,315600
20240216,14:31:59,1.2,200,315600
20240216,14:32:01,1.2,1500,315600
20240216,14:32:02,1.2,50,315600
20240216,14:32:03,1.2,6600,315600
20240216,14:32:04,1.15,450,315600
20240216,14:32:05,1.15,550,315600
20240216,14:32:07,1.15,550,315600
20240216,14:32:08,1.2,50,315600
20240216,14:32:10,1.15,550,315600
20240216,14:32:13,1.15,900,315600
20240216,14:32:20,1.2,1800,315600
20240216,14:32:21,1.15,200,315600
20240216,14:32:25,1.15,200,315600
20240216,14:32:31,1.2,250,315600
20240216,14:32:34,1.2,50,315600
20240216,14:32:37,1.2,250,315600
20240216,14:33:40,1.2,250,315600
20240216,14:34:09,1.2,1800,315600
20240216,14:35:05,1.2,50,315600
20240216,14:35:35,1.15,450,306200
20240216,14:35:53,1.2,2400,306200
20240216,14:35:54,1.2,1200,306200
20240216,14:35:55,1.2,3300,306200
20240216,14:35:56,1.2,1500,306200
20240216,14:35:57,1.2,1500,306200
20240216,14:35:58,1.2,1500,306200
20240216,14:36:06,1.2,250,306200
20240216,14:36:33,1.2,300,306200
20240216,14:36:37,1.2,250,306200
20240216,14:37:35,1.2,400,309150
20240216,14:38:37,1.2,150,309150
20240216,14:38:40,1.2,50,309150
20240216,14:39:14,1.2,250,309150
20240216,14:39:16,1.2,350,309150
20240216,14:39:19,1.2,250,309150
20240216,14:39:21,1.2,300,309150
20240216,14:39:21,1.2,250,309150
20240216,14:39:22,1.2,350,309150
20240216,14:39:23,1.2,250,309150
20240216,14:39:24,1.2,3350,309150
20240216,14:39:26,1.25,300,309150
20240216,14:39:48,1.2,50,309150
20240216,14:39:57,1.2,1000,309150
20240216,14:41:04,1.2,1800,304550
20240216,14:41:12,1.2,950,304550
20240216,14:42:22,1.25,300,304550
20240216,14:42:34,1.25,300,304550
20240216,14:42:35,1.25,300,304550
20240216,14:43:06,1.25,100,304550
20240216,14:44:38,1.2,1500,303400
20240216,14:45:12,1.25,100,303400
20240216,14:45:29,1.25,1000,303400
20240216,14:47:07,1.2,300,303000
20240216,14:47:52,1.2,6000,303000
20240216,14:47:53,1.2,1800,303000
20240216,14:47:54,1.2,7200,303000
20240216,14:47:56,1.2,16900,303000
20240216,14:47:58,1.2,50,303000
20240216,14:48:01,1.2,50,303000
20240216,14:48:03,1.2,250,303000
20240216,14:48:54,1.2,500,303000
20240216,14:49:16,1.2,100,303000
20240216,14:49:17,1.2,100,309400
20240216,14:50:28,1.2,4800,309400
20240216,14:50:29,1.2,100,309400
20240216,14:50:31,1.2,50,309400
20240216,14:50:35,1.2,550,309400
20240216,14:50:46,1.2,1800,309400
20240216,14:51:01,1.25,100,309400
20240216,14:51:04,1.25,300,309400
20240216,14:51:10,1.25,100,309400
20240216,14:51:18,1.2,50,309400
20240216,14:51:36,1.2,50,309400
20240216,14:52:01,1.25,450,309400
20240216,14:52:02,1.25,300,309400
20240216,14:53:01,1.25,550,305750
20240216,14:53:26,1.25,100,305750
20240216,14:54:01,1.25,300,305750
20240216,14:54:02,1.2,1800,305750
20240216,14:54:03,1.15,24300,305750
20240216,14:54:04,1.2,5500,305750
20240216,14:54:09,1.2,100,305750
20240216,14:54:11,1.2,100,305750
20240216,14:54:14,1.2,300,305750
20240216,14:55:01,1.2,450,305750
20240216,14:56:01,1.2,100,305750
20240216,14:56:02,1.2,300,292400
20240216,14:56:04,1.2,300,292400
20240216,14:56:06,1.2,300,292400
20240216,14:57:01,1.2,450,292400
20240216,14:57:03,1.2,100,292400
20240216,14:57:07,1.2,50,292400
20240216,14:58:01,1.2,300,292400
20240216,14:58:02,1.2,500,292400
20240216,14:58:10,1.2,50,292400
20240216,14:58:39,1.2,50,292400
20240216,14:58:40,1.2,50,294850
20240216,14:58:42,1.2,50,294850
20240216,14:59:22,1.15,50,294850
20240216,14:59:42,1.2,50,294850
20240216,15:00:00,1.15,1800,294850
20240216,15:00:02,1.15,1100,294850
20240216,15:00:03,1.15,2350,294850
20240216,15:00:07,1.15,1000,294850
20240216,15:00:28,1.2,50,294850
20240216,15:00:42,1.2,50,294850
20240216,15:01:02,1.2,50,294850
20240216,15:01:03,1.2,1950,294850
20240216,15:01:04,1.2,10600,294850
20240216,15:01:06,1.2,1550,294850
20240216,15:01:11,1.2,50,294850
20240216,15:01:33,1.2,3450,294850
20240216,15:01:34,1.2,250,293800
20240216,15:01:40,1.2,250,293800
20240216,15:01:44,1.2,1000,293800
20240216,15:01:46,1.2,1000,293800
20240216,15:01:57,1.2,1800,293800
20240216,15:02:08,1.2,1800,293800
20240216,15:02:09,1.2,1800,293800
20240216,15:02:09,1.15,100,293800
20240216,15:02:23,1.2,1650,293800
20240216,15:02:26,1.2,800,293800
20240216,15:02:33,1.25,14250,293800
20240216,15:02:33,1.2,250,293800
20240216,15:02:37,1.25,9300,293800
20240216,15:02:37,1.25,5150,293800
20240216,15:02:39,1.2,50,293800
20240216,15:02:39,1.2,250,293800
20240216,15:02:50,1.2,250,293800
20240216,15:02:58,1.2,100,293800
20240216,15:03:05,1.2,1900,293800
20240216,15:03:06,1.2,900,293800
20240216,15:03:10,1.25,100,293800
20240216,15:03:20,1.25,9350,293800
20240216,15:03:28,1.2,1500,293800
20240216,15:03:29,1.2,1500,293800
20240216,15:03:38,1.25,1000,293800
20240216,15:03:39,1.25,1000,293800
20240216,15:03:43,1.2,1500,293800
20240216,15:03:44,1.2,1500,293800
20240216,15:04:21,1.25,650,293800
20240216,15:04:24,1.2,50,272250
20240216,15:04:47,1.25,200,272250
20240216,15:04:48,1.2,50,272250
20240216,15:05:05,1.2,50,272250
20240216,15:05:22,1.25,50,272250
20240216,15:06:16,1.2,750,272250
20240216,15:06:28,1.25,500,272250
20240216,15:06:50,1.2,50,272250
20240216,15:06:51,1.2,50,272250
20240216,15:07:00,1.2,250,272250
20240216,15:08:32,1.2,50,272250
20240216,15:09:18,1.2,250,273200
20240216,15:09:20,1.2,1700,273200
20240216,15:09:27,1.2,7100,273200
20240216,15:09:28,1.2,1000,273200
20240216,15:09:40,1.2,50,273200
20240216,15:09:54,1.2,1400,273200
20240216,15:10:08,1.2,50,273200
20240216,15:10:21,1.2,100,272050
20240216,15:10:51,1.2,50,272050
20240216,15:10:57,1.2,50,272050
20240216,15:11:11,1.2,1800,272050
20240216,15:11:37,1.2,150,272050
20240216,15:11:55,1.2,5800,272050
20240216,15:11:56,1.2,550,272050
20240216,15:11:57,1.2,250,272050
20240216,15:11:59,1.2,2250,272050
20240216,15:12:27,1.15,1500,272050
20240216,15:12:28,1.15,1500,272050
20240216,15:12:29,1.15,1000,272050
20240216,15:13:17,1.15,1000,273000
20240216,15:13:19,1.2,2000,273000
20240216,15:13:21,1.15,100,273000
20240216,15:13:24,1.2,5150,273000
20240216,15:13:24,1.2,50,273000
20240216,15:13:31,1.2,3100,273000
20240216,15:13:38,1.2,50,273000
20240216,15:13:45,1.2,50,273000
20240216,15:14:00,1.15,100,273000
20240216,15:15:00,1.2,50,273000
20240216,15:15:05,1.2,50,273000
20240216,15:15:14,1.2,1000,273000
20240216,15:15:23,1.15,300,273000
20240216,15:15:41,1.15,150,273000
20240216,15:15:51,1.15,2000,273000
20240216,15:15:56,1.15,500,273000
20240216,15:16:05,1.15,250,273000
20240216,15:16:06,1.15,1200,273000
20240216,15:16:13,1.15,350,273000
20240216,15:16:15,1.15,300,273000
20240216,15:16:20,1.15,250,273000
20240216,15:16:37,1.15,250,269900
20240216,15:16:39,1.15,50,269900
20240216,15:16:49,1.15,50,269900
20240216,15:16:50,1.15,50,269900
20240216,15:17:35,1.15,50,269900
20240216,15:17:53,1.15,1200,269900
20240216,15:17:59,1.15,50,269900
20240216,15:18:55,1.15,50,269900
20240216,15:19:48,1.2,1900,269650
20240216,15:20:11,1.15,300,269650
20240216,15:20:17,1.15,250,269650
20240216,15:20:39,1.15,250,269650
20240216,15:20:41,1.15,500,269650
20240216,15:20:58,1.2,50,269650
20240216,15:21:24,1.15,1000,269650
20240216,15:21:26,1.15,1000,269650
20240216,15:21:54,1.15,100,269650
20240216,15:22:07,1.15,500,269650
20240216,15:22:09,1.15,50,269650
20240216,15:22:18,1.15,50,269650
20240216,15:22:28,1.15,1700,269650
20240216,15:22:30,1.15,350,271400
20240216,15:22:47,1.2,1000,271400
20240216,15:23:09,1.2,100,271400
20240216,15:23:20,1.2,200,271400
20240216,15:23:22,1.15,2000,271400
20240216,15:23:29,1.2,950,271400
20240216,15:23:37,1.2,100,271400
20240216,15:23:39,1.2,100,271400
20240216,15:23:40,1.2,100,271400
20240216,15:23:41,1.15,950,271400
20240216,15:23:43,1.2,450,271400
20240216,15:23:44,1.2,500,271400
20240216,15:23:52,1.2,1000,271400
20240216,15:23:58,1.15,50,271400
20240216,15:24:06,1.2,250,271400
20240216,15:24:08,1.2,650,271400
20240216,15:24:09,1.2,500,271400
20240216,15:24:19,1.2,1950,271400
20240216,15:24:25,1.25,1950,271400
20240216,15:24:27,1.25,1000,271400
20240216,15:24:37,1.25,2400,271400
20240216,15:24:45,1.25,50,271400
20240216,15:24:46,1.25,150,271400
20240216,15:24:47,1.25,1000,271400
20240216,15:24:48,1.25,50,271400
20240216,15:24:50,1.25,3250,271400
20240216,15:24:51,1.25,500,271400
20240216,15:24:52,1.25,150,271400
20240216,15:25:01,1.25,50,271400
20240216,15:25:04,1.25,1550,271400
20240216,15:25:04,1.25,250,271400
20240216,15:25:05,1.25,1750,271400
20240216,15:25:07,1.25,5050,271400
20240216,15:25:07,1.25,500,271400
20240216,15:25:12,1.25,1000,271400
20240216,15:25:17,1.2,1400,271400
20240216,15:25:22,1.25,150,279200
20240216,15:25:25,1.25,500,279200
20240216,15:25:27,1.25,900,279200
20240216,15:25:29,1.3,150,279200
20240216,15:25:31,1.3,200,279200
20240216,15:25:32,1.3,500,279200
20240216,15:25:34,1.25,350,279200
20240216,15:25:38,1.25,50,279200
20240216,15:25:45,1.3,1300,279200
20240216,15:25:58,1.25,250,279200
20240216,15:26:06,1.3,750,279200
20240216,15:26:14,1.3,1000,279200
20240216,15:26:16,1.3,500,279200
20240216,15:26:30,1.3,1500,279200
20240216,15:26:33,1.3,500,279200
20240216,15:26:35,1.3,1500,279200
20240216,15:26:37,1.3,3350,279200
20240216,15:26:37,1.3,700,279200
20240216,15:26:42,1.3,1800,279200
20240216,15:26:44,1.35,50,279200
20240216,15:26:48,1.35,2500,279200
20240216,15:26:49,1.4,950,279200
20240216,15:26:51,1.4,500,279200
20240216,15:26:52,1.35,1600,279200
20240216,15:26:53,1.4,1000,279200
20240216,15:27:08,1.4,1250,279200
20240216,15:27:16,1.35,650,279200
20240216,15:27:18,1.35,50,279200
20240216,15:27:28,1.4,500,279200
20240216,15:27:29,1.35,450,279200
20240216,15:27:31,1.4,550,279200
20240216,15:27:32,1.4,250,279200
20240216,15:27:38,1.4,1250,279200
20240216,15:27:39,1.35,400,279200
20240216,15:27:41,1.4,500,279200
20240216,15:27:42,1.4,500,279200
20240216,15:27:50,1.4,500,279200
20240216,15:28:02,1.4,150,279200
20240216,15:28:12,1.4,1600,279200
20240216,15:28:27,1.4,500,276000
20240216,15:28:30,1.35,3900,276000
20240216,15:28:31,1.35,50,276000
20240216,15:28:36,1.35,6450,276000
20240216,15:28:37,1.35,250,276000
20240216,15:28:38,1.35,150,276000
20240216,15:28:40,1.35,150,276000
20240216,15:28:44,1.35,250,276000
20240216,15:28:46,1.35,500,276000
20240216,15:28:47,1.35,150,276000
20240216,15:28:48,1.35,50,276000
20240216,15:28:49,1.35,400,276000
20240216,15:28:50,1.35,1900,276000
20240216,15:28:51,1.35,550,276000
20240216,15:28:52,1.35,150,276000
20240216,15:28:53,1.35,650,276000
20240216,15:28:55,1.35,400,276000
20240216,15:28:57,1.35,50,276000
20240216,15:28:58,1.35,150,276000
20240216,15:28:59,1.35,300,276000
20240216,15:29:05,1.3,1900,276000
20240216,15:29:19,1.4,600,276000
20240216,15:29:24,1.2,1800,276000
20240216,15:29:29,1.2,100,276000
20240216,15:29:38,1.35,200,276000
20240216,15:29:46,1.2,1800,276000
20240216,15:29:47,1.2,300,276000
20240216,15:29:49,1.35,900,276000
20240216,15:29:50,1.3,50,276000
20240216,15:29:51,1.3,500,276000
20240216,15:29:54,1.3,50,276000
20240216,15:29:55,1.25,350,276000
20240219,09:15:02,1.2,1,273700
20240219,09:15:02,1.2,50,273700
20240219,09:15:03,1.2,100,273700
20240219,09:15:04,1.2,200,273700
20240219,09:15:05,1.3,3850,273700
20240219,09:15:05,1.15,3850,273700
20240219,09:15:06,1.25,8300,273700
20240219,09:15:07,1.2,1600,273700
20240219,09:15:08,1.35,16300,273700
20240219,09:15:08,1.1,16300,273700
20240219,09:15:09,1.2,1050,273700
20240219,09:15:11,1.15,3100,273700
20240219,09:15:16,1.15,2050,273700
20240219,09:15:16,1.15,1000,273700
20240219,09:15:18,1.15,1000,273700
20240219,09:15:19,1.15,50,273700
20240219,09:15:19,1.2,50,273700
20240219,09:15:21,1.15,1850,273700
20240219,09:15:26,1.1,4550,273700
20240219,09:15:28,1.05,1250,273700
20240219,09:15:29,1.05,3100,273700
20240219,09:15:30,1.05,2500,275500
20240219,09:15:32,1.1,2300,275500
20240219,09:15:32,1.1,1150,275500
20240219,09:15:33,1.05,1000,275500
20240219,09:15:36,1.05,2000,275500
20240219,09:15:37,1.05,1000,275500
20240219,09:15:39,1.05,1000,275500
20240219,09:15:41,1.05,1000,275500
20240219,09:15:58,1.1,1000,275500
20240219,09:15:59,1.1,1000,275500
20240219,09:15:59,1.05,200,275500
20240219,09:16:00,1.05,150,275500
20240219,09:16:02,1.05,500,275500
20240219,09:16:08,1.05,8200,275500
20240219,09:16:09,1.05,3450,275500
20240219,09:16:10,1.05,3250,275500
20240219,09:16:11,1.05,500,275500
20240219,09:16:15,1.05,850,275500
20240219,09:16:23,1.1,50,275500
20240219,09:16:26,1.05,7900,275500
20240219,09:16:28,1.0,1000,275500
20240219,09:16:28,1.0,1500,275500
20240219,09:16:31,1.0,1000,275500
20240219,09:16:34,1.05,2550,275500
20240219,09:16:34,1.05,50,275500
20240219,09:16:36,1.05,50,275500
20240219,09:16:43,1.0,500,275500
20240219,09:16:45,1.05,50,275500
20240219,09:16:46,1.05,50,275500
20240219,09:16:52,1.05,50,275500
20240219,09:16:56,1.05,1500,275500
20240219,09:16:57,1.05,1350,275500
20240219,09:17:01,1.05,1800,275500
20240219,09:17:01,1.05,4350,275500
20240219,09:17:07,1.1,1000,275500
20240219,09:17:14,1.05,50,275500
20240219,09:17:22,1.1,400,275500
20240219,09:17:23,1.05,700,275500
20240219,09:17:47,1.1,100,275500
20240219,09:18:08,1.1,400,275500
20240219,09:18:09,1.05,50,275500
20240219,09:18:13,1.1,50,275500
20240219,09:18:58,1.1,1800,270000
20240219,09:19:04,1.1,1800,270000
20240219,09:19:14,1.05,1800,270000
20240219,09:19:15,1.05,50,270000
20240219,09:19:16,1.05,50,270000
20240219,09:19:17,1.1,500,270000
20240219,09:19:21,1.05,2300,270000
20240219,09:19:26,1.05,200,270000
20240219,09:19:40,1.1,2700,270000
20240219,09:19:49,1.05,1700,270000
20240219,09:20:14,1.05,300,270000
20240219,09:20:16,1.05,500,270000
20240219,09:20:21,1.1,50,270000
20240219,09:20:33,1.05,50,270000
20240219,09:20:50,1.1,100,270000
20240219,09:21:02,1.05,550,270000
20240219,09:21:03,1.05,450,270000
20240219,09:21:18,1.1,1800,270000
20240219,09:21:35,1.1,1250,270450
20240219,09:22:43,1.1,200,270450
20240219,09:22:47,1.1,100,270450
20240219,09:22:57,1.1,50,270450
20240219,09:23:15,1.1,4050,270450
20240219,09:23:15,1.1,1300,270450
20240219,09:23:16,1.1,1800,270450
20240219,09:23:17,1.1,4500,270450
20240219,09:23:18,1.1,4350,270450
20240219,09:23:53,1.1,100,270450
20240219,09:24:09,1.1,500,270450
20240219,09:25:26,1.15,2000,277100
20240219,09:25:45,1.15,50,277100
20240219,09:25:58,1.1,1000,277100
20240219,09:26:35,1.1,150,277100
20240219,09:27:00,1.1,1000,277100
20240219,09:27:03,1.1,1000,277100
20240219,09:27:05,1.1,1000,277100
20240219,09:27:47,1.1,300,277750
20240219,09:27:53,1.1,250,277750
20240219,09:28:04,1.15,1000,277750
20240219,09:28:17,1.15,100,277750
20240219,09:28:25,1.1,250,277750
20240219,09:28:35,1.1,250,277750
20240219,09:29:04,1.15,150,277750
20240219,09:29:13,1.1,50,277750
20240219,09:29:18,1.15,1800,277750
20240219,09:29:19,1.15,1800,277750
20240219,09:29:20,1.15,1800,277750
20240219,09:29:21,1.15,1800,277750
20240219,09:29:22,1.15,1800,277750
20240219,09:29:23,1.15,4500,277750
20240219,09:29:24,1.15,6000,277750
20240219,09:29:25,1.2,8600,277750
20240219,09:29:26,1.2,4200,277750
20240219,09:29:27,1.15,1850,277750
20240219,09:29:28,1.2,3750,277750
20240219,09:29:29,1.2,1800,277750
20240219,09:29:30,1.2,3600,277750
20240219,09:29:31,1.2,1800,277750
20240219,09:29:32,1.2,1800,277750
20240219,09:29:33,1.2,1800,277750
20240219,09:29:35,1.15,2700,277750
20240219,09:29:46,1.15,250,277750
20240219,09:29:49,1.15,100,277750
20240219,09:30:02,1.15,250,277750
20240219,09:30:04,1.15,2300,277750
20240219,09:30:05,1.15,250,277750
20240219,09:30:07,1.15,250,277750
20240219,09:30:09,1.15,500,277750
20240219,09:30:11,1.15,1000,277750
20240219,09:30:12,1.15,600,277750
20240219,09:30:13,1.15,6750,277750
20240219,09:30:14,1.1,4100,277750
20240219,09:30:16,1.1,1800,277750
20240219,09:30:17,1.1,1800,277750
20240219,09:30:22,1.15,100,277750
20240219,09:30:29,1.15,650,277750
20240219,09:31:13,1.15,50,300800
20240219,09:31:23,1.15,50,300800
20240219,09:31:26,1.15,50,300800
20240219,09:31:30,1.1,1800,300800
20240219,09:31:32,1.1,5350,300800
20240219,09:31:33,1.1,250,300800
20240219,09:31:37,1.1,50,300800
20240219,09:31:45,1.05,400,300800
20240219,09:32:06,1.1,50,300800
20240219,09:32:14,1.1,1500,300800
20240219,09:32:15,1.1,1500,300800
20240219,09:32:16,1.1,500,300800
20240219,09:32:19,1.05,50,300800
20240219,09:32:43,1.1,50,300800
20240219,09:32:44,1.05,50,300800
20240219,09:32:55,1.1,250,300800
20240219,09:32:56,1.1,250,300800
20240219,09:33:43,1.05,1800,293550
20240219,09:33:45,1.1,50,293550
20240219,09:34:16,1.1,150,293550
20240219,09:34:32,1.05,1000,293550
20240219,09:34:55,1.05,500,293550
20240219,09:36:04,1.1,50,293550
20240219,09:36:15,1.05,500,293550
20240219,09:36:21,1.05,450,293550
20240219,09:36:21,1.05,400,293550
20240219,09:36:48,1.1,200,293550
20240219,09:37:04,1.05,550,290950
20240219,09:37:42,1.05,300,290950
20240219,09:38:35,1.05,100,290950
20240219,09:39:28,1.1,500,290950
20240219,09:40:06,1.05,500,290000
20240219,09:40:07,1.05,100,290000
20240219,09:40:08,1.05,300,290000
20240219,09:40:10,1.1,1600,290000
20240219,09:40:14,1.05,500,290000
20240219,09:40:15,1.05,300,290000
20240219,09:40:29,1.05,250,290000
20240219,09:40:30,1.05,250,290000
20240219,09:40:32,1.05,50,290000
20240219,09:41:28,1.0,100,290000
20240219,09:41:43,1.0,150,290000
20240219,09:42:22,1.0,250,290000
20240219,09:42:53,1.05,100,287400
20240219,09:42:54,1.0,500,287400
20240219,09:43:25,1.0,800,287400
20240219,09:44:07,1.05,2500,287400
20240219,09:44:12,1.0,150,287400
20240219,09:44:45,1.0,900,287400
20240219,09:45:08,1.0,1800,287400
20240219,09:45:13,1.0,400,287400
20240219,09:45:14,1.0,1750,287400
20240219,09:45:15,0.95,3450,287400
20240219,09:45:38,0.95,750,287400
20240219,09:46:01,0.95,5400,281400
20240219,09:46:02,0.95,1000,281400
20240219,09:46:06,0.95,1800,281400
20240219,09:46:07,0.95,6950,281400
20240219,09:46:08,0.9,1800,281400
20240219,09:46:09,0.9,4600,281400
20240219,09:46:13,0.9,800,281400
20240219,09:46:38,0.9,250,281400
20240219,09:46:42,0.95,250,281400
20240219,09:46:43,0.9,200,281400
20240219,09:46:48,0.9,2650,281400
20240219,09:47:40,0.9,250,281400
20240219,09:49:25,0.95,1500,281400
20240219,09:50:23,0.9,50,274450
20240219,09:50:41,0.95,500,274450
20240219,09:52:35,0.95,100,274450
20240219,09:53:08,0.95,1200,275600
20240219,09:54:33,0.95,1800,275600
20240219,09:54:40,0.95,200,274350
20240219,09:55:25,0.95,50,274350
20240219,09:57:18,0.9,50,274350
20240219,09:59:47,0.9,50,273550
20240219,09:59:59,0.95,900,273550
20240219,10:00:05,0.9,50,273550
20240219,10:00:11,0.95,1200,273550
20240219,10:00:22,0.9,50,273550
20240219,10:01:57,0.95,800,272950
20240219,10:02:16,0.95,1800,272950
20240219,10:02:33,0.95,300,272950
20240219,10:03:34,0.9,50,272950
20240219,10:04:07,0.9,50,272950
20240219,10:04:16,0.9,50,273950
20240219,10:04:19,0.95,3300,273950
20240219,10:04:25,0.95,2900,273950
20240219,10:04:26,0.95,4900,273950
20240219,10:04:27,0.95,50,273950
20240219,10:04:30,0.95,50,273950
20240219,10:04:33,0.95,50,273950
20240219,10:04:36,0.95,1500,273950
20240219,10:04:38,0.95,50,273950
20240219,10:04:46,0.95,50,273950
20240219,10:04:47,0.95,50,273950
20240219,10:05:46,1.0,150,273950
20240219,10:06:49,0.95,50,273950
20240219,10:06:50,0.95,50,273800
20240219,10:08:18,1.0,250,273800
20240219,10:08:57,1.0,650,273800
20240219,10:09:07,1.0,50,273800
20240219,10:09:53,0.95,100,273900
20240219,10:10:18,0.95,500,273900
20240219,10:10:49,0.95,50,273900
20240219,10:12:49,1.0,100,273900
20240219,10:13:16,1.0,500,273400
20240219,10:13:58,0.95,50,273400
20240219,10:17:48,0.95,1800,273350
20240219,10:18:10,0.95,50,273350
20240219,10:18:15,1.0,250,273350
20240219,10:18:22,1.0,5200,273350
20240219,10:18:39,1.0,200,273350
20240219,10:19:28,1.0,150,273500
20240219,10:19:31,1.0,100,273500
20240219,10:20:19,1.0,900,273500
20240219,10:22:02,1.0,500,273500
20240219,10:22:19,1.0,100,274600
20240219,10:22:31,1.0,100,274600
20240219,10:22:33,1.0,1900,274600
20240219,10:23:32,1.0,1800,274600
20240219,10:23:47,1.0,1800,274600
20240219,10:23:49,1.0,9150,274600
20240219,10:24:12,1.05,1800,274600
20240219,10:25:04,1.0,250,274600
20240219,10:25:14,1.05,50,281650
20240219,10:25:19,1.05,9000,281650
20240219,10:25:20,1.05,850,281650
20240219,10:25:25,1.05,50,281650
20240219,10:25:36,1.05,50,281650
20240219,10:25:47,1.05,50,281650
20240219,10:25:56,1.05,50,281650
20240219,10:26:02,1.05,500,281650
20240219,10:26:29,1.05,250,281650
20240219,10:26:51,1.1,100,281650
20240219,10:26:51,1.1,450,281650
20240219,10:26:52,1.1,2100,281650
20240219,10:26:53,1.1,250,281650
20240219,10:26:54,1.1,100,281650
20240219,10:26:55,1.1,50,281650
20240219,10:26:57,1.05,50,281650
20240219,10:26:59,1.1,50,281650
20240219,10:27:00,1.05,50,281650
20240219,10:27:49,1.1,150,281650
20240219,10:31:58,1.05,250,292000
20240219,10:32:02,1.05,250,292000
20240219,10:33:36,1.1,50,292000
20240219,10:33:37,1.1,50,292000
20240219,10:33:45,1.1,50,292000
20240219,10:34:29,1.1,50,292000
20240219,10:35:02,1.05,250,292000
20240219,10:35:04,1.05,250,292000
20240219,10:35:05,1.05,250,292000
20240219,10:35:36,1.05,250,292000
20240219,10:35:41,1.05,9000,292000
20240219,10:35:42,1.05,1500,292000
20240219,10:35:52,1.05,500,292000
20240219,10:36:02,1.05,50,292000
20240219,10:36:03,1.05,50,292000
20240219,10:36:21,1.05,50,292000
20240219,10:36:22,1.05,250,292000
20240219,10:36:41,1.05,50,292000
20240219,10:36:58,1.05,1800,281750
20240219,10:38:09,1.05,1300,281750
20240219,10:38:10,1.05,100,281750
20240219,10:38:11,1.05,1000,281750
20240219,10:38:20,1.05,1550,281750
20240219,10:38:43,1.05,50,281750
20240219,10:38:53,1.05,1500,281750
20240219,10:39:04,1.05,100,281750
20240219,10:41:05,1.05,6850,281750
20240219,10:41:51,1.05,1250,277300
20240219,10:43:11,1.05,100,274900
20240219,10:43:43,1.0,100,274900
20240219,10:46:28,1.05,14050,275000
20240219,10:46:33,1.1,150,275000
20240219,10:48:38,1.1,50,275000
20240219,10:51:26,1.1,50,278800
20240219,10:51:43,1.05,600,278800
20240219,10:51:56,1.05,150,278800
20240219,10:54:08,1.05,10150,278800
20240219,10:54:13,1.05,2400,278800
20240219,10:57:13,1.1,1000,278800
20240219,10:58:36,1.1,50,273700
20240219,10:58:42,1.1,9850,273700
20240219,10:58:47,1.1,250,273700
20240219,10:58:49,1.1,2800,273700
20240219,10:58:56,1.15,500,273700
20240219,10:59:02,1.1,250,273700
20240219,10:59:19,1.1,500,273700
20240219,10:59:24,1.1,500,273700
20240219,10:59:44,1.1,900,273700
20240219,10:59:50,1.15,1800,273700
20240219,10:59:51,1.15,14550,273700
20240219,10:59:52,1.15,8000,273700
20240219,10:59:55,1.15,50,273700
20240219,10:59:56,1.15,50,273700
20240219,10:59:57,1.15,50,273700
20240219,10:59:59,1.15,100,273700
20240219,11:00:05,1.15,50,273700
20240219,11:00:08,1.15,50,273700
20240219,11:00:09,1.15,50,273700
20240219,11:00:12,1.15,50,273700
20240219,11:00:18,1.15,50,273700
20240219,11:00:24,1.15,50,273700
20240219,11:00:34,1.15,100,273700
20240219,11:02:11,1.1,50,283300
20240219,11:03:43,1.1,850,283300
20240219,11:04:03,1.1,500,283300
20240219,11:04:13,1.1,4800,283250
20240219,11:04:13,1.1,750,283250
20240219,11:04:15,1.1,100,283250
20240219,11:04:22,1.1,50,283250
20240219,11:04:23,1.1,50,283250
20240219,11:05:12,1.1,100,283250
20240219,11:05:18,1.1,50,283250
20240219,11:07:06,1.05,50,283250
20240219,11:07:20,1.1,50,277650
20240219,11:07:36,1.05,50,277650
20240219,11:10:11,1.05,50,277650
20240219,11:13:33,1.05,1600,277650
20240219,11:13:33,1.05,7450,277650
20240219,11:13:34,1.05,100,277650
20240219,11:13:35,1.05,250,277650
20240219,11:13:36,1.05,50,277650
20240219,11:13:37,1.05,50,277650
20240219,11:13:44,1.05,50,277650
20240219,11:13:45,1.05,250,277650
20240219,11:14:10,1.05,250,277650
20240219,11:14:15,1.05,50,277650
20240219,11:14:24,1.05,250,277650
20240219,11:14:30,1.05,250,277650
20240219,11:14:40,1.05,250,277650
20240219,11:14:41,1.05,1800,277650
20240219,11:14:44,1.05,250,277650
20240219,11:14:45,1.05,12250,277650
20240219,11:14:55,1.1,250,277650
20240219,11:15:03,1.1,50,277650
20240219,11:15:19,1.1,350,277650
20240219,11:15:28,1.1,350,277650
20240219,11:15:32,1.1,350,277650
20240219,11:15:54,1.1,800,273950
20240219,11:16:42,1.1,450,273950
20240219,11:16:43,1.1,400,273950
20240219,11:16:45,1.1,1250,273950
20240219,11:16:45,1.1,3000,273950
20240219,11:16:46,1.1,5500,273950
20240219,11:16:49,1.1,250,273950
20240219,11:16:51,1.15,50,273950
20240219,11:16:59,1.1,500,273950
20240219,11:17:05,1.15,8650,273950
20240219,11:17:09,1.15,250,273950
20240219,11:17:23,1.2,50,273950
20240219,11:17:38,1.15,100,273950
20240219,11:17:41,1.15,50,273950
20240219,11:17:43,1.15,1850,273950
20240219,11:17:52,1.15,50,273950
20240219,11:18:25,1.15,50,273950
20240219,11:18:26,1.15,50,273950
20240219,11:18:35,1.15,50,273950
20240219,11:19:06,1.2,1800,283350
20240219,11:19:07,1.25,12250,283350
20240219,11:19:08,1.2,500,283350
20240219,11:19:12,1.2,250,283350
20240219,11:19:22,1.2,1000,283350
20240219,11:19:32,1.25,1800,283350
20240219,11:19:33,1.25,1800,283350
20240219,11:19:34,1.25,500,283350
20240219,11:19:35,1.2,1000,283350
20240219,11:19:36,1.25,100,283350
20240219,11:19:37,1.3,31550,283350
20240219,11:19:38,1.25,3700,283350
20240219,11:19:39,1.25,50,283350
20240219,11:19:43,1.25,950,283350
20240219,11:19:44,1.25,350,283350
20240219,11:19:46,1.25,300,283350
20240219,11:19:47,1.25,11500,283350
20240219,11:20:24,1.2,1000,283350
20240219,11:20:46,1.25,50,283350
20240219,11:20:57,1.2,500,283350
20240219,11:21:05,1.25,1250,283350
20240219,11:21:09,1.25,2800,283350
20240219,11:21:37,1.2,400,283350
20240219,11:21:38,1.2,1000,283350
20240219,11:21:39,1.2,600,283350
20240219,11:21:52,1.2,10450,283350
20240219,11:21:53,1.2,50,307700
20240219,11:22:23,1.15,300,307700
20240219,11:22:55,1.15,100,307700
20240219,11:22:57,1.15,500,307700
20240219,11:23:19,1.15,50,307700
20240219,11:23:29,1.2,500,307700
20240219,11:23:40,1.15,50,307700
20240219,11:24:16,1.15,1600,307700
20240219,11:24:17,1.15,50,307700
20240219,11:24:38,1.15,5150,307700
20240219,11:24:44,1.15,50,307700
20240219,11:24:58,1.15,4950,307700
20240219,11:25:01,1.15,50,304850
20240219,11:25:07,1.15,50,304850
20240219,11:25:08,1.15,50,304850
20240219,11:25:14,1.15,100,304850
20240219,11:25:35,1.2,150,304850
20240219,11:26:21,1.15,1900,304850
20240219,11:26:22,1.15,250,304850
20240219,11:26:24,1.15,1900,304850
20240219,11:26:27,1.15,50,304850
20240219,11:26:27,1.15,12700,304850
20240219,11:26:28,1.15,250,304850
20240219,11:26:30,1.1,1900,304850
20240219,11:26:33,1.1,100,304850
20240219,11:26:37,1.2,6300,304850
20240219,11:27:12,1.15,500,304850
20240219,11:27:16,1.15,4650,304850
20240219,11:27:25,1.2,28150,304850
20240219,11:28:05,1.15,500,324900
20240219,11:29:29,1.2,50,324900
20240219,11:30:38,1.15,14200,324900
20240219,11:30:39,1.15,350,324900
20240219,11:30:41,1.15,100,324900
20240219,11:30:44,1.15,50,324900
20240219,11:30:48,1.15,50,324900
20240219,11:31:00,1.15,50,324900
20240219,11:31:01,1.15,400,311500
20240219,11:32:04,1.15,100,311500
20240219,11:32:44,1.1,50,311500
20240219,11:32:59,1.15,250,311500
20240219,11:33:23,1.15,250,311500
20240219,11:33:53,1.15,250,311550
20240219,11:33:54,1.15,350,311550
20240219,11:33:58,1.15,250,311550
20240219,11:33:59,1.15,250,311550
20240219,11:34:01,1.15,1800,311550
20240219,11:34:03,1.15,600,311550
20240219,11:34:04,1.15,300,311550
20240219,11:34:06,1.15,6250,311550
20240219,11:34:07,1.15,8000,311550
20240219,11:34:20,1.1,900,311550
20240219,11:34:30,1.15,500,311550
20240219,11:34:44,1.1,100,311550
20240219,11:36:13,1.15,1800,311550
20240219,11:36:14,1.15,15100,311550
20240219,11:36:14,1.2,1800,311550
20240219,11:36:15,1.15,100,311550
20240219,11:36:16,1.15,50,311550
20240219,11:36:17,1.15,3450,311550
20240219,11:36:33,1.1,50,311550
20240219,11:36:34,1.15,1000,311550
20240219,11:36:35,1.15,1000,311550
20240219,11:36:36,1.15,1000,311550
20240219,11:37:08,1.15,50,311550
20240219,11:37:09,1.15,16250,304850
20240219,11:37:18,1.15,4700,304850
20240219,11:41:57,1.15,300,307550
20240219,11:42:25,1.15,50,307550
20240219,11:44:34,1.15,100,307550
20240219,11:44:36,1.1,100,307250
20240219,11:51:11,1.15,250,307250
20240219,11:51:50,1.15,9650,307250
20240219,11:51:51,1.15,50,307250
20240219,11:51:53,1.15,100,307250
20240219,11:52:29,1.15,4350,306850
20240219,11:52:30,1.15,1250,306850
20240219,11:52:35,1.15,5000,306850
20240219,11:52:37,1.15,50,306850
20240219,11:53:55,1.15,50,306850
20240219,11:54:00,1.2,2000,306850
20240219,11:56:51,1.15,1000,308350
20240219,11:58:52,1.15,1800,308350
20240219,11:59:28,1.2,100,308350
20240219,12:00:08,1.2,1800,308350
20240219,12:00:33,1.25,16850,308350
20240219,12:00:36,1.2,500,308350
20240219,12:00:45,1.2,500,308350
20240219,12:00:51,1.2,500,308350
20240219,12:01:03,1.2,15650,315750
20240219,12:01:04,1.2,3000,315750
20240219,12:02:05,1.15,500,315750
20240219,12:02:07,1.15,500,315750
20240219,12:02:12,1.15,100,315750
20240219,12:04:13,1.2,3350,307150
20240219,12:04:15,1.2,4650,307150
20240219,12:04:16,1.2,2850,307150
20240219,12:07:09,1.2,8950,307800
20240219,12:07:11,1.2,7100,307800
20240219,12:07:38,1.15,900,307800
20240219,12:07:43,1.2,700,307800
20240219,12:07:44,1.2,150,307800
20240219,12:07:54,1.2,500,307800
20240219,12:08:06,1.2,100,307800
20240219,12:08:17,1.2,50,307800
20240219,12:10:18,1.2,500,307800
20240219,12:12:29,1.2,50,313700
20240219,12:12:59,1.2,3600,313700
20240219,12:13:00,1.2,19250,314200
20240219,12:13:01,1.2,100,314200
20240219,12:13:03,1.2,50,314200
20240219,12:13:04,1.2,50,314200
20240219,12:13:06,1.2,100,314200
20240219,12:13:07,1.15,1800,314200
20240219,12:13:34,1.2,6550,314200
20240219,12:13:35,1.2,1800,314200
20240219,12:13:37,1.2,50,314200
20240219,12:13:41,1.2,9250,314200
20240219,12:13:42,1.2,50,314200
20240219,12:13:50,1.2,50,314200
20240219,12:14:08,1.2,250,314200
20240219,12:14:34,1.2,50,314200
20240219,12:15:01,1.2,1450,314200
20240219,12:15:03,1.2,50,314200
20240219,12:15:38,1.2,150,314200
20240219,12:16:49,1.25,700,314200
20240219,12:17:06,1.25,350,307100
20240219,12:17:11,1.25,1800,307100
20240219,12:17:12,1.3,5600,307100
20240219,12:17:40,1.25,11150,307100
20240219,12:18:11,1.25,5700,307100
20240219,12:18:39,1.3,1850,307100
20240219,12:18:50,1.25,50,307100
20240219,12:18:58,1.25,50,307100
20240219,12:18:59,1.25,100,307600
20240219,12:19:22,1.3,12750,307600
20240219,12:19:23,1.3,3200,307600
20240219,12:19:25,1.3,50,307600
20240219,12:20:06,1.3,50,307600
20240219,12:20:16,1.3,1200,307600
20240219,12:20:39,1.25,50,307600
20240219,12:20:46,1.25,50,307600
20240219,12:20:47,1.3,50,307600
20240219,12:20:55,1.25,1000,307600
20240219,12:21:44,1.3,50,307600
20240219,12:22:19,1.25,1000,317050
20240219,12:23:55,1.3,1600,317050
20240219,12:25:52,1.25,1000,314450
20240219,12:28:32,1.3,400,314450
20240219,12:28:42,1.3,500,315300
20240219,12:30:00,1.25,1000,315300
20240219,12:30:58,1.25,7750,315300
20240219,12:30:58,1.25,800,315300
20240219,12:31:00,1.25,250,315300
20240219,12:31:48,1.2,500,315900
20240219,12:32:13,1.25,250,315900
20240219,12:33:09,1.2,50,315900
20240219,12:34:28,1.25,10050,315900
20240219,12:34:29,1.25,50,312600
20240219,12:34:30,1.25,10650,312600
20240219,12:35:42,1.25,50,312600
20240219,12:36:00,1.25,250,312600
20240219,12:36:01,1.25,200,312600
20240219,12:36:09,1.25,3500,312600
20240219,12:36:10,1.25,5200,312600
20240219,12:36:38,1.25,8050,312600
20240219,12:36:39,1.25,150,312600
20240219,12:37:02,1.25,5650,314100
20240219,12:37:03,1.25,700,314100
20240219,12:37:05,1.25,100,314100
20240219,12:37:53,1.25,50,314100
20240219,12:38:59,1.25,3650,314100
20240219,12:39:00,1.25,150,314100
20240219,12:39:08,1.3,1000,314100
20240219,12:40:17,1.3,400,316650
20240219,12:40:44,1.3,50,316650
20240219,12:41:02,1.25,50,316650
20240219,12:41:45,1.3,50,316650
20240219,12:44:22,1.25,9550,317050
20240219,12:44:23,1.25,300,317050
20240219,12:44:24,1.25,950,317050
20240219,12:47:16,1.25,1000,317050
20240219,12:48:21,1.3,50,313400
20240219,12:51:01,1.2,11600,313300
20240219,12:51:01,1.25,300,313300
20240219,12:51:02,1.25,350,313300
20240219,12:51:03,1.25,300,313300
20240219,12:51:04,1.25,4600,313300
20240219,12:51:09,1.25,200,313300
20240219,12:51:14,1.3,50,313300
20240219,12:54:17,1.3,800,313300
20240219,12:59:13,1.25,4950,317000
20240219,12:59:14,1.25,2500,317000
20240219,12:59:15,1.25,3600,317000
20240219,12:59:16,1.3,50,317000
20240219,13:01:48,1.25,1000,317000
20240219,13:02:28,1.25,5700,317550
20240219,13:02:29,1.25,250,317550
20240219,13:02:30,1.25,350,317550
20240219,13:02:36,1.25,750,317550
20240219,13:02:42,1.25,5700,317550
20240219,13:02:55,1.25,100,317550
20240219,13:03:26,1.25,3850,317550
20240219,13:03:27,1.25,150,317550
20240219,13:03:36,1.25,3750,317550
20240219,13:03:50,1.25,1000,317550
20240219,13:04:06,1.25,13700,318300
20240219,13:04:08,1.25,4300,318300
20240219,13:04:10,1.25,50,318300
20240219,13:04:41,1.3,750,318300
20240219,13:04:43,1.25,8450,318300
20240219,13:04:44,1.25,50,318300
20240219,13:04:44,1.25,3650,318300
20240219,13:04:45,1.25,50,318300
20240219,13:04:47,1.25,100,318300
20240219,13:04:51,1.25,100,318300
20240219,13:04:56,1.25,50,318300
20240219,13:06:12,1.25,1000,318300
20240219,13:09:58,1.25,1000,319050
20240219,13:10:31,1.25,400,319050
20240219,13:11:27,1.3,1500,319050
20240219,13:11:28,1.3,6000,319050
20240219,13:11:29,1.3,30350,319050
20240219,13:11:30,1.35,1500,319050
20240219,13:11:32,1.3,10250,319050
20240219,13:11:33,1.3,3000,319050
20240219,13:11:34,1.3,3000,319050
20240219,13:11:35,1.3,7150,319050
20240219,13:11:36,1.35,1550,319050
20240219,13:11:37,1.3,50,319050
20240219,13:11:45,1.35,150,319050
20240219,13:11:46,1.35,1350,319050
20240219,13:11:51,1.35,1500,319050
20240219,13:11:54,1.35,100,319050
20240219,13:11:55,1.3,1400,319050
20240219,13:12:04,1.3,16800,319050
20240219,13:12:05,1.3,5500,319050
20240219,13:12:06,1.35,1500,319050
20240219,13:12:25,1.3,2000,319050
20240219,13:12:35,1.3,22000,319050
20240219,13:12:35,1.3,1500,319050
20240219,13:12:36,1.3,3300,319050
20240219,13:12:37,1.35,1500,319050
20240219,13:13:02,1.3,1150,319050
20240219,13:13:22,1.35,1800,345700
20240219,13:13:27,1.3,1000,345700
20240219,13:13:44,1.35,1300,345700
20240219,13:13:55,1.3,50,345700
20240219,13:14:19,1.3,1000,345700
20240219,13:14:38,1.35,50,345700
20240219,13:14:39,1.35,300,345700
20240219,13:15:04,1.35,50,345700
20240219,13:15:06,1.3,40950,345700
20240219,13:15:06,1.35,200,345700
20240219,13:15:07,1.35,900,345700
20240219,13:15:08,1.35,2150,345700
20240219,13:15:09,1.35,100,345700
20240219,13:15:11,1.35,50,345700
20240219,13:15:13,1.35,800,345700
20240219,13:15:16,1.35,50,345700
20240219,13:15:24,1.35,100,345700
20240219,13:15:26,1.3,27000,345700
20240219,13:15:26,1.3,2100,345700
20240219,13:15:27,1.3,50,345700
20240219,13:15:28,1.3,50,345700
20240219,13:15:29,1.25,1800,345700
20240219,13:15:30,1.3,1500,345700
20240219,13:15:32,1.3,250,345700
20240219,13:15:36,1.3,350,345700
20240219,13:15:38,1.3,1800,345700
20240219,13:15:50,1.2,20700,345700
20240219,13:15:51,1.25,50,345700
20240219,13:16:06,1.25,750,345700
20240219,13:16:26,1.25,7500,359800
20240219,13:16:27,1.25,850,359800
20240219,13:16:28,1.25,300,359800
20240219,13:16:29,1.25,6600,359800
20240219,13:16:51,1.25,300,359800
20240219,13:17:33,1.25,1800,359800
20240219,13:17:41,1.25,10700,359800
20240219,13:17:43,1.25,250,359800
20240219,13:17:45,1.25,15650,359800
20240219,13:18:03,1.25,1400,359800
20240219,13:18:40,1.25,5350,359800
20240219,13:18:41,1.25,400,359800
20240219,13:18:42,1.25,250,359800
20240219,13:23:42,1.25,17200,359800
20240219,13:24:11,1.25,5700,354650
20240219,13:24:11,1.25,250,354650
20240219,13:24:12,1.25,300,354650
20240219,13:24:13,1.25,250,354650
20240219,13:24:18,1.25,50,354650
20240219,13:25:20,1.25,250,354650
20240219,13:25:31,1.25,300,354650
20240219,13:25:51,1.25,50,354650
20240219,13:26:00,1.25,250,354650
20240219,13:26:52,1.25,9200,354650
20240219,13:26:57,1.25,7050,354650
20240219,13:26:59,1.25,250,354650
20240219,13:27:17,1.25,450,354650
20240219,13:28:06,1.25,300,354650
20240219,13:28:46,1.25,200,354150
20240219,13:28:49,1.25,100,354150
20240219,13:29:17,1.25,1800,354150
20240219,13:30:31,1.25,2100,354150
20240219,13:30:42,1.25,13300,354150
20240219,13:30:43,1.25,1800,354150
20240219,13:30:49,1.25,1800,354150
20240219,13:30:52,1.25,50,354150
20240219,13:32:02,1.25,500,358200
20240219,13:32:15,1.3,50,358200
20240219,13:32:39,1.25,250,358200
20240219,13:35:33,1.25,750,358200
20240219,13:35:47,1.3,50,358200
20240219,13:35:58,1.25,250,358200
20240219,13:36:18,1.25,250,358200
20240219,13:36:31,1.25,250,358200
20240219,13:36:34,1.25,1000,358200
20240219,13:36:50,1.25,250,358200
20240219,13:36:56,1.25,13150,358200
20240219,13:36:57,1.25,100,358200
20240219,13:37:00,1.25,50,358200
20240219,13:37:43,1.25,50,354450
20240219,13:38:26,1.25,100,354450
20240219,13:38:32,1.25,1200,354450
20240219,13:39:59,1.25,7100,354450
20240219,13:40:02,1.25,700,354450
20240219,13:40:08,1.25,350,354450
20240219,13:40:09,1.25,50,352950
20240219,13:40:55,1.25,50,352950
20240219,13:41:32,1.25,2000,352950
20240219,13:45:43,1.25,13950,352950
20240219,13:46:04,1.25,200,354500
20240219,13:46:49,1.3,2000,351100
20240219,13:47:06,1.25,1800,351100
20240219,13:47:07,1.25,1800,351100
20240219,13:47:08,1.25,1800,351100
20240219,13:47:09,1.25,1800,351100
20240219,13:47:10,1.25,13900,351100
20240219,13:47:11,1.2,1800,351100
20240219,13:47:12,1.2,1800,351100
20240219,13:47:13,1.2,1800,351100
20240219,13:47:14,1.2,1800,351100
20240219,13:47:16,1.2,1800,351100
20240219,13:47:26,1.25,50,351100
20240219,13:48:20,1.2,50,351100
20240219,13:51:43,1.25,1000,351100
20240219,13:51:44,1.25,450,342300
20240219,13:51:45,1.25,11550,342300
20240219,13:51:56,1.25,250,342300
20240219,13:52:10,1.3,150,342300
20240219,13:52:18,1.3,200,342300
20240219,13:52:35,1.25,17050,334200
20240219,13:52:38,1.25,100,334200
