date,time,tick_price,volume,open_interest
20240208,13:07:13,3.0,250,250
20240209,15:06:19,3.05,1,250
20240209,15:06:19,3.05,250,250
20240209,15:13:29,3.05,250,500
20240212,09:25:15,3.05,1,750
20240212,09:25:15,3.05,50,750
20240212,09:34:22,3.85,50,800
20240212,09:44:44,4.0,50,850
20240212,09:47:07,4.0,50,850
20240212,10:15:02,4.0,500,850
20240212,10:15:59,3.05,250,850
20240212,10:22:17,3.3,1000,1100
20240212,10:25:28,3.3,250,2100
20240212,10:26:18,3.3,250,2100
20240212,10:32:47,3.35,50,2350
20240212,10:33:47,3.35,50,2350
20240212,10:35:06,3.3,100,2450
20240212,10:35:16,3.55,400,2450
20240212,10:45:21,3.45,50,2900
20240212,10:46:09,3.1,50,2950
20240212,10:49:26,3.55,100,2900
20240212,11:33:55,3.55,150,2950
20240212,13:01:36,2.65,1350,2950
20240212,13:01:49,3.0,100,2950
20240212,13:54:48,3.25,100,2600
20240212,14:17:42,3.45,150,2600
20240212,14:40:29,3.3,100,2600
20240213,10:03:04,3.05,1,2600
20240213,10:03:04,3.05,50,2600
20240213,10:28:55,3.0,350,2550
20240213,10:33:50,3.0,150,2200
20240213,10:52:11,3.0,50,2050
20240213,10:57:00,3.0,50,2000
20240213,13:16:17,2.8,100,1950
20240214,11:58:36,2.8,1,1850
20240214,11:58:36,2.8,450,1850
20240214,12:06:58,2.8,50,1850
20240214,13:30:19,2.1,150,1850
20240214,13:54:12,1.95,50,1700
20240214,13:57:43,1.95,500,1700
20240214,14:01:43,2.55,250,1350
20240214,14:08:55,2.15,550,1350
20240214,14:09:10,2.45,300,1350
20240214,14:09:25,2.4,250,1350
20240215,09:52:08,2.4,1,850
20240215,09:52:08,2.4,50,850
20240215,10:07:03,3.0,50,900
20240215,10:17:48,3.0,50,900
20240215,10:20:15,2.6,50,900
20240215,10:38:12,2.4,100,900
20240215,10:42:20,2.4,50,900
20240215,10:51:04,1.85,50,900
20240215,11:22:51,1.85,300,900
20240215,15:25:14,2.0,50,600
20240215,15:25:31,2.3,50,600
20240215,15:25:41,2.3,100,600
20240216,09:37:10,2.0,1,550
20240216,09:37:10,2.0,300,550
20240221,09:15:03,2.0,1,850
20240221,09:15:03,2.0,100,850
20240221,10:45:07,1.75,50,950
20240221,10:45:40,1.5,50,950
20240221,11:15:28,1.5,100,950
20240221,11:16:05,1.6,100,950
20240221,12:32:05,1.2,50,1050
20240221,12:34:22,1.15,50,1050
20240222,09:16:15,1.15,1,950
20240222,09:16:15,1.15,150,950
20240222,09:44:06,1.45,100,1100
20240222,09:44:43,1.45,600,1100
20240222,10:11:40,1.0,150,1700
20240222,10:36:02,1.0,250,1700
20240222,11:50:15,1.0,50,1950
20240222,11:50:30,1.0,50,1950
20240222,11:50:38,1.0,100,1950
20240222,11:50:46,0.95,100,1950
20240222,11:51:29,0.7,300,1950
20240222,11:56:21,0.7,50,2000
20240222,11:56:36,0.7,250,2000
20240222,11:59:23,0.85,100,1750
20240222,12:14:16,0.9,50,1750
20240222,12:21:44,1.15,250,1750
20240222,12:26:07,1.1,50,1950
20240222,12:32:55,1.0,50,2000
20240222,12:33:27,0.8,50,2000
20240222,12:39:29,1.05,50,1950
20240222,13:05:54,1.0,50,1950
20240222,13:06:23,0.95,50,1950
20240222,13:15:28,0.8,100,2050
20240222,13:26:38,0.9,50,2000
20240222,13:26:45,0.75,50,2000
20240222,13:28:03,0.8,50,2000
20240222,13:38:26,0.95,50,1950
20240222,15:17:47,1.2,950,2000
20240222,15:22:17,1.3,1550,1650
20240222,15:24:10,0.75,1550,3200
20240222,15:24:28,0.95,150,3200
20240222,15:28:00,1.2,50,2050
20240222,15:28:10,1.2,50,2050
20240222,15:28:20,1.2,250,2050
20240222,15:28:40,1.2,400,2050
20240222,15:29:00,1.2,250,2150
20240222,15:29:31,1.15,500,2150
20240222,15:30:02,1.15,350,2150
20240223,09:15:03,1.05,1,3250
20240223,09:15:03,1.05,200,3250
20240223,09:15:05,1.1,2700,3250
20240223,09:15:07,0.1,50,3250
20240223,09:15:23,1.0,50,3250
20240223,09:15:29,0.95,50,3250
20240223,09:15:59,0.95,50,5500
20240223,09:16:16,0.95,100,5500
20240223,09:16:20,0.95,50,5500
20240223,09:16:24,0.9,250,5500
20240223,09:16:49,0.95,150,5500
20240223,09:17:11,0.85,750,5500
20240223,09:17:18,0.95,50,5500
20240223,09:17:44,0.9,50,5500
20240223,09:18:22,0.85,50,5500
20240223,09:18:23,0.85,50,5500
20240223,09:18:29,0.85,50,5500
20240223,09:19:06,0.85,50,5200
20240223,09:19:09,0.85,50,5200
20240223,09:19:11,0.85,50,5200
20240223,09:19:18,0.85,50,5200
20240223,09:19:19,0.85,50,5200
20240223,09:20:32,0.8,1150,5200
20240223,09:20:36,0.8,500,5200
20240223,09:20:39,0.8,50,5200
20240223,09:20:40,0.8,100,5200
20240223,09:20:41,0.8,100,5200
20240223,09:20:42,0.8,100,5200
20240223,09:21:05,0.8,650,5200
20240223,09:21:06,0.75,50,5200
20240223,09:21:11,0.8,300,5200
20240223,09:23:02,0.75,700,7450
20240223,09:23:09,0.75,100,7450
20240223,09:23:11,0.75,100,7450
20240223,09:23:14,0.75,50,7450
20240223,09:23:16,0.75,50,7450
20240223,09:23:18,0.75,50,7450
20240223,09:23:21,0.75,300,7450
20240223,09:23:56,0.8,50,7450
20240223,09:24:13,0.8,50,7450
20240223,09:24:37,0.75,50,7450
20240223,09:25:12,0.8,300,7450
20240223,09:25:23,0.8,50,8400
20240223,09:25:32,0.8,50,8400
20240223,09:28:16,0.8,250,8400
20240223,09:31:27,0.75,1000,8550
20240223,09:31:29,0.75,100,8550
20240223,09:33:42,0.7,300,8550
20240223,09:33:56,0.7,50,8550
20240223,09:34:05,0.75,50,9000
20240223,09:34:50,0.7,50,9000
20240223,09:36:08,0.7,250,9000
20240223,09:36:37,0.75,150,9000
20240223,09:38:57,0.75,1800,9000
20240223,09:39:57,0.75,300,8850
20240223,09:41:01,0.75,50,9350
20240223,09:42:16,0.75,50,9350
20240223,09:42:39,0.75,50,9350
20240223,09:45:02,0.8,550,9350
20240223,09:45:03,0.8,50,9050
20240223,09:45:04,0.8,50,9050
20240223,09:45:10,0.9,2150,9050
20240223,09:45:12,0.9,1850,9050
20240223,09:45:12,0.9,900,9050
20240223,09:45:13,0.95,850,9050
20240223,09:45:33,0.9,50,9050
20240223,09:45:35,0.9,50,9050
20240223,09:45:46,0.85,650,9050
20240223,09:45:46,0.85,50,9050
20240223,09:45:48,0.85,100,11800
20240223,09:45:50,0.85,50,11800
20240223,09:45:51,0.85,100,11800
20240223,09:45:54,0.95,3000,11800
20240223,09:48:05,0.95,50,11800
20240223,09:49:05,0.95,3100,11800
20240223,09:49:07,1.0,2300,14200
20240223,09:49:08,1.1,1950,14200
20240223,09:49:12,1.1,50,14200
20240223,09:49:15,0.95,150,14200
20240223,09:49:24,1.1,100,14200
20240223,09:50:01,1.0,50,14200
20240223,09:50:19,1.0,50,14200
20240223,09:50:24,1.0,50,14200
20240223,09:50:25,1.0,50,14200
20240223,09:50:35,1.05,1600,14200
20240223,09:52:14,0.95,50,14200
20240223,09:52:29,0.95,1800,22050
20240223,09:52:31,1.05,300,22050
20240223,09:53:23,0.95,850,22050
20240223,09:53:24,0.95,550,22050
20240223,09:55:28,0.9,250,22050
20240223,09:56:23,0.95,1800,23850
20240223,09:56:36,0.95,50,23850
20240223,09:56:43,0.95,1950,23850
20240223,09:56:44,0.95,50,23850
20240223,09:56:59,0.95,1100,23850
20240223,09:57:01,1.0,1900,23850
20240223,09:57:09,0.95,300,23850
20240223,09:57:48,0.95,50,23850
20240223,09:58:31,1.05,50,25800
20240223,09:58:54,0.95,700,25800
20240223,09:58:55,0.95,850,25800
20240223,09:59:04,0.95,1000,25800
20240223,10:06:21,1.0,50,25850
20240223,10:06:39,1.0,50,25850
20240223,10:06:45,1.0,50,25850
20240223,10:07:05,1.0,2150,26000
20240223,10:07:11,1.05,3950,26000
20240223,10:07:12,1.05,2150,26000
20240223,10:07:13,1.1,1650,26000
20240223,10:07:26,1.05,850,26000
20240223,10:07:27,1.1,1000,26000
20240223,10:07:47,1.1,50,26000
20240223,10:07:48,1.1,50,26000
20240223,10:08:02,1.1,50,26000
20240223,10:08:03,1.1,50,26000
20240223,10:09:49,1.05,250,26000
20240223,10:09:50,1.05,50,26000
20240223,10:09:51,1.05,100,26000
20240223,10:10:16,1.0,50,36200
20240223,10:10:58,1.0,600,36200
20240223,10:11:02,1.0,800,36200
20240223,10:11:05,1.0,200,36200
20240223,10:11:07,1.0,200,36200
20240223,10:11:09,1.0,200,36200
20240223,10:11:14,1.0,200,36200
20240223,10:11:38,1.0,150,36200
20240223,10:11:40,1.0,300,36200
20240223,10:11:42,1.0,500,36200
20240223,10:11:47,1.0,50,36200
20240223,10:11:56,1.0,100,36200
20240223,10:12:09,0.95,350,36200
20240223,10:13:04,0.95,500,36200
20240223,10:13:05,0.95,50,36500
20240223,10:14:54,0.95,1850,36500
20240223,10:15:16,1.0,400,36500
20240223,10:15:20,1.0,1800,36500
20240223,10:15:22,1.0,3400,36500
20240223,10:15:22,1.05,3700,36500
20240223,10:15:25,1.05,1000,36500
20240223,10:15:55,1.05,50,36500
20240223,10:15:59,1.0,200,43400
20240223,10:15:59,1.0,800,43400
20240223,10:16:00,1.0,50,43400
20240223,10:16:01,1.0,200,43400
20240223,10:16:10,1.05,50,43400
20240223,10:16:15,1.05,50,43400
20240223,10:16:36,1.05,200,43400
20240223,10:16:36,1.05,600,43400
20240223,10:16:49,1.05,700,43400
20240223,10:18:12,1.0,7300,43400
20240223,10:18:13,0.95,400,43400
20240223,10:18:26,1.0,1900,43400
20240223,10:18:36,1.0,1800,43400
20240223,10:19:01,1.0,1500,43400
20240223,10:19:17,1.0,1200,47450
20240223,10:19:26,0.95,50,47450
20240223,10:20:08,1.0,50,47450
20240223,10:22:00,1.0,50,47450
20240223,10:22:33,1.0,50,47450
20240223,10:22:35,1.0,1000,47450
20240223,10:22:45,0.95,800,47450
20240223,10:23:29,1.0,50,47450
20240223,10:23:51,0.95,1200,47450
20240223,10:24:32,1.0,50,47450
20240223,10:25:05,0.95,450,47800
20240223,10:25:14,0.95,1000,47800
20240223,10:25:39,0.95,200,47800
20240223,10:25:43,0.95,200,47800
20240223,10:26:05,0.95,600,47800
20240223,10:26:21,0.95,1200,47800
20240223,10:26:33,0.95,100,47800
20240223,10:27:26,0.85,12600,47800
20240223,10:27:32,0.9,50,47800
20240223,10:28:18,0.9,50,47800
20240223,10:28:34,0.9,1500,49550
20240223,10:28:43,0.9,100,49550
20240223,10:29:14,0.9,50,49550
20240223,10:29:29,0.85,50,49550
20240223,10:29:53,0.85,1800,49550
20240223,10:30:13,0.85,800,49550
20240223,10:30:16,0.85,650,49550
20240223,10:30:59,0.9,50,49550
20240223,10:31:38,0.85,50,46600
20240223,10:31:40,0.85,50,46600
20240223,10:31:41,0.85,50,46600
20240223,10:31:42,0.85,500,46600
20240223,10:31:43,0.85,50,46600
20240223,10:33:18,0.85,50,46600
20240223,10:33:26,0.85,50,46600
20240223,10:34:39,0.8,50,46600
20240223,10:34:51,0.8,50,46900
20240223,10:39:25,0.8,350,46900
20240223,10:40:15,0.8,50,46900
20240223,10:42:28,0.85,800,46700
20240223,10:42:33,0.85,50,46700
20240223,10:42:53,0.8,100,46700
20240223,10:48:18,0.85,250,46250
20240223,10:50:48,0.85,450,46250
20240223,10:51:52,0.8,50,46250
20240223,10:52:40,0.85,250,46250
20240223,10:52:56,0.8,650,46650
20240223,10:57:50,0.85,1800,46650
20240223,10:58:01,0.85,1800,46150
20240223,10:58:56,0.85,1400,47500
20240223,11:05:59,0.9,100,49300
20240223,11:06:14,0.9,800,49300
20240223,11:06:16,0.9,1250,49300
20240223,11:06:59,0.95,1300,49300
20240223,11:08:09,1.0,50,51450
20240223,11:08:11,0.95,1400,51450
20240223,11:08:12,0.95,50,51450
20240223,11:08:13,0.95,50,51450
20240223,11:08:14,0.95,50,51450
20240223,11:08:19,0.9,1800,51450
20240223,11:08:49,0.95,50,51450
20240223,11:09:13,0.95,100,51450
20240223,11:09:14,0.95,700,51450
20240223,11:09:46,0.9,1150,51450
20240223,11:09:50,0.9,50,51450
20240223,11:09:56,0.9,50,51450
20240223,11:10:07,0.95,1500,51450
20240223,11:10:16,0.85,50,52200
20240223,11:12:21,0.85,50,52200
20240223,11:13:14,0.95,50,52200
20240223,11:14:49,0.85,1500,53450
20240223,11:15:14,0.9,150,53450
20240223,11:15:32,0.9,150,53450
20240223,11:17:55,0.9,50,53450
20240223,11:18:27,0.9,50,52400
20240223,11:28:39,0.9,50,52350
20240223,11:29:32,0.9,50,52350
20240223,11:29:47,0.9,100,52350
20240223,11:31:30,0.85,50,52400
20240223,11:31:56,0.9,50,52400
20240223,11:34:30,0.85,50,52400
20240223,11:44:47,0.85,200,52350
20240223,11:49:17,0.85,50,52350
20240223,11:58:35,0.85,50,52100
20240223,12:01:27,0.85,450,52100
20240223,12:02:55,0.9,50,52050
20240223,12:07:30,0.85,2350,52050
20240223,12:07:42,0.8,250,51650
20240223,12:08:15,0.8,50,51650
20240223,12:08:20,0.85,50,51650
20240223,12:08:27,0.85,50,51650
20240223,12:08:43,0.85,50,51650
20240223,12:20:30,0.8,50,51650
20240223,12:26:34,0.85,250,53900
20240223,12:39:28,0.8,50,54150
20240223,12:40:51,0.85,50,54100
20240223,12:44:05,0.8,50,54100
20240223,12:49:34,0.8,800,54100
20240223,12:49:36,0.8,1600,54100
20240223,12:49:37,0.75,500,54100
20240223,12:49:39,0.75,50,54100
20240223,12:49:39,0.75,100,54100
20240223,12:49:41,0.75,50,54100
20240223,12:49:42,0.75,100,54100
20240223,12:49:44,0.75,100,54100
20240223,12:50:45,0.75,50,54100
20240223,12:51:26,0.75,50,54100
20240223,12:52:41,0.8,200,54050
20240223,12:59:09,0.75,1150,54050
20240223,12:59:29,0.75,850,54250
20240223,13:03:12,0.75,350,54250
20240223,13:04:37,0.75,50,54850
20240223,13:04:54,0.75,50,55200
20240223,13:05:10,0.75,50,55200
20240223,13:05:20,0.7,50,55200
20240223,13:05:28,0.75,50,55200
20240223,13:05:29,0.75,50,55200
20240223,13:05:30,0.7,50,55200
20240223,13:05:44,0.7,50,55200
20240223,13:07:01,0.75,250,55200
20240223,13:11:37,0.7,5700,55200
20240223,13:11:43,0.7,1050,55550
20240223,13:12:52,0.7,100,55550
20240223,13:13:54,0.7,100,56850
20240223,13:14:13,0.7,150,56850
20240223,13:14:50,0.7,100,56850
20240223,13:14:55,0.65,100,56850
20240223,13:20:18,0.7,100,56850
20240223,13:20:23,0.7,1450,56500
20240223,13:20:24,0.7,100,56500
20240223,13:23:45,0.7,50,56500
20240223,13:25:05,0.7,50,57150
20240223,13:25:16,0.65,50,57150
20240223,13:33:04,0.65,50,57150
20240223,13:33:30,0.65,100,57150
20240223,13:35:46,0.7,50,57150
20240223,13:37:17,0.7,500,57150
20240223,13:39:22,0.7,50,57150
20240223,13:41:53,0.7,100,56600
20240223,13:42:08,0.7,50,56600
20240223,13:44:21,0.75,50,56550
20240223,13:51:49,0.7,750,56550
20240223,13:51:50,0.65,3700,56550
20240223,14:07:42,0.7,600,56550
20240223,14:10:38,0.75,1600,52900
20240223,14:11:22,0.75,600,52900
20240223,14:19:09,0.7,50,51350
20240223,14:23:09,0.65,100,51350
20240223,14:26:53,0.65,1000,51350
20240223,14:35:07,0.75,50,51350
20240223,14:38:40,0.65,50,50350
20240223,14:40:59,0.85,1800,50350
20240223,14:40:59,0.85,800,50300
20240223,14:41:20,0.7,1700,50300
20240223,14:41:42,0.7,50,50300
20240223,14:41:55,0.65,2600,50300
20240223,14:46:25,0.7,50,50300
20240223,14:53:51,0.7,50,50050
20240223,14:54:18,0.7,50,50100
20240223,14:54:21,0.65,50,50100
20240223,15:01:10,0.65,50,50100
20240223,15:01:43,0.65,100,50050
20240223,15:02:42,0.7,50,50050
20240223,15:05:08,0.7,50,50100
20240223,15:08:12,0.75,50,50150
20240223,15:08:33,0.75,200,50150
20240223,15:09:38,0.7,2300,50150
20240223,15:10:00,0.7,300,50150
20240223,15:10:30,0.65,1800,50150
20240223,15:10:46,0.65,1400,50150
20240223,15:12:16,0.65,7500,48950
20240223,15:12:21,0.65,50,48950
20240223,15:12:31,0.65,50,48950
20240223,15:13:02,0.6,50,48950
20240223,15:13:21,0.65,50,48950
20240223,15:13:57,0.65,100,48500
20240223,15:14:23,0.65,50,48500
20240223,15:14:40,0.65,250,48500
20240223,15:14:47,0.65,550,48500
20240223,15:15:18,0.65,50,48500
20240223,15:15:22,0.65,50,48500
20240223,15:19:11,0.65,100,48500
20240223,15:19:15,0.65,600,48600
20240223,15:19:23,0.65,900,48600
20240223,15:19:34,0.7,100,48600
20240223,15:20:38,0.65,250,48600
20240223,15:21:03,0.6,3100,48600
20240223,15:22:09,0.6,100,48600
20240223,15:22:14,0.6,1800,48600
20240223,15:22:17,0.6,50,48600
20240223,15:22:34,0.6,50,48600
20240223,15:23:37,0.65,50,47050
20240223,15:24:42,0.6,100,47050
20240223,15:25:00,0.6,1200,47050
20240223,15:25:21,0.6,2200,47050
20240223,15:25:32,0.55,900,47050
20240223,15:25:33,0.5,100,47050
20240223,15:25:34,0.5,150,47050
20240223,15:25:48,0.5,100,47050
20240223,15:25:52,0.5,100,48550
20240223,15:26:20,0.5,50,48550
20240223,15:28:36,0.55,350,48550
20240223,15:29:30,0.5,100,48200
20240226,09:15:01,0.65,1,48200
20240226,09:15:01,0.65,200,48200
20240226,09:15:02,0.65,50,48200
20240226,09:15:04,0.65,250,48200
20240226,09:15:14,0.6,100,48200
20240226,09:15:15,0.6,550,48200
20240226,09:18:41,0.5,250,48200
20240226,09:18:50,0.5,300,48300
20240226,09:19:06,0.5,250,48300
20240226,09:19:10,0.5,200,48300
20240226,09:20:56,0.45,50,48300
20240226,09:22:47,0.45,50,48200
20240226,09:23:52,0.5,50,48200
20240226,09:24:00,0.5,50,48200
20240226,09:26:00,0.5,50,48200
20240226,09:26:08,0.5,50,48200
20240226,09:26:29,0.5,400,48200
20240226,09:26:38,0.55,50,48200
20240226,09:26:41,0.45,250,48200
20240226,09:26:43,0.5,1050,48200
20240226,09:26:46,0.5,50,48200
20240226,09:26:48,0.5,50,48200
20240226,09:26:48,0.5,200,48200
20240226,09:26:52,0.5,250,48200
20240226,09:26:53,0.5,50,48200
20240226,09:26:54,0.5,850,48200
20240226,09:27:43,0.45,50,48200
20240226,09:27:52,0.45,50,48200
20240226,09:28:38,0.45,100,48050
20240226,09:29:21,0.45,50,48050
20240226,09:29:32,0.5,50,48050
20240226,09:29:49,0.45,50,48050
20240226,09:29:50,0.45,50,48050
20240226,09:31:40,0.45,100,48050
20240226,09:32:40,0.5,50,48350
20240226,09:33:02,0.5,300,48350
20240226,09:37:22,0.45,350,48600
20240226,09:37:24,0.4,150,48600
20240226,09:37:26,0.45,50,48600
20240226,09:37:27,0.45,100,48600
20240226,09:37:49,0.45,1250,48600
20240226,09:37:49,0.45,50,48600
20240226,09:38:08,0.45,1800,48600
20240226,09:38:09,0.4,4450,48600
20240226,09:38:18,0.45,50,48600
20240226,09:39:08,0.4,2300,48600
20240226,09:39:08,0.35,3600,48600
20240226,09:39:24,0.35,50,48600
20240226,09:39:48,0.35,1050,48600
20240226,09:39:49,0.4,50,48800
20240226,09:39:51,0.4,50,48800
20240226,09:40:03,0.35,1800,48800
20240226,09:40:06,0.4,200,48800
20240226,09:40:34,0.4,50,48800
20240226,09:40:42,0.4,500,48800
20240226,09:41:59,0.4,50,48800
20240226,09:42:23,0.4,150,48800
20240226,09:43:50,0.4,50,48100
20240226,09:44:21,0.4,1000,48100
20240226,09:44:28,0.4,50,48100
20240226,09:44:51,0.4,50,48100
20240226,09:45:02,0.35,2050,48100
20240226,09:45:50,0.4,50,48100
20240226,09:45:59,0.35,1800,48050
20240226,09:46:08,0.35,100,48050
20240226,09:46:16,0.4,200,48050
20240226,09:46:39,0.4,50,48050
20240226,09:46:44,0.4,600,48050
20240226,09:46:45,0.4,1150,48050
20240226,09:47:37,0.4,50,48050
20240226,09:48:26,0.4,800,48050
20240226,09:52:12,0.35,250,48050
20240226,09:53:08,0.35,300,46300
20240226,09:56:32,0.35,250,46300
20240226,09:56:44,0.4,50,46300
20240226,09:57:29,0.35,50,46300
20240226,09:57:40,0.35,50,46300
20240226,09:57:49,0.35,250,46300
20240226,09:58:43,0.35,1800,46300
20240226,09:58:44,0.35,250,46300
20240226,09:59:05,0.35,1800,46300
20240226,09:59:35,0.35,50,46300
20240226,09:59:45,0.35,1800,46300
20240226,10:00:02,0.4,50,46300
20240226,10:00:03,0.35,5400,46300
20240226,10:00:09,0.35,50,46300
20240226,10:00:22,0.35,250,46300
20240226,10:01:06,0.35,1800,49350
20240226,10:02:09,0.35,1800,49350
20240226,10:02:30,0.35,1850,49350
20240226,10:02:55,0.35,200,49350
20240226,10:03:51,0.35,1000,52950
20240226,10:04:45,0.3,200,52950
20240226,10:05:04,0.3,200,52950
20240226,10:09:22,0.3,50,52950
20240226,10:09:23,0.35,50,53150
20240226,10:09:30,0.3,1800,53150
20240226,10:09:54,0.35,50,54950
20240226,10:10:48,0.3,50,54950
20240226,10:12:37,0.3,3500,54950
20240226,10:16:16,0.35,50,54950
20240226,10:17:14,0.35,50,54950
20240226,10:17:31,0.35,50,54950
20240226,10:18:16,0.3,1800,54950
20240226,10:21:26,0.35,100,56750
20240226,10:22:33,0.35,50,56750
20240226,10:22:40,0.35,100,56750
20240226,10:22:46,0.3,50,56750
20240226,10:23:32,0.35,50,56750
20240226,10:24:42,0.3,50,56750
20240226,10:28:14,0.35,50,56750
20240226,10:28:36,0.3,50,56750
20240226,10:29:03,0.35,700,56750
20240226,10:29:04,0.35,1800,56750
20240226,10:29:22,0.3,1800,56750
20240226,10:30:13,0.35,50,56750
20240226,10:30:26,0.3,1800,56750
20240226,10:31:31,0.35,50,56750
20240226,10:36:23,0.35,100,60500
20240226,10:40:06,0.3,1800,60500
20240226,10:40:48,0.35,50,60500
20240226,10:42:19,0.35,50,60500
20240226,10:44:21,0.35,150,62300
20240226,10:46:13,0.3,50,62300
20240226,10:46:23,0.3,50,62300
20240226,10:48:01,0.3,1800,62300
20240226,10:48:54,0.3,1800,62300
20240226,10:48:55,0.3,1800,62300
20240226,10:48:56,0.3,4000,63750
20240226,10:49:58,0.3,1000,63750
20240226,10:52:52,0.25,100,63750
20240226,10:53:35,0.25,50,61850
20240226,10:59:29,0.25,5400,61850
20240226,11:01:48,0.3,500,61850
20240226,11:02:31,0.3,250,66000
20240226,11:03:22,0.25,1800,66000
20240226,11:04:43,0.3,50,67850
20240226,11:05:39,0.3,50,67850
20240226,11:06:22,0.3,1800,67850
20240226,11:10:38,0.3,400,67850
20240226,11:13:33,0.25,50,68950
20240226,11:14:15,0.3,350,68950
20240226,11:15:25,0.25,1800,68950
20240226,11:16:43,0.3,150,68950
20240226,11:17:55,0.25,1800,70700
20240226,11:19:13,0.3,1800,70700
20240226,11:22:40,0.3,250,71200
20240226,11:24:12,0.3,1450,71200
20240226,11:24:43,0.3,500,71200
20240226,11:28:14,0.3,250,71200
20240226,11:29:06,0.25,50,71200
20240226,11:30:30,0.3,600,71200
20240226,11:32:49,0.3,1200,71200
20240226,11:33:51,0.3,1050,71200
20240226,11:33:59,0.3,50,71200
20240226,11:35:23,0.3,50,71200
20240226,11:36:57,0.25,50,71200
20240226,11:37:40,0.3,50,71200
20240226,11:45:25,0.25,1800,71200
20240226,11:45:26,0.25,1800,71200
20240226,11:46:21,0.25,1800,71200
20240226,11:49:23,0.3,200,74800
20240226,11:52:08,0.25,250,76600
20240226,11:52:55,0.3,50,76600
20240226,11:53:07,0.3,50,76600
20240226,11:53:19,0.3,50,76600
20240226,11:53:28,0.25,50,76600
20240226,11:53:37,0.25,50,76600
20240226,11:53:46,0.25,50,76600
20240226,11:54:40,0.25,1800,76600
20240226,11:55:01,0.25,1800,76600
20240226,11:55:25,0.25,1800,80200
20240226,11:56:03,0.25,3600,80200
20240226,11:56:04,0.2,3250,80200
20240226,11:56:05,0.2,1850,80200
20240226,11:57:19,0.2,350,80200
20240226,11:57:53,0.25,1800,80200
20240226,11:57:55,0.25,1800,80200
20240226,11:57:57,0.25,1800,80200
20240226,11:58:51,0.25,100,80200
20240226,12:02:31,0.25,2350,89200
20240226,12:03:48,0.25,350,89200
20240226,12:04:03,0.2,1800,89200
20240226,12:04:38,0.25,50,89200
20240226,12:09:51,0.25,50,90800
20240226,12:10:49,0.25,50,90800
20240226,12:11:29,0.2,1800,90800
20240226,12:13:00,0.25,700,90800
20240226,12:13:00,0.25,1800,90800
20240226,12:13:22,0.2,1800,90800
20240226,12:13:43,0.25,50,93250
20240226,12:13:52,0.2,1800,93250
20240226,12:14:32,0.25,8500,93250
20240226,12:15:00,0.25,100,93250
20240226,12:15:01,0.25,150,93250
20240226,12:15:03,0.25,5400,93250
20240226,12:16:05,0.25,1800,93250
20240226,12:17:16,0.25,1800,93250
20240226,12:18:26,0.3,1200,99800
20240226,12:18:57,0.25,1800,99800
20240226,12:19:04,0.25,3600,99800
20240226,12:19:04,0.2,3300,99800
20240226,12:19:05,0.2,1800,99800
20240226,12:19:06,0.2,1800,99800
20240226,12:21:04,0.2,1800,99800
20240226,12:21:10,0.25,1800,111800
20240226,12:21:52,0.2,100,111800
20240226,12:22:41,0.25,1800,113750
20240226,12:23:28,0.2,3600,113750
20240226,12:24:31,0.25,50,113750
20240226,12:24:34,0.2,50,113750
20240226,12:27:13,0.25,50,117350
20240226,12:28:03,0.2,1800,117350
20240226,12:29:53,0.2,1800,119150
20240226,12:31:11,0.25,2350,120950
20240226,12:31:25,0.25,300,120950
20240226,12:31:31,0.25,400,120950
20240226,12:31:32,0.25,1050,120950
20240226,12:38:16,0.3,50,123300
20240226,12:38:21,0.25,50,123300
20240226,12:39:03,0.25,1800,123300
20240226,12:39:13,0.25,1650,123300
20240226,12:40:55,0.25,50,122750
20240226,12:42:05,0.25,50,122750
20240226,12:44:25,0.25,500,122750
20240226,12:45:35,0.25,50,122750
20240226,12:47:30,0.2,50,122750
20240226,12:47:31,0.25,150,122750
20240226,12:54:46,0.25,50,122750
20240226,12:54:49,0.2,50,122750
20240226,12:55:10,0.25,50,122750
20240226,12:55:49,0.2,1800,122750
20240226,12:56:49,0.25,50,122750
20240226,12:57:15,0.25,50,122750
20240226,12:57:18,0.25,50,122750
20240226,12:58:04,0.2,1800,122750
20240226,12:58:25,0.25,250,122750
20240226,13:00:55,0.25,250,126350
20240226,13:04:53,0.25,50,126350
20240226,13:04:56,0.2,50,126350
20240226,13:05:11,0.25,250,126350
20240226,13:06:42,0.2,1800,126350
20240226,13:08:06,0.25,50,126350
20240226,13:10:22,0.25,100,128150
20240226,13:10:42,0.2,1800,128150
20240226,13:11:11,0.25,250,128150
20240226,13:13:14,0.25,1800,128150
20240226,13:13:15,0.25,1800,128150
20240226,13:13:16,0.25,1800,128150
20240226,13:13:17,0.25,1800,128150
20240226,13:13:19,0.25,1800,131800
20240226,13:13:20,0.25,1800,131800
20240226,13:13:21,0.25,1800,131800
20240226,13:13:23,0.25,1800,131800
20240226,13:13:24,0.25,1800,131800
20240226,13:13:25,0.25,1800,131800
20240226,13:13:26,0.25,1800,131800
20240226,13:13:27,0.25,1550,131800
20240226,13:17:07,0.3,1800,131800
20240226,13:17:49,0.25,350,132650
20240226,13:20:25,0.3,50,131400
20240226,13:23:22,0.25,250,131400
20240226,13:23:35,0.25,250,131400
20240226,13:26:43,0.25,250,131400
20240226,13:27:30,0.3,50,130900
20240226,13:27:32,0.25,250,130900
20240226,13:29:15,0.3,50,130400
20240226,13:29:59,0.25,100,130400
20240226,13:30:49,0.25,250,130400
20240226,13:31:48,0.25,250,130400
20240226,13:39:08,0.25,250,130050
20240226,13:49:06,0.3,50,129550
20240226,13:52:04,0.25,50,129550
20240226,13:52:23,0.3,50,129550
20240226,13:54:29,0.25,50,129500
20240226,13:54:46,0.25,50,129500
20240226,13:59:54,0.3,50,129400
20240226,13:59:56,0.25,50,129400
20240226,14:02:53,0.25,50,129400
20240226,14:03:47,0.3,800,129350
20240226,14:04:38,0.25,2400,129350
20240226,14:08:54,0.3,3600,129300
20240226,14:09:06,0.3,200,128150
20240226,14:11:01,0.25,250,128150
20240226,14:11:58,0.3,50,128150
20240226,14:12:00,0.25,50,128150
20240226,14:12:11,0.3,50,128150
20240226,14:13:32,0.25,50,128150
20240226,14:18:07,0.3,200,128150
20240226,14:21:03,0.25,200,128150
20240226,14:21:59,0.25,500,128150
20240226,14:23:40,0.3,50,128150
20240226,14:23:43,0.3,1800,128150
20240226,14:24:16,0.25,50,128150
20240226,14:25:21,0.3,1800,128150
20240226,14:25:38,0.3,1050,126400
20240226,14:26:50,0.3,1800,126400
20240226,14:26:52,0.3,2700,126400
20240226,14:28:03,0.3,100,126400
20240226,14:28:11,0.3,50,126400
20240226,14:28:13,0.25,50,126400
20240226,14:28:25,0.3,1800,126400
20240226,14:28:31,0.3,1150,125700
20240226,14:32:28,0.3,50,125700
20240226,14:32:32,0.25,50,122400
20240226,14:33:06,0.3,50,122400
20240226,14:33:12,0.3,50,122400
20240226,14:33:36,0.25,50,122400
20240226,14:33:42,0.25,400,122400
20240226,14:37:08,0.25,50,122400
20240226,14:39:52,0.25,250,122400
20240226,14:39:53,0.25,300,122350
20240226,14:40:01,0.25,100,122350
20240226,14:41:40,0.3,50,122350
20240226,14:42:58,0.3,50,121700
20240226,14:43:02,0.25,50,121700
20240226,14:47:22,0.25,250,121650
20240226,14:48:55,0.25,250,121650
20240226,14:50:40,0.25,250,121150
20240226,14:51:02,0.25,250,121150
20240226,14:52:16,0.3,50,121150
20240226,14:52:19,0.25,50,121150
20240226,14:53:16,0.25,250,121100
20240226,14:54:07,0.3,50,121100
20240226,14:55:56,0.25,50,121100
20240226,14:58:10,0.25,150,121100
20240226,15:00:48,0.3,50,121100
20240226,15:00:51,0.25,50,121100
20240226,15:03:27,0.3,50,121100
20240226,15:03:29,0.25,50,121100
20240226,15:03:41,0.25,850,121100
20240226,15:05:11,0.25,2650,121100
20240226,15:06:01,0.25,1150,121100
20240226,15:10:37,0.25,50,121100
20240226,15:11:09,0.25,50,121050
20240226,15:19:15,0.2,1800,121050
20240226,15:19:16,0.2,1800,121050
20240226,15:19:17,0.2,1800,121050
20240226,15:19:18,0.2,1800,121050
20240226,15:19:19,0.2,1800,121050
20240226,15:19:21,0.2,1800,121050
20240226,15:19:22,0.2,1800,121050
20240226,15:19:24,0.2,1800,121050
20240226,15:20:15,0.2,1800,121050
20240226,15:20:16,0.2,1800,121050
20240226,15:20:17,0.2,1800,121050
20240226,15:20:21,0.2,1600,121050
20240226,15:20:32,0.2,1800,121050
20240226,15:22:17,0.2,200,121050
20240226,15:22:19,0.2,100,121050
20240226,15:22:22,0.2,1700,121050
20240226,15:22:32,0.2,2500,121050
20240226,15:25:26,0.2,1600,121050
20240226,15:25:33,0.2,1800,121050
20240226,15:25:35,0.2,50,121050
20240226,15:26:32,0.2,1200,120950
20240226,15:26:37,0.2,100,120950
20240226,15:26:55,0.2,400,120950
20240226,15:27:24,0.15,50,120950
20240226,15:27:30,0.15,1000,120950
20240226,15:27:33,0.15,1500,120950
20240226,15:27:36,0.15,400,120950
20240226,15:27:38,0.15,100,120950
20240226,15:27:49,0.15,50,120950
20240226,15:28:19,0.2,1500,120950
20240226,15:29:58,0.2,200,119150
20240227,09:15:03,0.2,1,119150
20240227,09:15:03,0.2,50,119150
20240227,09:15:52,0.2,50,119150
20240227,09:16:03,0.3,250,119150
20240227,09:16:14,0.3,100,119150
20240227,09:16:16,0.3,50,119150
20240227,09:16:40,0.3,50,119150
20240227,09:16:43,0.3,200,119150
20240227,09:17:24,0.3,50,119150
20240227,09:17:50,0.3,50,119150
20240227,09:19:27,0.2,200,119150
20240227,09:19:28,0.3,50,119150
20240227,09:19:40,0.3,50,119150
20240227,09:19:59,0.2,50,119150
20240227,09:20:54,0.3,50,119150
20240227,09:20:58,0.2,50,119150
20240227,09:21:34,0.2,50,119150
20240227,09:22:19,0.3,50,119150
20240227,09:22:21,0.3,1100,119150
20240227,09:22:56,0.3,50,119150
20240227,09:23:03,0.3,50,119150
20240227,09:23:36,0.25,50,119150
20240227,09:23:38,0.3,500,119150
20240227,09:23:49,0.3,50,119150
20240227,09:24:07,0.3,50,119150
20240227,09:24:37,0.3,50,119150
20240227,09:24:40,0.3,50,119150
20240227,09:25:12,0.3,50,119150
20240227,09:25:13,0.3,600,119150
20240227,09:25:14,0.3,100,119150
20240227,09:25:20,0.3,300,119150
20240227,09:25:35,0.3,150,119150
20240227,09:25:36,0.3,50,119150
20240227,09:25:39,0.3,50,119150
20240227,09:25:44,0.3,50,119150
20240227,09:25:46,0.2,50,119150
20240227,09:26:22,0.25,50,119150
20240227,09:27:26,0.2,300,119150
20240227,09:27:42,0.3,200,119150
20240227,09:28:21,0.2,100,119150
20240227,09:28:23,0.3,250,119150
20240227,09:28:30,0.3,200,119150
20240227,09:28:37,0.25,200,119150
20240227,09:29:20,0.3,50,119150
20240227,09:29:24,0.3,50,119150
20240227,09:30:13,0.25,50,119150
20240227,09:30:18,0.3,50,119150
20240227,09:30:21,0.3,500,119150
20240227,09:30:58,0.3,50,119150
20240227,09:31:00,0.3,100,119150
20240227,09:31:23,0.3,100,119150
20240227,09:31:38,0.3,500,119150
20240227,09:31:48,0.3,50,119150
20240227,09:31:51,0.3,50,119150
20240227,09:32:05,0.3,50,119150
20240227,09:32:19,0.3,250,119150
20240227,09:32:26,0.3,50,119150
20240227,09:32:40,0.3,450,119150
20240227,09:32:57,0.3,50,119150
20240227,09:33:14,0.3,50,119150
20240227,09:33:39,0.3,500,119150
20240227,09:33:40,0.25,50,119150
20240227,09:33:47,0.3,50,119150
20240227,09:34:02,0.25,100,119150
20240227,09:34:48,0.25,50,119150
20240227,09:34:58,0.25,50,119150
20240227,09:35:22,0.3,100,119150
20240227,09:35:27,0.25,250,119150
20240227,09:35:46,0.3,50,119150
20240227,09:35:54,0.25,50,119150
20240227,09:36:23,0.3,50,119150
20240227,09:36:25,0.25,150,119150
20240227,09:37:00,0.3,50,119150
20240227,09:37:03,0.3,150,119150
20240227,09:37:27,0.3,50,119150
20240227,09:37:46,0.25,250,119150
20240227,09:38:14,0.3,750,119150
20240227,09:38:29,0.3,150,119150
20240227,09:38:46,0.3,100,119150
20240227,09:39:19,0.3,200,119150
20240227,09:39:38,0.25,50,119150
20240227,09:39:42,0.3,1800,119150
20240227,09:39:43,0.3,1400,119150
20240227,09:40:38,0.25,50,119150
20240227,09:41:31,0.3,400,119150
20240227,09:41:42,0.3,50,119150
20240227,09:41:57,0.3,250,119150
20240227,09:42:03,0.3,250,119150
20240227,09:42:15,0.3,200,119150
20240227,09:43:07,0.3,150,119150
20240227,09:43:21,0.3,500,119150
20240227,09:43:53,0.3,500,119150
20240227,09:44:00,0.25,1800,119150
20240227,09:44:00,0.25,1450,119150
20240227,09:44:11,0.3,200,119150
20240227,09:44:53,0.25,50,119150
20240227,09:46:22,0.25,150,119150
20240227,09:46:23,0.3,100,119150
20240227,09:46:50,0.25,50,119150
20240227,09:46:51,0.3,100,119150
20240227,09:47:12,0.3,50,119150
20240227,09:47:14,0.25,50,119150
20240227,09:47:22,0.3,50,119150
20240227,09:47:34,0.3,100,119150
20240227,09:47:48,0.25,50,119150
20240227,09:48:27,0.25,50,119150
20240227,09:49:10,0.3,50,119150
20240227,09:49:13,0.25,200,119150
20240227,09:49:18,0.3,50,119150
20240227,09:50:10,0.25,250,119150
20240227,09:50:11,0.3,250,119150
20240227,09:50:14,0.3,1050,119150
20240227,09:50:19,0.3,50,119150
20240227,09:50:21,0.25,1700,119150
20240227,09:50:27,0.3,50,119150
20240227,09:50:34,0.3,50,119150
20240227,09:50:49,0.25,50,119150
20240227,09:51:06,0.25,50,119150
20240227,09:51:46,0.3,100,119150
20240227,09:51:50,0.3,50,119150
20240227,09:51:59,0.3,5000,119150
20240227,09:52:01,0.3,100,119150
20240227,09:52:22,0.25,50,119150
20240227,09:52:26,0.3,50,119150
20240227,09:53:26,0.3,1350,119150
20240227,09:53:58,0.3,50,119150
20240227,09:54:23,0.3,100,119150
20240227,09:54:26,0.25,250,119150
20240227,09:54:28,0.3,500,119150
20240227,09:55:32,0.3,1000,119750
20240227,09:55:40,0.3,50,119750
20240227,09:55:45,0.25,50,119750
20240227,09:55:52,0.3,750,119750
20240227,09:57:41,0.3,600,119750
20240227,09:57:42,0.3,1800,119750
20240227,09:57:54,0.3,50,119700
20240227,09:57:55,0.3,50,119700
20240227,09:57:57,0.3,50,119700
20240227,09:58:03,0.3,2400,119700
20240227,09:58:11,0.25,50,119700
20240227,09:58:37,0.25,200,119700
20240227,09:58:40,0.3,50,119700
20240227,09:59:15,0.3,50,119700
20240227,09:59:29,0.3,300,119700
20240227,09:59:46,0.3,50,119700
20240227,10:00:00,0.3,50,119700
20240227,10:00:57,0.3,50,119700
20240227,10:00:59,0.3,50,119600
20240227,10:01:45,0.3,250,119600
20240227,10:02:06,0.3,100,119600
20240227,10:02:43,0.3,50,119600
20240227,10:03:37,0.3,200,119600
20240227,10:03:46,0.25,100,119600
20240227,10:04:25,0.3,500,119600
20240227,10:04:47,0.25,50,119600
20240227,10:04:54,0.3,50,119600
20240227,10:05:04,0.3,50,119600
20240227,10:05:07,0.3,50,119600
20240227,10:05:53,0.3,50,119600
20240227,10:06:29,0.3,150,119600
20240227,10:06:30,0.3,50,119600
20240227,10:06:55,0.3,250,119600
20240227,10:07:11,0.3,50,119600
20240227,10:07:37,0.3,50,119600
20240227,10:08:15,0.25,50,119600
20240227,10:08:30,0.3,100,119600
20240227,10:08:52,0.25,250,119600
20240227,10:09:20,0.3,150,119600
20240227,10:09:22,0.25,50,119600
20240227,10:10:05,0.3,50,119600
20240227,10:10:47,0.25,50,119600
20240227,10:11:07,0.25,50,119600
20240227,10:11:30,0.25,50,119600
20240227,10:11:46,0.3,250,119600
20240227,10:11:47,0.3,250,119600
20240227,10:12:19,0.25,50,119600
20240227,10:12:46,0.3,50,119600
20240227,10:12:48,0.3,750,119600
20240227,10:13:11,0.3,100,119600
20240227,10:13:34,0.3,50,119600
20240227,10:13:40,0.3,50,119600
20240227,10:13:41,0.25,500,119600
20240227,10:13:49,0.3,50,119600
20240227,10:14:02,0.3,50,119600
20240227,10:14:03,0.25,600,119600
20240227,10:14:26,0.3,50,119600
20240227,10:14:39,0.3,50,119600
20240227,10:15:07,0.3,50,119600
20240227,10:15:09,0.3,200,119600
20240227,10:15:51,0.25,100,119600
20240227,10:16:04,0.3,50,119600
20240227,10:16:23,0.25,50,119600
20240227,10:16:38,0.3,100,119600
20240227,10:16:58,0.3,500,119600
20240227,10:17:01,0.25,50,119600
20240227,10:17:09,0.3,50,119600
20240227,10:17:27,0.3,50,119600
20240227,10:17:36,0.3,50,119600
20240227,10:17:45,0.25,50,119600
20240227,10:17:52,0.25,1050,119600
20240227,10:18:27,0.25,50,119600
20240227,10:18:36,0.25,500,119600
20240227,10:18:48,0.3,400,119600
20240227,10:18:49,0.3,50,119600
20240227,10:20:56,0.25,50,120700
20240227,10:21:00,0.3,300,120700
20240227,10:21:21,0.25,200,120700
20240227,10:21:57,0.3,500,120700
20240227,10:22:03,0.25,50,121000
20240227,10:22:12,0.25,50,121000
20240227,10:23:12,0.3,400,121000
20240227,10:23:24,0.25,100,121000
20240227,10:23:58,0.3,50,121000
20240227,10:24:05,0.3,50,121000
20240227,10:24:17,0.25,50,121000
20240227,10:24:33,0.3,50,121000
20240227,10:25:21,0.3,250,122050
20240227,10:26:49,0.25,1800,122050
20240227,10:27:01,0.3,50,122050
20240227,10:27:08,0.25,100,122050
20240227,10:27:24,0.3,50,122050
20240227,10:27:42,0.3,50,122050
20240227,10:27:45,0.3,50,122050
20240227,10:27:56,0.25,50,123800
20240227,10:28:03,0.3,250,123800
20240227,10:28:10,0.3,50,123800
20240227,10:28:36,0.25,50,123800
20240227,10:28:46,0.3,50,123800
20240227,10:30:00,0.25,50,123800
20240227,10:30:39,0.3,500,123800
20240227,10:30:52,0.3,50,123800
20240227,10:32:07,0.25,250,124000
20240227,10:32:28,0.3,350,124000
20240227,10:32:32,0.3,100,124000
20240227,10:34:44,0.3,100,124000
20240227,10:34:47,0.3,1800,123750
20240227,10:34:48,0.3,1750,123750
20240227,10:35:01,0.3,50,123750
20240227,10:35:19,0.25,50,123750
20240227,10:35:53,0.3,200,123750
20240227,10:36:19,0.3,100,123750
20240227,10:36:23,0.3,1800,123750
20240227,10:36:52,0.25,250,123750
20240227,10:37:11,0.3,50,123750
20240227,10:37:33,0.3,50,124350
20240227,10:37:45,0.25,50,124350
20240227,10:38:09,0.3,50,124350
20240227,10:38:17,0.25,250,124350
20240227,10:38:25,0.3,50,124350
20240227,10:38:56,0.3,50,124350
20240227,10:39:34,0.3,50,124350
20240227,10:40:06,0.25,50,124050
20240227,10:40:11,0.3,50,124050
20240227,10:40:27,0.3,100,124050
20240227,10:40:34,0.25,50,124050
20240227,10:42:10,0.3,1800,124050
20240227,10:43:24,0.25,250,123950
20240227,10:43:41,0.25,100,123950
20240227,10:44:15,0.3,50,123950
20240227,10:44:47,0.3,50,123950
20240227,10:44:48,0.3,50,123950
20240227,10:44:58,0.25,1350,123950
20240227,10:45:33,0.3,50,123950
20240227,10:46:08,0.3,100,123250
20240227,10:46:17,0.3,50,123250
20240227,10:46:47,0.3,50,123250
20240227,10:46:50,0.3,100,123250
20240227,10:47:13,0.3,1800,123250
20240227,10:47:14,0.3,700,123250
20240227,10:47:24,0.25,50,123250
20240227,10:47:55,0.3,50,123250
20240227,10:48:36,0.3,150,123250
20240227,10:49:04,0.3,50,123250
20240227,10:49:42,0.25,50,124700
20240227,10:49:55,0.25,50,124700
20240227,10:51:04,0.3,50,124700
20240227,10:51:13,0.3,700,124700
20240227,10:52:18,0.3,50,124700
20240227,10:52:41,0.3,100,124950
20240227,10:52:46,0.25,100,124950
20240227,10:53:08,0.3,50,124950
20240227,10:53:19,0.25,450,124950
20240227,10:53:28,0.3,250,124950
20240227,10:53:33,0.3,50,124950
20240227,10:53:58,0.25,1050,124950
20240227,10:54:29,0.25,50,124950
20240227,10:55:28,0.3,50,124600
20240227,10:55:49,0.3,1000,124600
20240227,10:56:02,0.25,4700,124600
20240227,10:56:23,0.25,150,124600
20240227,10:56:29,0.25,150,124600
20240227,10:57:16,0.3,50,124600
20240227,10:57:25,0.3,50,124600
20240227,10:57:28,0.3,50,124600
20240227,10:58:05,0.3,200,123150
20240227,10:58:07,0.3,50,123150
20240227,10:58:15,0.3,50,123150
20240227,10:58:17,0.3,500,123150
20240227,10:58:22,0.3,50,123150
20240227,10:58:27,0.25,50,123150
20240227,10:58:44,0.3,500,123150
20240227,10:58:46,0.3,50,123150
20240227,10:59:18,0.3,100,123150
20240227,11:00:16,0.25,50,123150
20240227,11:00:17,0.25,100,123150
20240227,11:00:35,0.3,100,123150
20240227,11:00:38,0.25,500,123150
20240227,11:00:53,0.3,50,123150
20240227,11:00:54,0.25,50,123150
20240227,11:01:14,0.3,200,124000
20240227,11:01:26,0.25,50,124000
20240227,11:01:46,0.3,1800,124000
20240227,11:01:46,0.35,2100,124000
20240227,11:02:13,0.3,50,124000
20240227,11:02:16,0.35,100,124000
20240227,11:02:38,0.35,50,124000
20240227,11:02:55,0.35,100,124000
20240227,11:03:31,0.35,50,124000
20240227,11:03:43,0.3,1800,124000
20240227,11:03:44,0.35,50,124000
20240227,11:03:55,0.25,1800,124000
20240227,11:04:17,0.35,3600,124000
20240227,11:04:24,0.35,50,123650
20240227,11:04:35,0.35,50,123650
20240227,11:04:48,0.25,3600,123650
20240227,11:04:50,0.25,50,123650
20240227,11:05:19,0.3,50,123650
20240227,11:06:06,0.3,50,123650
20240227,11:06:07,0.25,50,123650
20240227,11:06:30,0.25,50,123650
20240227,11:08:21,0.25,50,122300
20240227,11:08:50,0.3,150,122300
20240227,11:09:04,0.25,50,122300
20240227,11:09:19,0.3,50,122300
20240227,11:09:19,0.3,700,122300
20240227,11:09:29,0.35,2500,122300
20240227,11:09:39,0.3,50,122300
20240227,11:09:39,0.25,100,122300
20240227,11:09:41,0.3,50,122300
20240227,11:09:46,0.3,500,122300
20240227,11:10:04,0.3,650,122300
20240227,11:11:22,0.3,50,124550
20240227,11:11:36,0.3,100,124550
20240227,11:12:02,0.3,100,124550
20240227,11:12:03,0.3,50,124550
20240227,11:12:18,0.25,150,124550
20240227,11:12:19,0.3,50,124550
20240227,11:12:45,0.25,1000,124550
20240227,11:12:59,0.3,1000,124550
20240227,11:13:03,0.3,50,124550
20240227,11:13:20,0.25,500,126300
20240227,11:13:29,0.25,50,126300
20240227,11:15:36,0.3,50,126300
20240227,11:15:45,0.25,100,126300
20240227,11:15:49,0.3,150,126300
20240227,11:16:05,0.3,50,126450
20240227,11:16:32,0.25,50,126450
20240227,11:16:45,0.3,50,126450
20240227,11:16:58,0.25,400,126450
20240227,11:18:06,0.3,50,126450
20240227,11:19:04,0.25,100,126450
20240227,11:19:22,0.3,50,126450
20240227,11:19:25,0.3,50,126600
20240227,11:19:34,0.3,200,126600
20240227,11:19:52,0.3,50,126600
20240227,11:20:11,0.3,50,126600
20240227,11:23:00,0.25,500,126600
20240227,11:23:20,0.3,4000,126700
20240227,11:24:00,0.25,50,126700
20240227,11:24:14,0.3,50,126700
20240227,11:24:38,0.25,4000,126700
20240227,11:24:38,0.25,50,126700
20240227,11:24:56,0.3,50,126700
20240227,11:25:17,0.25,100,125950
20240227,11:29:52,0.3,50,125950
20240227,11:30:47,0.3,50,125950
20240227,11:31:14,0.3,50,125950
20240227,11:31:40,0.3,50,125950
20240227,11:31:44,0.3,300,125950
20240227,11:31:45,0.3,50,125950
20240227,11:33:13,0.3,400,125950
20240227,11:33:26,0.25,2500,125950
20240227,11:34:29,0.3,350,124350
20240227,11:34:51,0.25,300,124350
20240227,11:35:39,0.25,50,124350
20240227,11:35:49,0.3,50,124350
20240227,11:35:51,0.3,200,124350
20240227,11:36:40,0.3,50,124350
20240227,11:37:04,0.25,50,124350
20240227,11:39:46,0.25,50,124350
20240227,11:39:47,0.25,50,124350
20240227,11:39:54,0.3,250,124350
20240227,11:40:17,0.25,600,124350
20240227,11:40:28,0.3,300,124350
20240227,11:40:29,0.3,1800,124350
20240227,11:40:39,0.3,50,124350
20240227,11:41:11,0.3,250,124350
20240227,11:41:21,0.3,200,124350
20240227,11:41:45,0.25,100,124350
20240227,11:42:11,0.3,1800,124350
20240227,11:43:46,0.3,250,126500
20240227,11:43:54,0.3,50,126500
20240227,11:45:06,0.25,50,126500
20240227,11:45:22,0.3,250,126500
20240227,11:45:33,0.3,50,126500
20240227,11:45:36,0.25,650,126500
20240227,11:45:36,0.25,50,126500
20240227,11:45:52,0.25,50,126500
20240227,11:46:49,0.3,50,126500
20240227,11:48:07,0.3,1800,126500
20240227,11:48:14,0.3,150,126500
20240227,11:48:39,0.25,50,126500
20240227,11:48:46,0.3,200,126500
20240227,11:49:41,0.25,50,126500
20240227,11:50:33,0.3,50,127050
20240227,11:50:42,0.3,1850,127050
20240227,11:50:44,0.3,50,127050
20240227,11:50:57,0.3,50,127050
20240227,11:51:05,0.25,50,127050
20240227,11:52:12,0.25,150,127050
20240227,11:52:46,0.3,50,125300
20240227,11:54:02,0.25,100,125300
20240227,11:54:12,0.3,50,125300
20240227,11:56:27,0.35,500,125300
20240227,11:56:38,0.3,200,125300
20240227,11:56:44,0.3,50,125300
20240227,11:59:06,0.25,100,125350
20240227,11:59:07,0.25,50,125350
20240227,11:59:39,0.25,50,125350
20240227,12:01:04,0.3,50,125350
20240227,12:01:16,0.3,200,125350
20240227,12:02:22,0.35,200,125350
20240227,12:03:17,0.35,50,125350
20240227,12:03:21,0.35,100,125350
20240227,12:04:43,0.25,50,125350
20240227,12:05:04,0.35,150,125350
20240227,12:05:57,0.35,50,125350
20240227,12:06:33,0.25,1100,125350
20240227,12:07:04,0.3,50,125350
20240227,12:07:42,0.35,2500,125350
20240227,12:07:45,0.35,550,125350
20240227,12:08:00,0.35,50,125350
20240227,12:08:03,0.25,700,125350
20240227,12:08:39,0.25,250,125350
20240227,12:08:50,0.25,50,125350
20240227,12:09:24,0.25,250,125350
20240227,12:09:27,0.25,50,125350
20240227,12:09:52,0.25,700,125350
20240227,12:13:12,0.25,700,125350
20240227,12:13:13,0.25,1800,125350
20240227,12:14:21,0.3,100,125350
20240227,12:14:30,0.3,50,125350
20240227,12:15:19,0.3,50,125350
20240227,12:16:35,0.25,50,125350
20240227,12:17:14,0.25,50,125350
20240227,12:20:17,0.3,50,125350
20240227,12:20:29,0.25,50,125350
20240227,12:21:13,0.25,50,125350
20240227,12:22:59,0.3,50,125350
20240227,12:24:55,0.3,50,125350
20240227,12:25:08,0.3,100,125350
20240227,12:26:17,0.3,1000,125350
20240227,12:27:03,0.25,50,125350
20240227,12:27:51,0.3,50,125350
20240227,12:27:56,0.25,100,125350
20240227,12:28:18,0.3,100,125500
20240227,12:28:39,0.25,100,125500
20240227,12:28:43,0.3,50,125500
20240227,12:30:08,0.25,50,125500
20240227,12:30:27,0.3,100,125500
20240227,12:31:41,0.25,100,125500
20240227,12:31:53,0.3,50,125500
20240227,12:32:06,0.3,50,125500
20240227,12:34:40,0.3,150,125500
20240227,12:35:11,0.25,50,125500
20240227,12:35:48,0.3,50,125500
20240227,12:36:11,0.25,50,125500
20240227,12:36:56,0.25,200,125500
20240227,12:38:35,0.25,550,125500
20240227,12:41:09,0.25,50,125500
20240227,12:41:11,0.25,50,125500
20240227,12:41:54,0.3,50,125500
20240227,12:42:02,0.3,50,125500
20240227,12:42:13,0.25,50,125500
20240227,12:42:17,0.3,300,125500
20240227,12:43:06,0.25,100,125500
20240227,12:43:08,0.3,200,125500
20240227,12:44:00,0.25,50,125500
20240227,12:44:44,0.3,50,125500
20240227,12:44:51,0.3,50,125500
20240227,12:45:33,0.25,200,125500
20240227,12:46:36,0.25,100,125500
20240227,12:47:23,0.3,250,125500
20240227,12:48:20,0.3,50,125500
20240227,12:48:33,0.3,100,125500
20240227,12:49:23,0.25,50,125500
20240227,12:51:01,0.3,250,125500
20240227,12:51:02,0.35,7200,125500
20240227,12:51:03,0.35,50,125500
20240227,12:51:07,0.25,400,125500
20240227,12:51:32,0.35,600,125500
20240227,12:51:44,0.3,200,125500
20240227,12:52:07,0.35,1800,125500
20240227,12:52:27,0.3,1000,126150
20240227,12:52:41,0.3,100,126150
20240227,12:52:44,0.3,600,126150
20240227,12:53:31,0.35,1800,126150
20240227,12:54:13,0.35,1800,126150
20240227,12:54:22,0.25,7200,126150
20240227,12:54:25,0.3,1100,126150
20240227,12:54:53,0.3,250,126150
20240227,12:54:58,0.3,1800,126150
20240227,12:55:40,0.35,50,126150
20240227,12:55:51,0.35,100,124350
20240227,12:56:10,0.35,50,124350
20240227,12:56:43,0.35,50,124350
20240227,12:56:58,0.35,150,124350
20240227,12:57:01,0.35,300,124350
20240227,12:57:17,0.35,500,124350
20240227,12:57:29,0.3,50,124350
20240227,12:57:42,0.35,50,124350
20240227,12:57:56,0.3,50,124350
20240227,12:59:15,0.35,50,124350
20240227,12:59:45,0.35,250,125300
20240227,13:00:13,0.3,50,125300
20240227,13:00:24,0.35,150,125300
20240227,13:00:38,0.35,1600,125300
20240227,13:00:57,0.3,150,125300
20240227,13:00:59,0.3,500,125300
20240227,13:01:20,0.3,1000,125300
20240227,13:01:36,0.35,250,125700
20240227,13:01:40,0.35,250,125700
20240227,13:02:40,0.35,50,125700
20240227,13:03:08,0.35,50,125700
20240227,13:03:44,0.3,750,125700
20240227,13:03:47,0.35,50,125700
20240227,13:03:55,0.35,250,125700
20240227,13:04:06,0.3,200,125700
20240227,13:06:43,0.35,50,125700
20240227,13:07:09,0.3,350,125050
20240227,13:09:05,0.35,1500,125050
20240227,13:09:36,0.3,50,124700
20240227,13:09:55,0.35,50,124700
20240227,13:10:02,0.3,50,124700
20240227,13:11:07,0.35,50,124700
20240227,13:11:11,0.35,50,125050
20240227,13:11:52,0.3,50,125050
20240227,13:12:33,0.3,50,125050
20240227,13:12:35,0.3,50,125050
20240227,13:13:10,0.3,1800,125050
20240227,13:13:26,0.3,1900,123350
20240227,13:13:59,0.3,50,123350
20240227,13:15:40,0.35,50,123350
20240227,13:16:29,0.3,1850,121600
20240227,13:16:38,0.35,50,121600
20240227,13:17:43,0.35,250,121600
20240227,13:17:45,0.3,1800,121600
20240227,13:18:21,0.3,1500,121600
20240227,13:18:59,0.35,100,121600
20240227,13:19:09,0.3,50,121600
20240227,13:19:17,0.3,1700,121600
20240227,13:19:35,0.35,250,118750
20240227,13:19:38,0.35,50,118750
20240227,13:19:43,0.35,50,118750
20240227,13:19:51,0.3,850,118750
20240227,13:19:53,0.3,250,118750
20240227,13:20:20,0.3,50,118750
20240227,13:20:44,0.3,50,118750
20240227,13:22:57,0.35,450,119700
20240227,13:23:29,0.3,1100,119700
20240227,13:24:15,0.35,750,119700
20240227,13:24:20,0.3,50,119700
20240227,13:25:42,0.35,50,119700
20240227,13:26:07,0.35,50,120500
20240227,13:26:08,0.3,50,120500
20240227,13:28:31,0.35,50,120500
20240227,13:28:38,0.3,50,120500
20240227,13:28:56,0.3,50,120500
20240227,13:29:11,0.35,500,120500
20240227,13:29:43,0.3,500,120500
20240227,13:30:20,0.3,50,120500
20240227,13:30:33,0.3,500,120500
20240227,13:31:19,0.3,50,120500
20240227,13:32:37,0.35,50,120500
20240227,13:33:32,0.35,50,120000
20240227,13:33:55,0.25,50,120000
20240227,13:34:03,0.35,50,120000
20240227,13:34:30,0.35,200,120000
20240227,13:34:59,0.35,50,120000
20240227,13:35:54,0.35,100,120000
20240227,13:36:21,0.25,50,120000
20240227,13:36:39,0.35,50,120000
20240227,13:36:57,0.35,50,120000
20240227,13:38:13,0.3,300,120000
20240227,13:38:28,0.3,50,119950
20240227,13:38:34,0.3,50,119950
20240227,13:39:19,0.25,50,119950
20240227,13:40:59,0.3,1800,119950
20240227,13:41:28,0.3,100,119950
20240227,13:41:40,0.25,250,119950
20240227,13:41:48,0.35,7000,119950
20240227,13:41:57,0.25,1800,119950
20240227,13:42:01,0.3,50,119950
20240227,13:42:26,0.25,100,119950
20240227,13:43:07,0.3,50,119950
20240227,13:43:31,0.3,50,124200
20240227,13:43:56,0.3,350,124200
20240227,13:44:22,0.25,250,124200
20240227,13:44:33,0.3,100,124200
20240227,13:45:05,0.25,100,124200
20240227,13:45:06,0.25,50,124200
20240227,13:45:07,0.3,50,124200
20240227,13:45:33,0.25,50,124200
20240227,13:45:45,0.3,250,124200
20240227,13:46:21,0.25,250,124200
20240227,13:46:26,0.3,1800,124200
20240227,13:47:01,0.3,50,125000
20240227,13:47:20,0.25,50,125000
20240227,13:47:51,0.35,500,125000
20240227,13:47:58,0.25,150,125000
20240227,13:47:59,0.25,250,125000
20240227,13:49:13,0.25,50,125000
20240227,13:49:56,0.25,50,125000
20240227,13:50:06,0.25,350,125000
20240227,13:50:23,0.25,250,125000
20240227,13:50:39,0.3,100,125000
20240227,13:51:04,0.25,500,125000
20240227,13:53:23,0.35,250,125000
20240227,13:53:30,0.35,250,125000
20240227,13:53:36,0.3,250,125000
20240227,13:55:10,0.3,1050,125000
20240227,13:55:14,0.3,50,125000
20240227,13:55:24,0.35,50,125000
20240227,13:55:34,0.3,50,125000
20240227,13:55:50,0.35,50,125000
20240227,13:55:58,0.3,50,125000
20240227,13:56:02,0.35,1800,125000
20240227,13:56:03,0.35,100,125000
20240227,13:56:05,0.35,1800,125000
20240227,13:56:08,0.3,1250,125000
20240227,13:56:29,0.35,1850,125000
20240227,13:56:32,0.3,50,125000
20240227,13:57:08,0.35,1800,125000
20240227,13:57:12,0.3,100,125000
20240227,13:57:20,0.3,250,125000
20240227,13:57:21,0.35,1800,125000
20240227,13:57:26,0.3,900,125000
20240227,13:57:39,0.35,3600,125000
20240227,13:57:39,0.3,50,125000
20240227,13:57:52,0.35,1800,125000
20240227,13:58:48,0.35,1800,125000
20240227,13:59:09,0.3,1800,113300
20240227,13:59:10,0.25,3700,113300
20240227,14:00:43,0.35,50,113300
20240227,14:00:55,0.25,3000,113300
20240227,14:01:17,0.25,300,113300
20240227,14:02:17,0.25,250,109000
20240227,14:02:25,0.35,1400,109000
20240227,14:02:30,0.3,50,109000
20240227,14:02:36,0.3,50,109000
20240227,14:02:55,0.3,100,109000
20240227,14:02:57,0.4,1800,109000
20240227,14:03:03,0.4,200,109000
20240227,14:03:25,0.4,1800,109000
20240227,14:03:48,0.3,100,109000
20240227,14:04:16,0.3,4800,109000
20240227,14:04:24,0.3,300,109000
20240227,14:04:28,0.35,50,109000
20240227,14:04:29,0.35,50,109000
20240227,14:05:13,0.35,200,103000
20240227,14:05:24,0.3,50,103000
20240227,14:06:18,0.3,50,103000
20240227,14:06:40,0.3,50,103000
20240227,14:06:46,0.3,200,103000
20240227,14:06:50,0.35,350,103000
20240227,14:07:15,0.3,350,103000
20240227,14:07:37,0.35,1800,103000
20240227,14:08:29,0.35,300,103000
20240227,14:09:08,0.3,100,103000
20240227,14:09:25,0.3,400,103000
20240227,14:10:00,0.35,1800,103000
20240227,14:11:53,0.35,150,101450
20240227,14:11:58,0.3,400,101450
20240227,14:11:59,0.35,100,101450
20240227,14:12:04,0.35,400,101450
20240227,14:13:04,0.3,50,101450
20240227,14:13:08,0.35,1800,101450
20240227,14:13:59,0.35,1450,101450
20240227,14:14:12,0.3,50,102800
20240227,14:14:35,0.4,50,102800
20240227,14:14:51,0.35,200,102800
20240227,14:14:52,0.35,100,102800
20240227,14:15:25,0.4,100,102800
20240227,14:15:31,0.4,100,102800
20240227,14:15:57,0.4,100,102800
20240227,14:16:53,0.35,50,102800
20240227,14:17:44,0.4,250,101950
20240227,14:17:50,0.35,50,101950
20240227,14:18:02,0.4,250,101950
20240227,14:18:23,0.4,50,101950
20240227,14:18:40,0.4,1800,101950
20240227,14:18:42,0.35,50,101950
20240227,14:18:47,0.35,50,101950
20240227,14:19:05,0.35,300,101950
20240227,14:19:41,0.35,1000,101950
20240227,14:23:00,0.35,450,100500
20240227,14:23:54,0.4,50,100500
20240227,14:25:16,0.35,1800,100500
20240227,14:26:15,0.4,50,99800
20240227,14:26:41,0.4,700,99800
20240227,14:28:08,0.35,700,99800
20240227,14:28:45,0.35,50,99800
20240227,14:28:55,0.35,50,99750
20240227,14:28:59,0.35,350,99750
20240227,14:29:02,0.4,50,99750
20240227,14:29:15,0.35,250,99750
20240227,14:29:18,0.35,50,99750
20240227,14:29:22,0.35,50,99750
20240227,14:29:26,0.35,50,99750
20240227,14:29:55,0.4,50,99750
20240227,14:30:12,0.4,50,99750
20240227,14:30:57,0.35,250,99750
20240227,14:31:00,0.35,250,99750
20240227,14:31:01,0.35,50,99750
20240227,14:32:38,0.4,50,99750
20240227,14:33:06,0.4,50,98550
20240227,14:33:11,0.35,50,98550
20240227,14:33:21,0.35,50,98550
20240227,14:33:43,0.4,50,98550
20240227,14:33:53,0.35,50,98550
20240227,14:34:01,0.35,50,98550
20240227,14:34:29,0.4,100,98550
20240227,14:34:51,0.35,50,98550
20240227,14:35:20,0.35,50,98800
20240227,14:35:46,0.4,50,98800
20240227,14:35:49,0.4,200,98800
20240227,14:35:55,0.35,50,98800
20240227,14:36:32,0.35,200,98800
20240227,14:36:54,0.35,50,98800
20240227,14:37:34,0.4,50,98800
20240227,14:38:11,0.35,50,98900
20240227,14:39:05,0.4,50,98900
20240227,14:39:20,0.35,50,98900
20240227,14:41:10,0.4,50,98950
20240227,14:41:12,0.4,250,98950
20240227,14:41:23,0.35,100,98950
20240227,14:41:29,0.4,50,98950
20240227,14:41:39,0.35,50,98950
20240227,14:41:48,0.4,50,98950
20240227,14:42:00,0.4,250,98950
20240227,14:42:06,0.35,400,98950
20240227,14:42:12,0.4,50,98950
20240227,14:42:37,0.35,50,98950
20240227,14:42:53,0.35,50,98950
20240227,14:43:18,0.4,50,98950
20240227,14:43:32,0.35,50,98950
20240227,14:44:56,0.35,50,98950
20240227,14:44:59,0.4,1800,99300
20240227,14:46:11,0.35,50,99300
20240227,14:48:09,0.35,50,100500
20240227,14:48:26,0.35,250,100500
20240227,14:49:04,0.35,50,100500
20240227,14:49:49,0.4,50,100150
20240227,14:49:56,0.4,50,100150
20240227,14:50:22,0.35,100,100150
20240227,14:50:30,0.4,250,100150
20240227,14:50:39,0.35,100,100150
20240227,14:50:45,0.35,1800,100150
20240227,14:50:51,0.4,50,100150
20240227,14:50:58,0.35,200,100150
20240227,14:52:10,0.35,1800,100150
20240227,14:52:34,0.4,7200,100150
20240227,14:52:36,0.3,200,100150
20240227,14:52:38,0.3,400,100150
20240227,14:53:03,0.3,50,100150
20240227,14:53:28,0.4,50,93800
20240227,14:53:35,0.3,50,93800
20240227,14:53:57,0.35,50,93800
20240227,14:54:18,0.4,50,93800
20240227,14:54:21,0.4,50,93800
20240227,14:54:21,0.35,100,93800
20240227,14:54:26,0.3,50,93800
20240227,14:54:47,0.35,450,93800
20240227,14:56:40,0.4,1800,93800
20240227,14:56:47,0.35,50,94100
20240227,14:56:48,0.35,50,94100
20240227,14:57:08,0.4,50,94100
20240227,14:57:08,0.4,1850,94100
20240227,14:57:22,0.35,100,94100
20240227,14:58:15,0.4,50,94100
20240227,14:58:23,0.35,100,94100
20240227,14:58:28,0.4,100,94100
20240227,14:58:35,0.35,100,94100
20240227,14:59:02,0.4,50,94100
20240227,14:59:03,0.4,1800,91400
20240227,14:59:35,0.4,500,91400
20240227,15:00:00,0.4,250,91400
20240227,15:00:04,0.4,100,91400
20240227,15:02:07,0.4,50,91400
20240227,15:03:49,0.4,200,90200
20240227,15:04:17,0.4,250,90200
20240227,15:04:34,0.4,250,90200
20240227,15:04:41,0.4,250,90200
20240227,15:05:42,0.35,50,90400
20240227,15:05:59,0.4,250,90400
20240227,15:06:14,0.35,50,90400
20240227,15:08:27,0.35,50,90400
20240227,15:08:35,0.35,50,90400
20240227,15:09:20,0.4,250,90400
20240227,15:10:09,0.35,50,90400
20240227,15:10:37,0.4,50,90400
20240227,15:13:31,0.4,250,90400
20240227,15:13:46,0.4,50,90250
20240227,15:15:00,0.35,200,90250
20240227,15:15:08,0.35,400,90250
20240227,15:15:09,0.4,50,90250
20240227,15:15:21,0.35,750,90250
20240227,15:15:50,0.4,50,90250
20240227,15:17:10,0.4,50,90250
20240227,15:17:29,0.35,100,88950
20240227,15:17:47,0.4,250,88950
20240227,15:19:51,0.4,50,89000
20240227,15:20:36,0.4,50,89000
20240227,15:20:48,0.35,50,89000
20240227,15:20:49,0.35,1800,89000
20240227,15:21:58,0.4,1000,89000
20240227,15:23:05,0.35,50,91800
20240227,15:23:50,0.4,250,91800
20240227,15:24:00,0.35,50,91800
20240227,15:24:28,0.35,50,91800
20240227,15:24:39,0.35,350,91800
20240227,15:24:41,0.35,250,91800
20240227,15:24:42,0.35,50,91800
20240227,15:24:55,0.35,200,91800
20240227,15:24:59,0.35,100,91800
20240227,15:25:10,0.3,1900,91800
20240227,15:25:14,0.3,100,91800
20240227,15:25:16,0.3,50,91800
20240227,15:25:45,0.3,1000,91800
20240227,15:25:48,0.3,50,92950
20240227,15:25:50,0.3,500,92950
20240227,15:26:28,0.3,50,92950
20240227,15:26:45,0.3,50,92950
20240227,15:26:58,0.3,200,92950
20240227,15:27:43,0.4,50,92950
20240227,15:28:04,0.4,50,92950
20240227,15:28:09,0.4,250,92950
20240227,15:28:23,0.35,200,92950
20240227,15:28:24,0.35,50,92950
20240227,15:29:30,0.3,50,92950
20240227,15:29:31,0.4,1800,92700
20240227,15:29:32,0.45,1150,92700
20240227,15:29:33,0.5,2500,92700
20240227,15:29:34,0.95,900,92700
20240227,15:29:35,0.85,550,92700
20240227,15:29:36,0.5,2000,92700
20240227,15:29:37,0.95,400,92700
20240227,15:29:38,1.0,300,92700
20240227,15:29:39,1.0,150,92700
20240227,15:29:45,1.0,200,92700
20240227,15:29:57,0.7,300,92700
20240227,15:29:58,0.45,250,92700
20240228,09:15:00,0.45,1,87650
20240228,09:15:00,0.45,250,87650
20240228,09:15:01,0.45,100,87650
20240228,09:15:02,0.45,50,87650
20240228,09:15:04,0.5,600,87650
20240228,09:15:05,0.5,400,87650
20240228,09:15:07,0.5,1600,87650
20240228,09:15:15,0.45,500,87650
20240228,09:15:15,0.5,100,87650
20240228,09:15:16,0.45,1000,87650
20240228,09:15:18,0.45,50,87650
20240228,09:15:22,0.45,50,87650
20240228,09:15:23,0.45,1800,87650
20240228,09:15:24,0.45,3300,87650
20240228,09:15:25,0.45,3850,87650
20240228,09:15:26,0.45,1800,87650
20240228,09:15:27,0.45,3400,87650
20240228,09:15:28,0.45,950,87650
20240228,09:15:29,0.45,100,87650
20240228,09:15:30,0.45,50,87650
20240228,09:15:55,0.45,100,104200
20240228,09:16:26,0.45,50,104200
20240228,09:16:27,0.4,50,104200
20240228,09:16:45,0.4,50,104200
20240228,09:17:24,0.4,100,104200
20240228,09:17:30,0.4,300,104200
20240228,09:17:49,0.4,300,104200
20240228,09:19:11,0.4,350,104200
20240228,09:19:39,0.45,300,104400
20240228,09:19:55,0.4,50,104400
20240228,09:20:00,0.4,250,104400
20240228,09:20:00,0.45,50,104400
20240228,09:20:02,0.45,50,104400
20240228,09:20:15,0.45,500,104400
20240228,09:20:23,0.4,250,104400
20240228,09:20:50,0.4,50,104400
20240228,09:21:35,0.4,300,104400
20240228,09:22:18,0.4,50,104750
20240228,09:22:32,0.4,50,104750
20240228,09:22:37,0.4,50,104750
20240228,09:22:43,0.4,50,104750
20240228,09:22:48,0.35,200,104750
20240228,09:23:10,0.35,100,104750
20240228,09:23:15,0.35,150,104750
20240228,09:23:25,0.35,100,104750
20240228,09:23:30,0.35,100,104750
20240228,09:23:51,0.35,100,104750
20240228,09:23:53,0.35,100,104750
20240228,09:24:29,0.35,50,104750
20240228,09:24:50,0.35,50,104750
20240228,09:26:04,0.35,50,104000
20240228,09:26:05,0.35,50,104000
20240228,09:29:18,0.35,50,103900
20240228,09:29:51,0.4,50,103900
20240228,09:31:07,0.35,50,103900
20240228,09:31:30,0.35,150,104000
20240228,09:32:56,0.35,900,104000
20240228,09:32:59,0.35,950,104000
20240228,09:33:00,0.35,100,104000
20240228,09:33:01,0.35,50,104000
20240228,09:34:34,0.35,50,104050
20240228,09:34:43,0.35,1450,104050
20240228,09:34:54,0.35,1200,104050
20240228,09:35:29,0.35,500,104050
20240228,09:35:44,0.3,1800,104050
20240228,09:37:00,0.3,300,103450
20240228,09:37:44,0.35,50,103450
20240228,09:37:45,0.35,50,103450
20240228,09:37:52,0.35,50,103450
20240228,09:37:59,0.35,50,103450
20240228,09:39:03,0.35,50,103450
20240228,09:39:09,0.35,1700,103450
20240228,09:39:23,0.3,50,103450
20240228,09:39:49,0.3,50,103450
20240228,09:43:17,0.3,600,103450
20240228,09:44:59,0.3,50,101650
20240228,09:45:58,0.3,50,101650
20240228,09:46:07,0.35,50,101650
20240228,09:48:42,0.35,1800,101650
20240228,09:51:03,0.35,2350,101650
20240228,09:51:46,0.3,50,100900
20240228,09:53:21,0.35,1800,100900
20240228,09:53:24,0.35,300,99550
20240228,09:54:51,0.3,50,99550
20240228,09:57:19,0.3,100,99550
20240228,09:58:27,0.3,50,99200
20240228,10:01:06,0.3,50,99200
20240228,10:01:34,0.35,50,99200
20240228,10:02:08,0.3,1800,99200
20240228,10:03:14,0.3,50,99200
20240228,10:04:04,0.3,300,101000
20240228,10:04:06,0.3,3600,101000
20240228,10:04:31,0.3,650,101000
20240228,10:04:34,0.3,350,101000
20240228,10:05:00,0.3,100,101000
20240228,10:05:34,0.3,6950,101000
20240228,10:05:42,0.3,1800,101000
20240228,10:05:42,0.3,100,101000
20240228,10:07:02,0.3,550,101000
20240228,10:07:04,0.3,1500,98650
20240228,10:07:05,0.3,50,98650
20240228,10:07:06,0.3,50,98650
20240228,10:07:07,0.3,50,98650
20240228,10:08:14,0.3,50,98650
20240228,10:08:39,0.3,250,98650
20240228,10:09:32,0.25,50,98650
20240228,10:09:45,0.25,50,98650
20240228,10:10:17,0.3,1100,98650
20240228,10:10:19,0.35,2050,100100
20240228,10:10:29,0.3,50,100100
20240228,10:10:42,0.3,250,100100
20240228,10:13:45,0.35,200,100100
20240228,10:16:02,0.35,50,102200
20240228,10:19:17,0.35,500,102250
20240228,10:20:07,0.3,50,102250
20240228,10:23:58,0.3,400,102700
20240228,10:26:11,0.3,500,102700
20240228,10:33:28,0.3,200,102300
20240228,10:34:17,0.3,50,101600
20240228,10:38:49,0.35,50,101550
20240228,10:39:18,0.35,50,101550
20240228,10:39:35,0.35,100,101550
20240228,10:40:55,0.35,50,101550
20240228,10:41:03,0.3,1800,101750
20240228,10:41:12,0.3,100,101750
20240228,10:41:31,0.3,250,101750
20240228,10:42:08,0.3,150,101750
20240228,10:42:11,0.3,1800,101750
20240228,10:42:22,0.3,50,101750
20240228,10:46:22,0.3,250,104050
20240228,10:47:04,0.3,250,104050
20240228,10:47:05,0.3,300,104050
20240228,10:47:06,0.25,1800,104050
20240228,10:47:27,0.25,50,104050
20240228,10:47:53,0.3,100,104050
20240228,10:48:51,0.25,200,104050
20240228,10:49:02,0.25,1800,104050
20240228,10:50:24,0.25,150,104050
20240228,10:50:28,0.25,1800,107700
20240228,10:51:12,0.25,1800,107700
20240228,10:51:22,0.25,1800,107700
20240228,10:51:42,0.25,300,107700
20240228,10:51:55,0.25,1800,107700
20240228,10:52:10,0.25,2050,113250
20240228,10:52:24,0.25,1800,113250
20240228,10:52:26,0.25,1350,113250
20240228,10:52:30,0.25,450,113250
20240228,10:52:31,0.25,2050,113250
20240228,10:52:44,0.2,1800,113250
20240228,10:52:45,0.2,50,113250
20240228,10:53:33,0.2,1000,113250
20240228,10:53:44,0.2,100,113250
20240228,10:54:17,0.2,1800,113250
20240228,10:54:20,0.2,950,113250
20240228,10:54:23,0.2,1250,113250
20240228,10:55:49,0.2,650,113250
20240228,10:56:19,0.2,600,111400
20240228,10:56:34,0.2,50,111400
20240228,10:59:24,0.2,250,111400
20240228,10:59:38,0.25,50,111400
20240228,11:00:03,0.2,250,111400
20240228,11:02:17,0.2,50,111400
20240228,11:03:57,0.25,50,111200
20240228,11:05:31,0.2,50,111150
20240228,11:06:32,0.2,3500,111150
20240228,11:07:06,0.2,250,111150
20240228,11:07:11,0.2,1800,111150
20240228,11:07:11,0.2,7150,110450
20240228,11:07:34,0.25,50,110450
20240228,11:08:41,0.2,1800,110450
20240228,11:09:40,0.25,50,110450
20240228,11:09:59,0.2,100,110450
20240228,11:11:31,0.25,50,112250
20240228,11:11:31,0.2,300,112250
20240228,11:13:59,0.2,50,112250
20240228,11:19:53,0.2,50,112250
20240228,11:21:40,0.25,50,112250
20240228,11:22:17,0.25,50,112250
20240228,11:29:25,0.2,50,112250
20240228,11:29:35,0.25,50,112250
20240228,11:39:03,0.25,100,112250
20240228,11:40:50,0.2,250,112250
20240228,11:41:42,0.25,50,112250
20240228,11:42:40,0.2,50,112250
20240228,11:44:02,0.2,250,112250
20240228,11:45:10,0.2,150,112250
20240228,11:46:07,0.2,1800,112250
20240228,11:47:02,0.2,50,114050
20240228,11:47:42,0.2,50,114050
20240228,11:50:59,0.2,100,114050
20240228,11:52:49,0.2,250,114050
20240228,11:55:50,0.25,1000,114050
20240228,11:57:02,0.2,50,114050
20240228,11:57:05,0.2,50,114050
20240228,11:57:35,0.25,50,114050
20240228,12:00:40,0.2,150,114050
20240228,12:01:11,0.2,200,114050
20240228,12:03:39,0.2,50,114050
20240228,12:04:15,0.25,1000,114050
20240228,12:15:26,0.2,250,114050
20240228,12:15:35,0.2,250,114050
20240228,12:18:29,0.2,50,114050
20240228,12:18:49,0.15,50,114050
20240228,12:18:50,0.15,50,114050
20240228,12:19:36,0.15,50,114050
20240228,12:20:47,0.15,250,114050
20240228,12:21:25,0.2,50,114050
20240228,12:23:42,0.2,150,113800
20240228,12:24:38,0.15,150,113800
20240228,12:24:38,0.15,100,113800
20240228,12:32:39,0.15,50,113800
20240228,12:35:39,0.15,250,113800
20240228,12:42:49,0.2,250,113800
20240228,12:43:02,0.15,1350,113800
20240228,12:43:28,0.2,50,113750
20240228,12:44:23,0.15,50,113750
20240228,12:46:32,0.2,950,113750
20240228,12:49:22,0.2,1400,113750
20240228,12:52:22,0.25,200,113750
20240228,12:52:47,0.25,50,113750
20240228,12:52:58,0.15,50,113750
20240228,12:55:03,0.15,50,113750
20240228,13:06:48,0.2,50,113750
20240228,13:07:19,0.25,100,113750
20240228,13:07:25,0.25,500,113750
20240228,13:07:38,0.15,4000,113900
20240228,13:07:45,0.15,1800,113900
20240228,13:07:46,0.15,1800,113900
20240228,13:08:27,0.2,400,113900
20240228,13:09:45,0.15,600,113900
20240228,13:12:45,0.15,500,115750
20240228,13:12:50,0.15,700,115750
20240228,13:15:50,0.15,50,115750
20240228,13:16:25,0.15,50,115750
20240228,13:16:49,0.15,50,115750
20240228,13:16:52,0.15,100,115750
20240228,13:17:12,0.15,50,115750
20240228,13:20:13,0.15,50,115750
20240228,13:24:25,0.2,1900,115750
20240228,13:25:43,0.2,450,115750
20240228,13:27:06,0.2,450,115300
20240228,13:27:52,0.2,1800,115300
20240228,13:29:03,0.2,1800,115300
20240228,13:31:47,0.15,250,115300
20240228,13:32:51,0.2,1800,115300
20240228,13:32:51,0.25,1800,115300
20240228,13:33:02,0.2,600,115300
20240228,13:34:46,0.2,300,115300
20240228,13:35:48,0.2,200,114600
20240228,13:37:57,0.2,250,114600
20240228,13:42:11,0.25,1800,114750
20240228,13:42:11,0.3,5400,115000
20240228,13:42:12,0.3,14100,115000
20240228,13:42:13,0.2,50,115000
20240228,13:50:11,0.3,50,108600
20240228,13:50:20,0.25,250,108600
20240228,13:50:47,0.2,50,108600
20240228,13:51:27,0.2,1150,108600
20240228,13:59:31,0.3,50,107450
20240228,13:59:37,0.25,250,107450
20240228,14:03:05,0.3,1000,107350
20240228,14:03:11,0.25,600,107350
20240228,14:03:12,0.25,50,107350
20240228,14:03:13,0.25,100,107350
20240228,14:03:46,0.25,200,107350
20240228,14:03:47,0.25,1050,107350
20240228,14:10:23,0.3,1800,107050
20240228,14:10:28,0.25,250,107050
20240228,14:14:07,0.25,250,108750
20240228,14:16:05,0.3,50,108750
20240228,14:16:17,0.25,50,108750
20240228,14:16:54,0.25,50,108750
20240228,14:20:37,0.25,250,108550
20240228,14:27:49,0.25,250,108500
20240228,14:29:26,0.25,100,108500
20240228,14:31:25,0.25,250,108500
20240228,14:31:57,0.3,50,108400
20240228,14:32:45,0.25,250,108400
20240228,14:33:27,0.25,250,108400
20240228,14:34:01,0.25,250,108400
20240228,14:34:20,0.25,250,108400
20240228,14:37:05,0.25,600,108550
20240228,14:37:37,0.3,50,108550
20240228,14:37:52,0.25,500,108550
20240228,14:41:42,0.2,100,108700
20240228,14:43:03,0.2,50,108700
20240228,14:44:30,0.2,100,108550
20240228,14:49:53,0.2,250,108450
20240228,14:49:57,0.2,300,108450
20240228,14:50:27,0.2,300,108450
20240228,14:59:53,0.2,100,108450
20240228,15:02:19,0.2,250,108500
20240228,15:02:39,0.2,250,108400
20240228,15:03:50,0.2,1000,108400
20240228,15:03:52,0.15,100,108400
20240228,15:05:32,0.15,100,108400
20240228,15:06:13,0.15,1800,108400
20240228,15:06:27,0.15,250,108400
20240228,15:07:50,0.1,250,108400
20240228,15:09:19,0.1,1000,108700
20240228,15:10:04,0.1,250,108700
20240228,15:10:05,0.15,200,108700
20240228,15:10:12,0.1,400,108700
20240228,15:10:19,0.1,300,108700
20240228,15:10:24,0.1,450,108700
20240228,15:10:27,0.1,550,108700
20240228,15:10:32,0.1,250,108700
20240228,15:10:52,0.1,400,108700
20240228,15:11:03,0.1,300,109550
20240228,15:11:36,0.1,100,109550
20240228,15:11:50,0.15,100,109550
20240228,15:12:10,0.1,250,109550
20240228,15:12:44,0.15,250,109550
20240228,15:13:37,0.1,500,109550
20240228,15:14:55,0.15,800,110500
20240228,15:15:13,0.1,50,110500
20240228,15:15:55,0.1,250,110500
20240228,15:16:44,0.1,1800,110500
20240228,15:16:45,0.15,100,110500
20240228,15:17:15,0.1,800,112750
20240228,15:17:16,0.1,150,112750
20240228,15:19:48,0.1,300,112750
20240228,15:19:52,0.1,450,113850
20240228,15:19:55,0.1,300,113850
20240228,15:20:07,0.1,900,113850
20240228,15:22:20,0.1,50,113850
20240228,15:22:24,0.1,50,113850
20240228,15:22:26,0.1,1450,113850
20240228,15:22:27,0.1,400,113850
20240228,15:24:29,0.1,1850,113850
20240228,15:24:39,0.1,50,114600
20240228,15:26:04,0.1,50,116450
20240228,15:27:43,0.1,750,116450
20240228,15:28:39,0.1,500,116450
20240228,15:29:30,0.15,1100,117750
20240228,15:29:31,0.1,100,117750
20240228,15:29:32,0.1,100,117750
20240229,09:15:01,0.1,1,116950
20240229,09:15:01,0.1,50,116950
20240229,09:15:04,0.2,3950,116950
20240229,09:15:05,0.1,50,116950
20240229,09:15:06,0.15,600,116950
20240229,09:15:08,0.15,2050,116950
20240229,09:15:09,0.1,50,116950
20240229,09:15:15,0.1,200,116950
20240229,09:15:20,0.15,1000,116950
20240229,09:15:22,0.15,150,116950
20240229,09:15:23,0.15,300,116950
20240229,09:15:24,0.15,200,116950
20240229,09:15:36,0.1,2250,116950
20240229,09:15:38,0.1,3600,116950
20240229,09:15:39,0.05,300,116950
20240229,09:15:41,0.05,1800,116950
20240229,09:15:42,0.05,1800,116950
20240229,09:15:44,0.05,3600,116950
20240229,09:15:45,0.05,1800,116950
20240229,09:15:46,0.05,3600,116950
20240229,09:15:47,0.15,350,116950
20240229,09:15:48,0.05,3600,116950
20240229,09:15:50,0.15,3600,116950
20240229,09:15:51,0.05,5400,116950
20240229,09:15:52,0.15,3250,116950
20240229,09:15:52,0.15,350,116950
20240229,09:15:57,0.05,1800,116950
20240229,09:15:58,0.05,1800,116950
20240229,09:16:00,0.15,600,116950
20240229,09:16:02,0.05,100,116950
20240229,09:16:05,0.1,1850,111650
20240229,09:16:11,0.05,100,111650
20240229,09:16:14,0.1,1650,111650
20240229,09:16:14,0.1,250,111650
20240229,09:16:18,0.1,6600,111650
20240229,09:16:28,0.15,2500,111650
20240229,09:16:30,0.15,2300,111650
20240229,09:16:33,0.1,3600,111650
20240229,09:16:35,0.1,600,111650
20240229,09:16:38,0.05,100,111650
20240229,09:16:41,0.1,2350,111650
20240229,09:16:41,0.15,2550,111650
20240229,09:16:44,0.1,50,111650
20240229,09:16:45,0.15,1900,111650
20240229,09:16:58,0.15,1800,111650
20240229,09:17:09,0.15,1800,111650
20240229,09:19:08,0.15,1800,85600
20240229,09:19:14,0.15,1800,85600
20240229,09:19:15,0.15,2200,85600
20240229,09:19:16,0.15,150,85600
20240229,09:19:17,0.2,3600,85600
20240229,09:19:20,0.2,1800,85600
20240229,09:19:22,0.2,1800,85600
20240229,09:19:23,0.2,1800,85600
20240229,09:19:24,0.15,2400,85600
20240229,09:19:24,0.2,1900,85600
20240229,09:19:25,0.25,4050,85600
20240229,09:19:32,0.25,1800,85600
20240229,09:19:50,0.25,100,85600
20240229,09:20:39,0.25,2200,85600
20240229,09:20:41,0.25,1800,85600
20240229,09:20:46,0.25,1800,85600
20240229,09:20:53,0.2,2550,85600
20240229,09:20:57,0.25,2700,85600
20240229,09:21:00,0.2,3250,85600
20240229,09:21:05,0.2,250,85600
20240229,09:21:06,0.2,1800,85600
20240229,09:21:07,0.25,3600,85600
20240229,09:21:08,0.25,8100,85600
20240229,09:21:10,0.2,2750,85600
20240229,09:21:12,0.25,1800,85600
20240229,09:21:13,0.25,1850,85600
20240229,09:21:15,0.2,250,85600
20240229,09:21:25,0.25,2250,85600
20240229,09:21:28,0.25,2150,85600
20240229,09:21:31,0.2,250,85600
20240229,09:21:34,0.3,1000,85600
20240229,09:21:40,0.3,250,85600
20240229,09:21:42,0.3,50,85600
20240229,09:21:48,0.3,50,85600
20240229,09:21:55,0.3,50,85600
20240229,09:22:11,0.25,50,78800
20240229,09:22:29,0.25,400,78800
20240229,09:22:30,0.25,1600,78800
20240229,09:22:54,0.3,50,78800
20240229,09:23:11,0.25,50,78800
20240229,09:23:32,0.3,50,78800
20240229,09:23:48,0.2,50,78800
20240229,09:24:48,0.25,800,78800
20240229,09:25:43,0.2,250,78800
20240229,09:26:44,0.25,50,79550
20240229,09:27:47,0.2,250,79550
20240229,09:28:27,0.25,300,79350
20240229,09:29:42,0.2,100,79350
20240229,09:31:09,0.25,50,79350
20240229,09:32:29,0.25,400,79350
20240229,09:34:36,0.25,1000,79800
20240229,09:34:40,0.25,1000,79800
20240229,09:37:15,0.25,50,81800
20240229,09:39:00,0.2,800,81800
20240229,09:40:21,0.25,200,81800
20240229,09:40:24,0.2,50,81450
20240229,09:41:22,0.25,50,81450
20240229,09:41:52,0.25,150,81450
20240229,09:44:05,0.25,50,81850
20240229,09:45:41,0.25,4000,81850
20240229,09:46:49,0.2,100,85900
20240229,09:48:06,0.25,50,85900
20240229,09:48:12,0.2,1800,85900
20240229,09:48:35,0.25,50,85900
20240229,09:48:58,0.25,100,85900
20240229,09:49:06,0.2,1800,85100
20240229,09:49:22,0.25,50,85100
20240229,09:49:33,0.2,200,85100
20240229,09:50:26,0.25,1300,85100
20240229,09:50:44,0.2,1800,85100
20240229,09:50:49,0.2,200,85100
20240229,09:51:31,0.25,8000,85100
20240229,09:52:45,0.2,500,78650
20240229,09:54:01,0.25,1800,78650
20240229,09:54:23,0.2,500,78650
20240229,09:55:21,0.25,1300,78650
20240229,09:55:31,0.25,1300,78650
20240229,09:55:37,0.2,4000,78650
20240229,09:56:58,0.2,4550,78650
20240229,09:56:59,0.25,2700,78650
20240229,09:57:00,0.25,2250,78650
20240229,09:57:17,0.2,1800,78650
20240229,09:57:22,0.25,2650,78650
20240229,09:57:49,0.25,300,78650
20240229,09:58:32,0.25,50,73900
20240229,09:58:34,0.25,500,73900
20240229,09:58:59,0.25,700,73900
20240229,09:59:12,0.2,150,73900
20240229,10:02:18,0.2,50,73400
20240229,10:02:41,0.2,100,73400
20240229,10:03:20,0.2,100,73400
20240229,10:03:35,0.25,1050,73400
20240229,10:03:45,0.2,300,73400
20240229,10:04:29,0.2,50,72800
20240229,10:06:27,0.25,750,72800
20240229,10:06:41,0.2,50,72800
20240229,10:06:56,0.25,50,72800
20240229,10:07:07,0.2,50,72800
20240229,10:08:21,0.25,50,72650
20240229,10:10:16,0.25,50,72650
20240229,10:10:40,0.25,50,72700
20240229,10:10:42,0.2,50,72700
20240229,10:10:44,0.2,50,72700
20240229,10:11:53,0.25,100,72700
20240229,10:15:23,0.2,50,72900
20240229,10:18:24,0.2,100,72900
20240229,10:18:42,0.25,50,72900
20240229,10:18:50,0.25,250,72900
20240229,10:20:51,0.25,100,72900
20240229,10:21:28,0.25,500,72900
20240229,10:23:40,0.25,50,72800
20240229,10:24:22,0.2,50,72800
20240229,10:25:53,0.2,200,72800
20240229,10:27:24,0.2,50,72800
20240229,10:29:18,0.2,1800,72800
20240229,10:39:32,0.25,100,72000
20240229,10:40:36,0.25,1800,72000
20240229,10:44:00,0.2,400,72000
20240229,10:44:54,0.25,50,72000
20240229,10:45:08,0.25,50,72000
20240229,10:45:24,0.25,50,72000
20240229,10:46:24,0.2,50,71600
20240229,10:46:34,0.2,50,71600
20240229,10:46:42,0.2,50,71600
20240229,10:48:03,0.25,250,71600
20240229,10:53:32,0.25,300,71450
20240229,10:57:32,0.2,100,71450
20240229,11:00:20,0.25,150,71350
20240229,11:00:52,0.2,150,71350
20240229,11:02:00,0.25,1000,71200
20240229,11:04:15,0.2,550,71200
20240229,11:05:14,0.2,4650,71050
20240229,11:06:21,0.2,50,71050
20240229,11:06:52,0.2,1000,71050
20240229,11:07:04,0.2,50,71050
20240229,11:07:27,0.2,50,66750
20240229,11:15:07,0.25,100,66750
20240229,11:16:51,0.25,1000,66700
20240229,11:16:54,0.2,250,66700
20240229,11:17:20,0.2,900,66700
20240229,11:17:22,0.2,450,66700
20240229,11:17:24,0.2,200,66700
20240229,11:17:51,0.2,1000,66700
20240229,11:17:53,0.2,100,66700
20240229,11:18:19,0.2,500,66700
20240229,11:18:20,0.2,50,66700
20240229,11:18:26,0.2,500,66700
20240229,11:18:39,0.2,250,66700
20240229,11:22:16,0.2,650,66700
20240229,11:22:21,0.2,50,67700
20240229,11:22:22,0.2,300,67800
20240229,11:22:53,0.2,1050,67800
20240229,11:26:34,0.25,50,67800
20240229,11:29:01,0.25,2500,68050
20240229,11:29:14,0.15,2500,68050
20240229,11:29:20,0.2,2400,68050
20240229,11:30:08,0.25,50,68050
20240229,11:30:20,0.25,50,68050
20240229,11:30:38,0.25,50,68050
20240229,11:30:51,0.2,50,68050
20240229,11:31:03,0.2,100,68050
20240229,11:31:10,0.2,50,68050
20240229,11:31:12,0.2,50,68050
20240229,11:31:27,0.15,50,66550
20240229,11:31:35,0.15,50,66550
20240229,11:35:34,0.2,50,66550
20240229,11:37:30,0.2,50,66550
20240229,11:42:16,0.2,50,66600
20240229,11:49:45,0.2,100,66550
20240229,11:50:26,0.15,1200,66550
20240229,11:54:47,0.2,50,65850
20240229,11:56:20,0.15,250,65850
20240229,11:56:39,0.2,500,65850
20240229,11:57:35,0.15,50,65850
20240229,12:06:24,0.15,50,65850
20240229,12:06:25,0.15,3000,65850
20240229,12:07:26,0.15,50,65850
20240229,12:10:27,0.2,850,65850
20240229,12:11:10,0.2,50,69050
20240229,12:12:43,0.2,1000,69050
20240229,12:18:13,0.2,50,69050
20240229,12:18:35,0.15,600,69050
20240229,12:20:22,0.15,50,69050
20240229,12:27:33,0.15,500,69050
20240229,12:28:53,0.2,50,69050
20240229,12:34:45,0.15,250,69050
20240229,12:38:57,0.2,500,69050
20240229,12:41:34,0.15,50,69050
20240229,12:43:40,0.2,50,69050
20240229,12:49:47,0.15,400,69050
20240229,12:49:52,0.2,50,69050
20240229,12:51:42,0.15,300,69050
20240229,12:51:47,0.2,150,69050
20240229,12:51:53,0.15,50,69050
20240229,12:59:58,0.15,1100,68750
20240229,13:01:05,0.15,50,68750
20240229,13:01:47,0.15,200,68750
20240229,13:01:48,0.15,3200,67600
20240229,13:02:31,0.15,50,67600
20240229,13:04:42,0.15,1500,64550
20240229,13:06:56,0.15,1800,64550
20240229,13:07:04,0.15,2450,64550
20240229,13:08:16,0.2,150,63050
20240229,13:08:52,0.15,150,63050
20240229,13:08:59,0.1,500,63050
20240229,13:10:33,0.15,150,63050
20240229,13:11:38,0.15,150,63050
20240229,13:11:39,0.2,50,62700
20240229,13:11:47,0.2,50,62700
20240229,13:12:32,0.2,200,62700
20240229,13:16:08,0.15,50,62700
20240229,13:16:28,0.15,50,62500
20240229,13:21:23,0.15,50,62450
20240229,13:25:11,0.15,50,62450
20240229,13:25:54,0.1,550,62350
20240229,13:27:03,0.15,100,62350
20240229,13:27:07,0.15,550,62350
20240229,13:27:13,0.1,50,62350
20240229,13:27:20,0.15,50,62350
20240229,13:28:41,0.1,50,61700
20240229,13:29:08,0.1,50,61700
20240229,13:29:31,0.15,100,61700
20240229,13:29:57,0.2,3000,61700
20240229,13:36:49,0.2,250,61600
20240229,13:40:20,0.2,50,61600
20240229,13:44:02,0.15,3050,61850
20240229,13:44:24,0.15,1000,61900
20240229,13:50:09,0.1,3000,61900
20240229,13:50:54,0.1,50,60850
20240229,13:51:20,0.1,250,60850
20240229,13:51:51,0.1,500,60850
20240229,13:51:53,0.1,50,60850
20240229,13:53:02,0.1,1800,63850
20240229,13:53:54,0.15,50,63850
20240229,13:54:23,0.15,1800,63850
20240229,13:54:24,0.15,1200,63850
20240229,13:56:15,0.1,3500,63850
20240229,13:57:38,0.15,3300,61700
20240229,13:59:58,0.1,50,60600
20240229,14:00:27,0.15,300,60600
20240229,14:02:42,0.15,50,60300
20240229,14:05:03,0.15,200,60300
20240229,14:11:33,0.1,1000,60300
20240229,14:11:35,0.1,2600,60300
20240229,14:12:09,0.1,250,60300
20240229,14:16:00,0.1,50,60300
20240229,14:21:00,0.15,550,58800
20240229,14:21:10,0.1,1800,58800
20240229,14:21:20,0.1,300,58800
20240229,14:21:53,0.1,250,58800
20240229,14:30:51,0.1,1000,58800
20240229,14:31:53,0.1,100,56100
20240229,14:32:10,0.1,50,56100
20240229,14:33:00,0.1,50,56100
20240229,14:35:59,0.1,50,56100
20240229,14:36:01,0.1,500,56100
20240229,14:36:49,0.15,50,56100
20240229,14:40:07,0.15,250,55500
20240229,14:43:02,0.1,100,55500
20240229,14:44:22,0.1,50,55250
20240229,14:46:47,0.1,500,55150
20240229,14:47:20,0.1,50,54700
20240229,14:47:37,0.1,300,54700
20240229,14:48:45,0.2,8000,54700
20240229,14:49:16,0.2,500,54700
20240229,14:50:15,0.15,100,59200
20240229,14:52:04,0.1,400,59200
20240229,14:56:20,0.15,500,59200
20240229,14:56:50,0.15,350,58900
20240229,14:57:21,0.05,5000,58900
20240229,14:57:35,0.1,2900,58900
20240229,14:57:35,0.1,50,58900
20240229,15:00:28,0.1,50,54500
20240229,15:00:58,0.15,50,54500
20240229,15:00:58,0.1,50,54500
20240229,15:02:34,0.1,50,54550
20240229,15:02:51,0.05,1400,54550
20240229,15:02:58,0.1,700,54550
20240229,15:04:07,0.05,100,54550
20240229,15:04:40,0.05,50,54550
20240229,15:05:30,0.1,700,54550
20240229,15:05:40,0.1,100,53850
20240229,15:06:00,0.15,100,53850
20240229,15:12:41,0.05,350,53850
20240229,15:13:07,0.1,700,53050
20240229,15:15:16,0.05,200,53050
20240229,15:15:25,0.05,550,52450
20240229,15:17:13,0.05,50,52450
20240229,15:18:00,0.1,50,52450
20240229,15:18:39,0.1,50,52450
20240229,15:18:58,0.1,50,52450
20240229,15:19:13,0.05,100,52450
20240229,15:19:28,0.05,50,52450
20240229,15:19:45,0.05,50,52450
20240229,15:19:57,0.05,50,52450
20240229,15:20:04,0.05,100,52450
20240229,15:22:16,0.05,50,52600
20240229,15:22:19,0.05,1800,52600
20240229,15:22:33,0.05,100,52600
20240229,15:23:50,0.05,50,52600
20240229,15:24:43,0.05,200,50700
20240229,15:24:48,0.05,800,50700
20240229,15:24:50,0.05,900,50700
20240229,15:24:51,0.05,150,50700
20240229,15:24:52,0.05,400,50700
20240229,15:24:53,0.05,650,50700
20240229,15:25:10,0.05,50,50700
20240229,15:25:18,0.05,250,50700
20240229,15:29:59,0.05,300,50700
