date,time,tick_price,volume,open_interest
20240111,13:38:12,1.25,250,3700
20240111,13:38:19,1.35,1300,3700
20240111,13:38:36,1.4,700,3700
20240111,13:38:44,1.5,1450,3700
20240111,13:40:20,1.5,250,3700
20240111,14:10:06,1.5,50,3950
20240111,15:20:21,1.5,50,4000
20240112,09:15:05,1.4,1,4000
20240112,09:15:05,1.4,50,4000
20240112,09:15:37,1.35,2000,4000
20240112,09:15:40,1.45,200,4000
20240112,09:15:53,1.25,500,4000
20240112,09:15:54,1.15,2000,4000
20240112,09:16:00,1.15,500,4000
20240112,09:16:03,1.25,700,4000
20240112,09:16:06,1.25,50,4000
20240112,09:16:36,1.2,50,4000
20240112,09:16:38,1.2,50,4000
20240112,09:16:39,1.2,50,4000
20240112,09:16:46,1.2,50,4000
20240112,09:16:48,1.2,50,4000
20240112,09:16:49,1.2,50,4000
20240112,09:16:53,1.2,50,4000
20240112,09:16:54,1.2,50,4000
20240112,09:16:57,1.2,50,4000
20240112,09:17:01,1.2,50,4000
20240112,09:17:02,1.2,50,4000
20240112,09:17:16,1.2,100,4000
20240112,09:17:46,1.2,200,4000
20240112,09:18:10,1.2,50,5850
20240112,09:18:14,1.2,50,5850
20240112,09:19:24,1.2,250,5850
20240112,09:19:26,1.25,50,5850
20240112,09:19:33,1.25,100,5850
20240112,09:21:04,1.25,1800,5550
20240112,09:21:08,1.3,1800,5550
20240112,09:21:11,1.3,300,5550
20240112,09:21:11,1.35,1800,5550
20240112,09:21:24,1.25,100,5550
20240112,09:21:33,1.35,950,5550
20240112,09:22:44,1.4,150,5550
20240112,09:23:20,1.3,200,5550
20240112,09:23:33,1.35,500,10550
20240112,09:23:37,1.35,650,10550
20240112,09:23:37,1.4,1900,10550
20240112,09:23:47,1.35,200,10550
20240112,09:23:48,1.35,50,10550
20240112,09:23:50,1.3,50,10550
20240112,09:23:52,1.35,50,10550
20240112,09:23:54,1.4,1950,10550
20240112,09:24:09,1.4,350,10550
20240112,09:24:10,1.45,1900,10550
20240112,09:24:13,1.35,700,10550
20240112,09:24:18,1.45,100,10550
20240112,09:24:19,1.4,200,10550
20240112,09:24:27,1.45,1350,10550
20240112,09:24:35,1.45,1900,10550
20240112,09:24:49,1.45,700,10550
20240112,09:24:54,1.5,50,10550
20240112,09:25:11,1.5,50,10550
20240112,09:25:24,1.5,2600,10550
20240112,09:25:30,1.5,150,10550
20240112,09:25:54,1.5,500,10550
20240112,09:25:57,1.45,50,10550
20240112,09:26:56,1.5,1450,10550
20240112,09:28:38,1.45,250,22450
20240112,09:30:07,1.45,250,22450
20240112,09:30:11,1.55,100,22000
20240112,09:30:26,1.5,200,22000
20240112,09:30:30,1.55,1800,22000
20240112,09:30:51,1.55,100,22000
20240112,09:31:26,1.45,1800,22000
20240112,09:31:31,1.45,1800,22000
20240112,09:32:17,1.5,1400,22000
20240112,09:32:17,1.5,400,22000
20240112,09:33:48,1.5,50,22000
20240112,09:34:02,1.45,400,26650
20240112,09:34:38,1.5,3400,26650
20240112,09:35:21,1.45,1800,26650
20240112,09:35:22,1.45,800,25800
20240112,09:35:23,1.45,1900,25800
20240112,09:35:24,1.45,1200,25800
20240112,09:35:44,1.5,50,25800
20240112,09:35:59,1.5,1000,25800
20240112,09:38:31,1.5,50,25800
20240112,09:39:38,1.4,50,30500
20240112,09:39:39,1.45,50,30500
20240112,09:39:44,1.45,50,30500
20240112,09:39:49,1.4,350,30500
20240112,09:40:09,1.45,50,30500
20240112,09:40:33,1.4,1000,30500
20240112,09:40:35,1.4,100,30500
20240112,09:40:52,1.45,300,30500
20240112,09:41:40,1.35,2200,31350
20240112,09:42:28,1.35,700,31350
20240112,09:42:56,1.35,50,31350
20240112,09:43:08,1.35,50,31350
20240112,09:43:19,1.35,50,31350
20240112,09:43:26,1.35,50,31350
20240112,09:43:49,1.35,50,31350
20240112,09:43:50,1.35,50,31350
20240112,09:44:12,1.35,100,31350
20240112,09:44:20,1.35,50,31350
20240112,09:44:50,1.35,50,32450
20240112,09:45:35,1.45,50,32450
20240112,09:46:17,1.45,350,32450
20240112,09:46:53,1.45,100,32450
20240112,09:46:57,1.4,400,32450
20240112,09:49:02,1.4,1200,32450
20240112,09:51:47,1.35,100,32450
20240112,09:51:53,1.35,500,32450
20240112,09:52:09,1.4,600,32450
20240112,09:52:22,1.35,50,32450
20240112,09:53:02,1.35,50,32450
20240112,09:53:38,1.35,50,32450
20240112,09:54:46,1.4,250,33050
20240112,09:55:05,1.4,3000,33050
20240112,09:55:35,1.35,150,33050
20240112,09:55:43,1.4,4900,33050
20240112,09:56:33,1.4,50,39850
20240112,09:57:01,1.45,50,39850
20240112,09:57:27,1.45,1850,39850
20240112,09:57:28,1.5,1800,39850
20240112,09:57:54,1.5,50,39850
20240112,09:59:06,1.45,1300,39850
20240112,09:59:46,1.45,250,44150
20240112,10:00:02,1.5,50,44150
20240112,10:00:15,1.45,1000,44150
20240112,10:00:17,1.45,250,44150
20240112,10:00:18,1.4,50,44150
20240112,10:01:33,1.5,50,44150
20240112,10:01:36,1.45,50,44150
20240112,10:01:40,1.4,50,44150
20240112,10:02:44,1.45,50,44150
20240112,10:02:51,1.45,50,44450
20240112,10:03:22,1.5,250,44450
20240112,10:03:24,1.45,500,44450
20240112,10:03:55,1.5,300,44450
20240112,10:04:01,1.5,250,44450
20240112,10:04:08,1.5,300,44450
20240112,10:04:32,1.5,250,44450
20240112,10:04:34,1.5,4100,44450
20240112,10:05:00,1.55,250,44450
20240112,10:05:01,1.55,250,44450
20240112,10:05:05,1.6,400,44450
20240112,10:05:08,1.6,500,44450
20240112,10:05:12,1.6,200,44450
20240112,10:05:38,1.65,1850,42500
20240112,10:06:08,1.65,50,42500
20240112,10:06:11,1.65,1800,42500
20240112,10:06:20,1.6,2000,42500
20240112,10:06:48,1.6,600,42500
20240112,10:07:01,1.6,600,42500
20240112,10:07:13,1.6,50,42500
20240112,10:07:25,1.65,1800,42500
20240112,10:07:30,1.65,200,42500
20240112,10:07:36,1.6,1400,42500
20240112,10:07:50,1.6,2150,42500
20240112,10:07:53,1.6,400,42500
20240112,10:07:58,1.6,1550,42500
20240112,10:08:09,1.65,500,42500
20240112,10:08:22,1.6,2500,42500
20240112,10:08:24,1.6,200,42500
20240112,10:08:44,1.55,2400,53000
20240112,10:09:07,1.55,1800,53000
20240112,10:09:29,1.6,950,53000
20240112,10:09:36,1.6,400,53000
20240112,10:09:50,1.55,250,53000
20240112,10:09:51,1.6,300,53000
20240112,10:09:57,1.6,950,53000
20240112,10:09:59,1.6,100,53000
20240112,10:10:01,1.6,250,53000
20240112,10:10:10,1.6,400,53000
20240112,10:10:14,1.55,400,53000
20240112,10:10:23,1.6,250,53000
20240112,10:10:27,1.6,300,53000
20240112,10:10:41,1.6,150,53000
20240112,10:10:43,1.6,50,53000
20240112,10:10:54,1.55,500,53000
20240112,10:11:21,1.55,100,53000
20240112,10:12:07,1.6,50,53000
20240112,10:13:17,1.55,600,55350
20240112,10:13:24,1.5,50,55350
20240112,10:13:34,1.55,50,55350
20240112,10:13:36,1.55,100,55350
20240112,10:13:37,1.55,50,55350
20240112,10:13:54,1.55,50,55350
20240112,10:14:02,1.55,50,55350
20240112,10:14:38,1.5,50,55700
20240112,10:15:01,1.55,50,55700
20240112,10:15:04,1.5,50,55700
20240112,10:16:20,1.5,50,55700
20240112,10:16:55,1.5,800,55700
20240112,10:17:08,1.5,150,55700
20240112,10:17:09,1.5,150,55700
20240112,10:17:18,1.5,1400,55700
20240112,10:17:22,1.5,550,55700
20240112,10:17:28,1.5,50,55900
20240112,10:17:34,1.5,400,55900
20240112,10:17:40,1.55,50,55900
20240112,10:17:55,1.5,150,55900
20240112,10:17:57,1.5,1000,55900
20240112,10:18:03,1.5,850,55900
20240112,10:18:19,1.45,50,55900
20240112,10:18:21,1.5,500,55900
20240112,10:19:21,1.5,50,55900
20240112,10:21:35,1.5,300,56100
20240112,10:21:41,1.5,150,56100
20240112,10:21:55,1.5,150,56100
20240112,10:22:01,1.5,100,56100
20240112,10:22:29,1.5,100,56100
20240112,10:22:53,1.5,50,56100
20240112,10:23:17,1.45,50,56100
20240112,10:23:20,1.5,50,56100
20240112,10:23:21,1.5,50,56100
20240112,10:23:23,1.5,100,56100
20240112,10:23:24,1.45,50,56100
20240112,10:23:44,1.5,450,56300
20240112,10:24:59,1.55,50,56300
20240112,10:25:03,1.55,50,56300
20240112,10:26:06,1.45,50,56300
20240112,10:26:17,1.55,50,56300
20240112,10:27:05,1.5,50,56300
20240112,10:27:46,1.55,900,56300
20240112,10:27:49,1.55,50,56300
20240112,10:28:13,1.55,2050,56300
20240112,10:28:13,1.55,50,56300
20240112,10:28:16,1.55,50,56300
20240112,10:28:21,1.55,350,56300
20240112,10:28:22,1.6,250,56300
20240112,10:28:32,1.55,50,56300
20240112,10:28:37,1.6,500,56300
20240112,10:28:39,1.6,150,56300
20240112,10:29:21,1.6,1800,56300
20240112,10:29:28,1.6,2400,56300
20240112,10:29:29,1.6,1800,56300
20240112,10:30:04,1.6,900,61500
20240112,10:30:12,1.65,3600,61500
20240112,10:30:16,1.65,1800,61500
20240112,10:30:41,1.65,150,61500
20240112,10:30:51,1.65,1050,61500
20240112,10:30:56,1.65,250,61500
20240112,10:30:59,1.65,50,61500
20240112,10:31:30,1.65,50,61500
20240112,10:31:50,1.65,3800,61500
20240112,10:34:13,1.65,50,61500
20240112,10:34:26,1.6,50,66650
20240112,10:34:46,1.6,150,66650
20240112,10:34:53,1.6,150,66650
20240112,10:35:18,1.6,650,66650
20240112,10:37:01,1.6,50,66850
20240112,10:38:31,1.7,50,66850
20240112,10:39:27,1.7,300,66800
20240112,10:40:02,1.7,300,66800
20240112,10:40:03,1.7,1500,66800
20240112,10:40:10,1.75,250,66800
20240112,10:40:14,1.75,650,66800
20240112,10:40:15,1.75,500,66800
20240112,10:40:41,1.8,1400,66800
20240112,10:40:48,1.85,3850,66800
20240112,10:40:57,1.9,1050,66800
20240112,10:40:58,1.9,350,66800
20240112,10:41:45,1.9,1900,70150
20240112,10:41:59,1.9,100,70150
20240112,10:42:10,1.8,100,70150
20240112,10:43:14,1.8,100,70150
20240112,10:43:23,1.9,100,70150
20240112,10:43:32,1.9,500,70150
20240112,10:43:58,1.8,100,70150
20240112,10:44:12,1.85,2550,70150
20240112,10:44:16,1.9,2950,70150
20240112,10:44:22,1.9,1400,70150
20240112,10:44:31,1.9,800,70150
20240112,10:45:17,1.9,2050,69650
20240112,10:47:17,1.9,50,69650
20240112,10:47:31,1.9,200,69650
20240112,10:47:34,1.9,150,71900
20240112,10:48:18,1.85,550,71900
20240112,10:48:54,1.85,2750,71900
20240112,10:49:12,1.85,700,71900
20240112,10:49:14,1.9,700,71900
20240112,10:49:58,1.9,500,71900
20240112,10:50:20,1.85,500,71900
20240112,10:50:26,1.85,150,71900
20240112,10:50:28,1.9,1800,71900
20240112,10:50:43,1.9,1800,76400
20240112,10:50:44,1.9,1800,76400
20240112,10:50:59,1.8,250,76400
20240112,10:51:04,1.85,1600,76400
20240112,10:52:53,1.95,2200,76400
20240112,10:54:08,1.95,50,76400
20240112,10:54:20,1.85,350,77150
20240112,10:55:36,1.85,500,77150
20240112,10:55:44,1.85,1400,77150
20240112,10:56:28,1.8,250,77150
20240112,10:56:29,1.8,1050,77150
20240112,10:58:10,1.75,500,77300
20240112,10:59:49,1.85,250,76800
20240112,11:00:13,1.85,250,76800
20240112,11:00:21,1.85,250,76800
20240112,11:01:30,1.85,450,76800
20240112,11:01:31,1.85,1100,76800
20240112,11:02:23,1.9,300,76800
20240112,11:03:58,1.9,850,77550
20240112,11:04:11,1.9,1150,77550
20240112,11:04:53,1.95,150,77550
20240112,11:05:20,1.95,1800,77550
20240112,11:05:21,1.95,1800,77550
20240112,11:07:53,1.95,50,82500
20240112,11:08:15,1.95,200,82500
20240112,11:08:18,1.85,100,82500
20240112,11:08:21,1.95,300,82500
20240112,11:08:32,1.9,550,82500
20240112,11:08:34,1.95,250,82500
20240112,11:09:14,1.9,50,82650
20240112,11:09:27,1.9,50,82650
20240112,11:09:29,1.9,50,82650
20240112,11:09:38,1.9,200,82650
20240112,11:09:42,1.9,50,82650
20240112,11:09:43,1.9,50,82650
20240112,11:09:49,1.9,50,82650
20240112,11:10:07,1.95,300,82650
20240112,11:10:28,1.9,50,82650
20240112,11:11:04,1.9,50,82650
20240112,11:11:20,1.9,5400,82650
20240112,11:11:22,1.9,200,82650
20240112,11:11:47,1.85,100,82650
20240112,11:11:52,1.85,100,81750
20240112,11:11:54,1.85,100,81750
20240112,11:12:04,1.85,150,81750
20240112,11:12:11,1.85,150,81750
20240112,11:12:24,1.85,150,81750
20240112,11:12:36,1.85,3100,81750
20240112,11:13:51,1.85,200,81750
20240112,11:13:52,1.85,350,81750
20240112,11:13:57,1.85,300,81750
20240112,11:14:07,1.85,250,81750
20240112,11:14:21,1.85,550,81750
20240112,11:14:39,1.85,2750,81300
20240112,11:16:37,1.8,100,81300
20240112,11:16:51,1.8,300,81300
20240112,11:16:51,1.8,150,81300
20240112,11:16:58,1.8,3600,81300
20240112,11:17:52,1.8,1800,81300
20240112,11:19:39,1.8,6200,83850
20240112,11:19:59,1.85,100,83850
20240112,11:20:03,1.85,350,83850
20240112,11:20:04,1.8,1800,83850
20240112,11:20:06,1.85,50,83850
20240112,11:20:19,1.8,950,83850
20240112,11:20:31,1.75,300,83850
20240112,11:21:13,1.8,7200,84300
20240112,11:21:30,1.8,2100,84300
20240112,11:21:33,1.8,17950,84300
20240112,11:21:35,1.85,50,84300
20240112,11:21:36,1.8,1500,84300
20240112,11:21:37,1.8,300,84300
20240112,11:21:42,1.85,250,84300
20240112,11:21:52,1.85,300,84300
20240112,11:22:03,1.85,250,84300
20240112,11:22:19,1.85,100,84300
20240112,11:22:26,1.85,250,84300
20240112,11:23:06,1.8,450,84300
20240112,11:23:06,1.85,250,84300
20240112,11:23:20,1.85,250,84300
20240112,11:23:36,1.85,250,84300
20240112,11:23:53,1.85,250,88600
20240112,11:24:07,1.85,5400,88600
20240112,11:27:52,1.85,2600,93750
20240112,11:27:53,1.85,100,93750
20240112,11:27:54,1.85,400,93750
20240112,11:27:55,1.85,1300,93750
20240112,11:27:57,1.85,50,93750
20240112,11:28:51,1.85,250,93750
20240112,11:29:16,1.9,250,93750
20240112,11:29:17,1.9,50,93750
20240112,11:29:18,1.9,50,93750
20240112,11:29:20,1.9,50,93750
20240112,11:29:22,1.9,250,93750
20240112,11:29:27,1.9,50,93750
20240112,11:30:00,1.9,2750,93250
20240112,11:30:22,1.9,50,93250
20240112,11:32:02,1.85,750,93250
20240112,11:33:48,1.85,150,90500
20240112,11:33:50,1.85,350,90500
20240112,11:33:58,1.85,250,90500
20240112,11:34:20,1.85,200,90500
20240112,11:34:22,1.85,150,90500
20240112,11:34:27,1.85,50,90500
20240112,11:34:44,1.85,200,90500
20240112,11:36:27,1.85,50,90500
20240112,11:36:38,1.85,50,90500
20240112,11:36:51,1.85,50,90500
20240112,11:36:58,1.85,1000,90500
20240112,11:37:14,1.85,50,90500
20240112,11:37:18,1.85,100,90500
20240112,11:38:04,1.9,100,90500
20240112,11:39:14,1.85,50,89650
20240112,11:39:23,1.85,50,89650
20240112,11:39:39,1.9,300,89650
20240112,11:39:45,1.85,50,89650
20240112,11:40:27,1.85,50,89650
20240112,11:40:40,1.9,1600,89650
20240112,11:41:20,1.9,50,89650
20240112,11:41:26,1.85,50,89650
20240112,11:42:23,1.95,50,89900
20240112,11:44:38,1.9,50,89900
20240112,11:44:47,1.9,100,89950
20240112,11:45:04,1.95,1000,89950
20240112,11:45:07,2.0,8200,89950
20240112,11:45:07,2.0,2800,89950
20240112,11:45:08,1.95,50,89950
20240112,11:45:09,2.0,1750,89950
20240112,11:45:12,2.0,150,89950
20240112,11:46:16,2.0,50,89950
20240112,11:46:28,2.0,50,89950
20240112,11:46:46,2.0,50,89950
20240112,11:47:14,2.0,50,89950
20240112,11:47:15,2.05,3600,89950
20240112,11:48:04,2.05,50,102350
20240112,11:48:05,2.05,50,102350
20240112,11:48:23,2.05,1800,102350
20240112,11:51:10,2.05,2150,102350
20240112,11:51:16,2.1,50,104200
20240112,11:52:23,2.1,1000,104200
20240112,11:53:08,2.0,1000,104200
20240112,11:54:03,2.1,50,105150
20240112,11:55:21,2.05,1000,105150
20240112,11:56:23,2.0,50,105150
20240112,11:57:14,2.0,50,106200
20240112,11:57:52,2.0,1000,106200
20240112,11:59:02,2.0,650,106200
20240112,11:59:57,2.0,250,106200
20240112,12:00:04,2.0,6050,106200
20240112,12:00:24,2.0,3000,106200
20240112,12:00:25,2.0,700,106200
20240112,12:01:30,1.95,50,106200
20240112,12:01:34,2.05,50,106200
20240112,12:01:56,1.95,250,106200
20240112,12:03:32,1.95,150,106200
20240112,12:03:40,1.95,1300,108800
20240112,12:03:44,2.0,150,108800
20240112,12:04:11,1.9,150,108800
20240112,12:04:20,1.9,150,108800
20240112,12:04:27,1.9,150,108800
20240112,12:04:28,1.9,150,108800
20240112,12:04:30,2.0,150,108800
20240112,12:04:37,2.0,300,108800
20240112,12:04:41,2.0,450,108800
20240112,12:04:42,1.95,1000,108800
20240112,12:05:00,1.95,450,108800
20240112,12:05:00,2.0,150,108800
20240112,12:05:01,1.95,400,108800
20240112,12:05:08,1.95,250,108800
20240112,12:05:12,1.9,200,108800
20240112,12:05:12,2.0,350,108800
20240112,12:05:27,1.95,200,108800
20240112,12:05:59,1.9,100,108450
20240112,12:06:16,1.9,1600,108450
20240112,12:07:02,1.9,150,108450
20240112,12:07:15,1.95,300,108450
20240112,12:07:51,1.85,300,108450
20240112,12:09:34,1.85,300,108350
20240112,12:11:30,1.85,100,108350
20240112,12:11:42,1.85,100,108350
20240112,12:12:01,1.85,100,108450
20240112,12:12:55,1.9,100,108450
20240112,12:13:53,1.85,1000,108450
20240112,12:17:07,1.9,100,108550
20240112,12:17:10,1.9,50,108550
20240112,12:17:13,1.9,50,108550
20240112,12:17:25,1.9,50,108550
20240112,12:19:16,1.85,100,108550
20240112,12:22:47,1.95,1800,108450
20240112,12:23:04,1.9,50,108350
20240112,12:23:05,1.9,50,108350
20240112,12:23:27,1.95,50,108350
20240112,12:23:34,1.95,1700,108350
20240112,12:23:39,1.9,50,108350
20240112,12:23:40,1.95,1750,108350
20240112,12:23:45,1.95,1800,108350
20240112,12:23:51,1.95,700,108300
20240112,12:26:15,1.9,50,108300
20240112,12:26:21,1.9,50,108300
20240112,12:27:37,1.9,50,108250
20240112,12:32:30,1.9,250,108200
20240112,12:33:18,1.95,50,108200
20240112,12:33:56,1.9,50,108200
20240112,12:34:55,1.9,400,108200
20240112,12:34:57,1.9,50,108200
20240112,12:35:03,1.9,50,108200
20240112,12:35:26,1.9,50,108200
20240112,12:35:29,1.9,1200,108200
20240112,12:35:34,1.9,200,108200
20240112,12:35:38,1.9,50,108200
20240112,12:35:40,1.9,50,108200
20240112,12:35:51,1.9,50,108200
20240112,12:36:39,1.9,350,107850
20240112,12:36:42,1.95,450,107850
20240112,12:37:49,1.9,450,107850
20240112,12:39:11,1.95,50,107850
20240112,12:39:24,1.9,50,107850
20240112,12:40:38,1.95,50,107850
20240112,12:41:09,1.9,3300,107850
20240112,12:43:40,1.85,50,108050
20240112,12:50:21,1.95,50,108050
20240112,12:50:49,1.95,50,108000
20240112,12:51:22,1.95,50,108000
20240112,12:52:46,1.95,50,108050
20240112,12:52:47,1.95,50,108050
20240112,12:53:03,1.95,250,108050
20240112,12:53:10,1.95,50,108050
20240112,12:53:32,1.95,50,108050
20240112,12:54:15,1.95,50,108250
20240112,12:54:23,1.95,50,108250
20240112,12:54:24,1.95,500,108250
20240112,12:54:28,1.95,50,108250
20240112,12:54:36,1.95,50,108250
20240112,12:54:37,1.95,1500,108250
20240112,12:54:38,1.95,250,108250
20240112,12:54:45,1.95,250,108250
20240112,12:54:54,1.95,50,108250
20240112,12:55:01,1.95,50,108250
20240112,12:55:08,1.95,250,108250
20240112,12:55:28,1.95,50,108250
20240112,12:55:36,1.95,50,108250
20240112,12:55:36,1.95,250,108250
20240112,12:55:39,1.95,300,108250
20240112,12:55:41,1.95,300,108250
20240112,12:56:25,2.0,600,108250
20240112,12:57:22,2.0,600,110200
20240112,12:57:26,2.05,3300,110200
20240112,12:57:27,2.05,2150,110200
20240112,12:57:48,2.1,100,110200
20240112,12:58:00,2.05,900,110200
20240112,12:58:53,2.15,250,110200
20240112,12:59:00,2.15,3800,110200
20240112,13:01:22,2.15,1000,110200
20240112,13:01:31,2.1,1750,113550
20240112,13:01:35,2.1,50,113550
20240112,13:01:38,2.1,1250,113550
20240112,13:01:39,2.1,1000,113550
20240112,13:02:26,2.1,150,113550
20240112,13:03:10,2.15,100,113550
20240112,13:03:48,2.15,1500,113350
20240112,13:03:51,2.15,200,113350
20240112,13:03:53,2.15,800,113350
20240112,13:04:06,2.15,250,113350
20240112,13:04:19,2.15,250,113350
20240112,13:04:27,2.15,500,113350
20240112,13:04:28,2.15,850,113350
20240112,13:04:50,2.15,300,113350
20240112,13:04:53,2.15,2500,113350
20240112,13:05:40,2.2,500,113350
20240112,13:05:42,2.2,650,113350
20240112,13:05:43,2.2,50,113350
20240112,13:05:45,2.2,50,113350
20240112,13:05:46,2.25,50,113350
20240112,13:05:47,2.25,50,113350
20240112,13:05:48,2.25,50,113350
20240112,13:05:54,2.25,250,114500
20240112,13:07:36,2.25,150,114500
20240112,13:08:00,2.2,50,114500
20240112,13:08:01,2.25,150,114500
20240112,13:08:13,2.25,100,114500
20240112,13:08:44,2.2,50,114500
20240112,13:09:25,2.2,50,114500
20240112,13:11:01,2.2,50,114750
20240112,13:11:22,2.2,200,114750
20240112,13:11:40,2.2,50,114750
20240112,13:11:49,2.2,1250,114750
20240112,13:12:22,2.2,50,114600
20240112,13:12:36,2.2,50,114600
20240112,13:13:05,2.2,50,114600
20240112,13:13:29,2.2,50,114600
20240112,13:14:10,2.25,1400,114600
20240112,13:14:49,2.3,2050,114600
20240112,13:14:50,2.3,1850,114600
20240112,13:14:51,2.3,1850,114600
20240112,13:14:52,2.25,50,114600
20240112,13:15:01,2.3,100,119700
20240112,13:16:07,2.3,3200,119700
20240112,13:16:59,2.3,250,119700
20240112,13:17:00,2.35,50,119700
20240112,13:19:24,2.35,250,118950
20240112,13:19:40,2.3,250,118950
20240112,13:19:43,2.3,300,118950
20240112,13:20:30,2.3,1200,118950
20240112,13:20:34,2.3,1800,118950
20240112,13:22:56,2.25,4400,118950
20240112,13:22:58,2.25,6650,118200
20240112,13:23:00,2.25,6000,118200
20240112,13:23:02,2.25,8800,118200
20240112,13:23:04,2.2,4450,118200
20240112,13:23:09,2.25,600,118200
20240112,13:23:50,2.25,1850,118200
20240112,13:23:57,2.3,3800,127950
20240112,13:23:58,2.3,250,127950
20240112,13:24:01,2.3,750,127950
20240112,13:24:06,2.3,1200,127950
20240112,13:24:11,2.35,50,127950
20240112,13:24:57,2.3,2400,127950
20240112,13:25:31,2.3,1800,127950
20240112,13:25:32,2.25,600,127950
20240112,13:25:39,2.3,1200,127950
20240112,13:25:40,2.25,1800,127950
20240112,13:25:41,2.3,4800,127950
20240112,13:25:50,2.35,100,127950
20240112,13:25:51,2.35,500,127950
20240112,13:26:08,2.35,1100,127950
20240112,13:26:39,2.3,50,127950
20240112,13:27:10,2.35,250,127950
20240112,13:27:26,2.35,500,130400
20240112,13:27:31,2.3,5650,130400
20240112,13:27:41,2.35,250,130400
20240112,13:28:00,2.3,600,130400
20240112,13:28:08,2.35,800,130400
20240112,13:28:12,2.35,250,130400
20240112,13:28:13,2.35,250,130400
20240112,13:28:14,2.35,1000,130400
20240112,13:28:16,2.35,250,130400
20240112,13:28:18,2.35,500,130400
20240112,13:28:20,2.35,250,130400
20240112,13:28:22,2.35,1100,130400
20240112,13:28:39,2.3,3600,130400
20240112,13:29:18,2.4,500,130400
20240112,13:29:54,2.4,1800,130400
20240112,13:30:45,2.4,1700,139650
20240112,13:30:55,2.35,1250,139650
20240112,13:31:19,2.3,4500,139650
20240112,13:31:54,2.35,50,139650
20240112,13:32:18,2.3,200,139650
20240112,13:32:23,2.3,1700,139650
20240112,13:32:59,2.3,50,143300
20240112,13:33:01,2.3,50,143300
20240112,13:33:03,2.25,900,143300
20240112,13:33:29,2.3,250,143300
20240112,13:33:31,2.3,50,143300
20240112,13:33:36,2.3,50,143300
20240112,13:33:41,2.3,100,143300
20240112,13:33:43,2.3,50,143300
20240112,13:33:51,2.3,50,143300
20240112,13:35:01,2.25,600,143300
20240112,13:36:39,2.3,100,144500
20240112,13:39:39,2.25,50,144500
20240112,13:40:23,2.3,1850,144450
20240112,13:40:42,2.3,500,144450
20240112,13:40:43,2.35,50,144450
20240112,13:41:05,2.3,500,144450
20240112,13:41:07,2.35,1800,144450
20240112,13:41:16,2.35,1800,144450
20240112,13:41:27,2.35,5400,144450
20240112,13:41:29,2.4,950,144450
20240112,13:41:30,2.4,50,144450
20240112,13:42:01,2.45,50,150850
20240112,13:42:01,2.45,350,150850
20240112,13:42:04,2.45,1200,150850
20240112,13:42:05,2.45,200,150850
20240112,13:42:29,2.5,250,150850
20240112,13:42:43,2.5,9750,150850
20240112,13:42:46,2.5,2500,150850
20240112,13:42:53,2.6,2150,150850
20240112,13:42:54,2.6,50,150850
20240112,13:42:55,2.55,5200,150850
20240112,13:42:56,2.6,150,150850
20240112,13:42:59,2.55,600,150850
20240112,13:43:56,2.55,150,150850
20240112,13:44:11,2.55,1950,150850
20240112,13:45:09,2.55,50,150850
20240112,13:45:16,2.55,50,156650
20240112,13:45:24,2.55,1900,156650
20240112,13:45:35,2.5,100,156650
20240112,13:46:37,2.55,50,156650
20240112,13:46:41,2.55,250,156650
20240112,13:47:59,2.5,100,156650
20240112,13:48:40,2.55,600,156200
20240112,13:48:46,2.55,600,156200
20240112,13:48:54,2.55,600,156200
20240112,13:48:56,2.5,50,156200
20240112,13:49:10,2.5,1000,156200
20240112,13:52:05,2.55,100,156200
20240112,13:52:15,2.55,700,156200
20240112,13:52:25,2.6,1800,156200
20240112,13:52:26,2.6,1800,156200
20240112,13:52:27,2.6,3250,156200
20240112,13:52:49,2.6,450,156200
20240112,13:53:00,2.6,250,156200
20240112,13:53:11,2.65,1500,156200
20240112,13:53:13,2.65,100,156200
20240112,13:54:04,2.7,250,158150
20240112,13:54:21,2.7,350,158150
20240112,13:55:45,2.7,250,158150
20240112,13:55:50,2.6,300,158150
20240112,13:55:52,2.6,300,158150
20240112,13:56:25,2.6,500,158150
20240112,13:57:01,2.7,50,157900
20240112,13:57:20,2.6,50,157900
20240112,13:59:17,2.6,50,157900
20240112,13:59:19,2.6,250,157900
20240112,13:59:53,2.6,250,157900
20240112,13:59:57,2.6,200,157900
20240112,14:00:43,2.6,350,157950
20240112,14:00:47,2.6,250,157950
20240112,14:00:48,2.6,250,157950
20240112,14:00:49,2.6,300,157950
20240112,14:00:50,2.6,250,157950
20240112,14:01:03,2.6,500,157950
20240112,14:01:30,2.55,500,157950
20240112,14:01:36,2.55,1000,157950
20240112,14:02:18,2.55,1000,157950
20240112,14:02:52,2.55,1000,157950
20240112,14:03:06,2.55,1000,157950
20240112,14:03:06,2.6,3100,157950
20240112,14:04:41,2.55,150,157950
20240112,14:05:17,2.55,50,157950
20240112,14:05:18,2.55,50,157950
20240112,14:05:20,2.55,50,157950
20240112,14:05:51,2.5,450,157950
20240112,14:05:52,2.55,50,157950
20240112,14:06:00,2.55,50,157950
20240112,14:06:18,2.55,300,157950
20240112,14:06:22,2.55,250,158800
20240112,14:06:23,2.55,400,158800
20240112,14:06:46,2.55,500,158800
20240112,14:06:48,2.55,50,158800
20240112,14:07:07,2.55,50,158800
20240112,14:08:03,2.5,150,158800
20240112,14:08:06,2.5,150,158800
20240112,14:08:09,2.5,50,158800
20240112,14:08:30,2.5,100,158800
20240112,14:08:38,2.55,1000,158800
20240112,14:09:36,2.55,50,158800
20240112,14:09:50,2.5,150,158400
20240112,14:10:14,2.45,150,158400
20240112,14:10:24,2.45,50,158400
20240112,14:10:37,2.55,350,158400
20240112,14:11:40,2.45,300,158400
20240112,14:12:01,2.45,300,158400
20240112,14:12:39,2.5,150,158300
20240112,14:12:44,2.45,100,158300
20240112,14:12:55,2.45,50,158300
20240112,14:15:46,2.4,50,158300
20240112,14:16:49,2.45,50,158300
20240112,14:17:23,2.45,800,158300
20240112,14:17:23,2.45,2000,158300
20240112,14:17:25,2.4,150,158300
20240112,14:19:52,2.4,150,158300
20240112,14:20:42,2.4,100,155300
20240112,14:21:45,2.4,50,155300
20240112,14:22:45,2.45,300,155300
20240112,14:27:04,2.45,350,155300
20240112,14:27:51,2.45,250,155300
20240112,14:28:13,2.45,50,155300
20240112,14:28:43,2.5,300,155300
20240112,14:28:47,2.5,250,155300
20240112,14:32:05,2.5,400,155300
20240112,14:35:49,2.5,150,154950
20240112,14:36:42,2.5,800,154950
20240112,14:36:43,2.6,100,154950
20240112,14:37:57,2.6,100,154950
20240112,14:38:05,2.65,250,154950
20240112,14:38:06,2.65,200,154950
20240112,14:38:28,2.7,50,154950
20240112,14:38:52,2.65,100,154950
20240112,14:39:33,2.65,100,154800
20240112,14:41:47,2.65,250,154800
20240112,14:41:55,2.65,300,154800
20240112,14:42:18,2.7,400,154800
20240112,14:42:22,2.7,1600,154700
20240112,14:42:54,2.65,50,154700
20240112,14:43:19,2.7,50,154700
20240112,14:44:07,2.7,900,154700
20240112,14:44:08,2.7,50,154700
20240112,14:44:35,2.65,350,154700
20240112,14:44:41,2.65,250,154700
20240112,14:44:46,2.65,300,154700
20240112,14:44:53,2.65,250,154700
20240112,14:45:23,2.65,250,153000
20240112,14:45:30,2.65,2500,153000
20240112,14:47:14,2.55,50,153000
20240112,14:50:01,2.55,250,153000
20240112,14:50:05,2.55,150,153000
20240112,14:50:14,2.5,800,153000
20240112,14:50:20,2.45,800,153000
20240112,14:50:25,2.45,50,153000
20240112,14:51:12,2.5,50,154150
20240112,14:51:50,2.5,250,154150
20240112,14:51:55,2.5,300,154150
20240112,14:51:56,2.5,50,154150
20240112,14:52:01,2.5,50,154150
20240112,14:52:14,2.5,200,154150
20240112,14:52:16,2.5,500,154150
20240112,14:52:21,2.5,50,154150
20240112,14:52:45,2.45,50,154150
20240112,14:53:03,2.45,50,154150
20240112,14:53:14,2.45,50,154150
20240112,14:53:18,2.45,750,154150
20240112,14:53:33,2.45,50,154150
20240112,14:53:37,2.45,50,154150
20240112,14:53:40,2.45,50,154150
20240112,14:53:51,2.45,300,154150
20240112,14:53:57,2.45,250,154150
20240112,14:54:00,2.45,50,154150
20240112,14:54:04,2.45,250,154150
20240112,14:54:17,2.45,50,154150
20240112,14:54:18,2.45,250,152650
20240112,14:55:41,2.4,350,152650
20240112,14:55:57,2.35,400,152650
20240112,14:56:17,2.4,150,152650
20240112,14:57:04,2.4,50,152650
20240112,14:57:17,2.4,50,152650
20240112,14:57:45,2.35,850,153050
20240112,14:57:46,2.35,850,153050
20240112,14:57:47,2.35,50,153050
20240112,14:57:58,2.35,250,153050
20240112,14:57:59,2.35,300,153050
20240112,14:58:19,2.35,50,153050
20240112,14:58:35,2.35,100,153050
20240112,14:58:37,2.3,500,153050
20240112,14:58:39,2.3,50,153050
20240112,14:58:45,2.3,150,153050
20240112,14:58:52,2.3,100,153050
20240112,14:58:54,2.35,250,153050
20240112,14:58:59,2.35,700,153050
20240112,14:59:16,2.4,300,153050
20240112,14:59:29,2.4,100,153050
20240112,15:00:14,2.3,150,154700
20240112,15:05:01,2.25,850,154700
20240112,15:05:09,2.15,3850,154700
20240112,15:05:23,2.2,50,154700
20240112,15:06:00,2.1,1800,154700
20240112,15:06:15,2.15,250,153450
20240112,15:06:54,2.15,500,153450
20240112,15:07:17,2.1,100,153450
20240112,15:07:24,2.1,100,153450
20240112,15:07:38,2.1,50,153450
20240112,15:07:43,2.1,250,153450
20240112,15:07:47,2.05,50,153450
20240112,15:07:54,2.05,2500,153450
20240112,15:08:10,2.0,250,153450
20240112,15:08:14,2.1,4200,153450
20240112,15:08:15,2.1,5250,153450
20240112,15:08:17,2.1,150,153450
20240112,15:08:18,2.1,1800,153450
20240112,15:08:42,2.05,1800,153450
20240112,15:08:43,2.05,650,153450
20240112,15:08:44,2.05,4200,153450
20240112,15:08:45,2.05,1800,153450
20240112,15:08:46,2.05,600,153450
20240112,15:08:47,2.05,2400,153450
20240112,15:08:48,2.05,600,153450
20240112,15:08:49,2.05,3600,153450
20240112,15:08:50,2.05,600,153450
20240112,15:08:51,2.05,4200,153450
20240112,15:08:52,2.05,2400,153450
20240112,15:08:53,2.05,1200,153450
20240112,15:08:54,2.05,750,153450
20240112,15:10:09,2.0,750,141300
20240112,15:10:25,1.95,50,141300
20240112,15:10:55,1.95,550,141300
20240112,15:11:00,1.9,100,141300
20240112,15:11:08,1.9,1350,141300
20240112,15:11:09,2.0,5200,141300
20240112,15:11:10,1.95,1300,141300
20240112,15:11:11,1.95,4300,141300
20240112,15:11:12,1.95,1800,141300
20240112,15:11:13,2.0,3300,141300
20240112,15:11:18,1.9,750,141300
20240112,15:11:22,1.9,400,141300
20240112,15:11:25,1.9,300,141300
20240112,15:11:26,1.9,200,141300
20240112,15:11:31,1.95,4450,141300
20240112,15:11:33,1.9,250,141300
20240112,15:11:34,1.9,50,141300
20240112,15:11:36,1.9,50,141300
20240112,15:11:39,1.9,50,141300
20240112,15:11:41,1.9,250,141300
20240112,15:11:41,1.9,50,141300
20240112,15:11:44,1.9,50,141300
20240112,15:11:47,1.9,50,141300
20240112,15:11:47,1.9,250,141300
20240112,15:11:48,1.9,2050,141300
20240112,15:11:50,2.0,2400,141300
20240112,15:11:51,1.9,50,141300
20240112,15:11:51,1.9,250,141300
20240112,15:11:59,1.9,250,141300
20240112,15:12:01,1.9,50,141300
20240112,15:12:06,1.9,5550,141300
20240112,15:12:06,1.9,50,141300
20240112,15:12:09,1.9,50,141300
20240112,15:12:15,1.9,50,123000
20240112,15:12:15,1.95,2350,123000
20240112,15:12:21,1.9,50,123000
20240112,15:12:42,1.95,2100,123000
20240112,15:12:52,1.95,100,123000
20240112,15:12:54,1.95,400,123000
20240112,15:12:55,1.95,50,123000
20240112,15:12:57,1.95,700,123000
20240112,15:12:58,1.95,50,123000
20240112,15:13:09,1.95,50,123000
20240112,15:13:19,1.95,100,123000
20240112,15:13:34,1.95,300,123000
20240112,15:13:38,1.95,50,123000
20240112,15:13:58,1.9,150,123000
20240112,15:14:01,1.95,100,123000
20240112,15:14:04,1.9,50,123000
20240112,15:14:19,1.9,200,123000
20240112,15:14:34,1.95,350,123000
20240112,15:14:37,1.95,150,123000
20240112,15:15:04,1.95,600,123000
20240112,15:15:10,1.95,500,123000
20240112,15:15:32,1.95,500,123000
20240112,15:15:44,1.95,1000,121300
20240112,15:15:50,1.95,50,121300
20240112,15:16:02,1.95,100,121300
20240112,15:16:04,2.0,5550,121300
20240112,15:16:06,2.0,6400,121300
20240112,15:16:08,1.95,1000,121300
20240112,15:16:10,1.95,1050,121300
20240112,15:16:12,1.95,1000,121300
20240112,15:16:17,2.05,3050,121300
20240112,15:16:23,2.0,1100,121300
20240112,15:16:24,2.0,50,121300
20240112,15:16:25,2.0,50,121300
20240112,15:16:26,2.05,3600,121300
20240112,15:16:27,2.05,5100,121300
20240112,15:16:31,2.1,3400,121300
20240112,15:16:32,2.05,1900,121300
20240112,15:16:34,2.1,2250,121300
20240112,15:16:36,2.1,2100,121300
20240112,15:16:39,2.1,1000,121300
20240112,15:16:43,2.1,200,121300
20240112,15:16:44,2.1,1800,121300
20240112,15:16:49,2.05,1000,121300
20240112,15:17:07,2.05,1650,121300
20240112,15:17:10,2.05,150,121300
20240112,15:17:11,2.1,2300,121300
20240112,15:17:12,2.05,1000,121300
20240112,15:17:20,2.05,100,121300
20240112,15:17:21,2.05,500,121300
20240112,15:17:22,2.05,1000,121300
20240112,15:17:24,2.1,2350,121300
20240112,15:17:28,2.05,1000,121300
20240112,15:17:30,2.05,1000,121300
20240112,15:17:32,2.05,1000,121300
20240112,15:17:50,2.05,800,121300
20240112,15:17:51,2.05,15400,121300
20240112,15:17:52,2.1,5450,121300
20240112,15:17:55,2.05,1900,121300
20240112,15:17:56,2.1,1350,121300
20240112,15:18:01,2.05,500,121300
20240112,15:18:01,2.05,1600,121300
20240112,15:18:03,2.05,1400,121300
20240112,15:18:07,2.1,150,121300
20240112,15:18:08,2.1,450,121300
20240112,15:18:15,2.05,150,122950
20240112,15:18:17,2.05,450,122950
20240112,15:18:23,2.05,1550,122950
20240112,15:18:24,2.05,250,122950
20240112,15:19:08,2.05,550,122950
20240112,15:19:37,2.05,250,122950
20240112,15:19:38,2.05,350,122950
20240112,15:19:43,2.05,800,122950
20240112,15:19:49,2.05,500,122950
20240112,15:19:53,2.1,50,122950
20240112,15:19:55,2.05,800,122950
20240112,15:19:56,2.05,600,122950
20240112,15:19:57,2.05,2300,122950
20240112,15:20:04,2.0,200,122950
20240112,15:20:06,2.0,100,122950
20240112,15:20:39,2.0,2600,122950
20240112,15:20:44,2.05,200,122950
20240112,15:20:57,2.0,350,122950
20240112,15:21:26,2.05,250,130200
20240112,15:21:27,2.05,1800,130200
20240112,15:21:45,2.05,1000,130200
20240112,15:21:46,2.05,250,130200
20240112,15:21:53,2.05,3600,130200
20240112,15:21:54,2.05,1400,130200
20240112,15:21:57,2.05,1600,130200
20240112,15:22:10,2.1,500,130200
20240112,15:22:15,2.0,50,130200
20240112,15:22:27,2.05,900,130200
20240112,15:22:50,2.05,2500,130200
20240112,15:23:05,2.05,2550,130200
20240112,15:23:51,2.05,1800,130200
20240112,15:23:59,2.05,200,130200
20240112,15:24:00,2.05,250,130200
20240112,15:24:00,2.05,750,130200
20240112,15:24:12,2.05,50,130200
20240112,15:24:17,2.05,250,133600
20240112,15:24:19,1.95,1800,133600
20240112,15:24:19,2.0,200,133600
20240112,15:24:35,1.95,600,133600
20240112,15:24:39,1.95,250,133600
20240112,15:24:46,2.05,250,133600
20240112,15:24:48,2.05,600,133600
20240112,15:24:58,2.05,200,133600
20240112,15:25:00,2.0,100,133600
20240112,15:25:01,2.0,50,133600
20240112,15:25:05,2.05,100,133600
20240112,15:25:10,2.05,100,133600
20240112,15:25:12,2.0,800,133600
20240112,15:25:14,2.05,100,133600
20240112,15:25:17,2.05,850,133600
20240112,15:25:18,1.95,500,133600
20240112,15:25:21,1.95,300,133600
20240112,15:25:22,1.95,1300,133600
20240112,15:25:40,2.05,1600,133600
20240112,15:26:04,2.05,1650,133600
20240112,15:26:18,2.05,400,133600
20240112,15:26:26,2.0,200,133600
20240112,15:26:34,2.0,200,133600
20240112,15:26:35,2.0,1800,133600
20240112,15:27:03,2.0,200,133600
20240112,15:27:06,2.05,900,133600
20240112,15:27:08,2.05,1150,133600
20240112,15:27:09,2.05,650,133600
20240112,15:27:10,2.1,1450,133600
20240112,15:27:11,2.05,50,133600
20240112,15:27:12,2.05,50,133600
20240112,15:27:14,2.1,400,133600
20240112,15:27:18,2.1,600,133600
20240112,15:27:22,2.05,200,131450
20240112,15:27:44,2.0,500,131450
20240112,15:28:00,2.05,250,131450
20240112,15:28:01,2.05,1000,131450
20240112,15:28:02,2.05,500,131450
20240112,15:28:11,2.05,500,131450
20240112,15:28:16,2.05,1150,131450
20240112,15:28:21,2.0,50,131450
20240112,15:28:22,2.0,50,131450
20240112,15:28:23,2.0,500,131450
20240112,15:28:51,2.05,150,131450
20240112,15:28:52,2.1,1350,131450
20240112,15:29:01,2.1,50,131450
20240112,15:29:05,2.1,50,131450
20240112,15:29:10,2.1,50,131450
20240112,15:29:11,2.1,250,131450
20240112,15:29:12,2.1,50,131450
20240112,15:29:18,2.1,50,131450
20240112,15:29:21,2.1,400,131450
20240112,15:29:22,2.1,2700,131450
20240112,15:29:23,2.1,50,131450
20240112,15:29:36,2.05,500,131450
20240112,15:29:47,1.75,800,131450
20240115,09:15:00,1.75,1,127500
20240115,09:15:00,1.75,50,127500
20240115,09:15:02,2.2,100,127500
20240115,09:15:04,2.2,50,127500
20240115,09:15:06,2.2,200,127500
20240115,09:15:36,2.2,200,127500
20240115,09:15:37,1.75,100,127500
20240115,09:15:48,1.75,50,127500
20240115,09:15:49,1.85,100,127500
20240115,09:15:50,1.85,500,127500
20240115,09:15:51,1.85,100,127500
20240115,09:15:52,1.8,50,127500
20240115,09:15:53,1.8,350,127500
20240115,09:16:02,1.8,900,127500
20240115,09:16:20,1.8,1550,127500
20240115,09:16:31,1.8,100,127500
20240115,09:16:38,1.75,1800,127500
20240115,09:16:39,1.7,550,127500
20240115,09:16:48,1.5,1800,127500
20240115,09:16:50,1.05,1800,127500
20240115,09:16:51,1.05,50,127500
20240115,09:16:54,1.55,500,127500
20240115,09:17:03,1.65,1000,127500
20240115,09:17:04,1.6,50,127500
20240115,09:17:11,1.7,50,127500
20240115,09:17:20,1.6,500,127500
20240115,09:17:23,1.7,100,127500
20240115,09:17:26,1.7,50,127500
20240115,09:17:27,1.7,50,123750
20240115,09:17:30,1.65,1800,123750
20240115,09:17:34,1.65,200,123750
20240115,09:17:35,1.65,600,123750
20240115,09:17:37,1.65,800,123750
20240115,09:17:37,1.65,1200,123750
20240115,09:17:39,1.65,400,123750
20240115,09:17:40,1.65,600,123750
20240115,09:17:41,1.65,100,123750
20240115,09:17:48,1.65,100,123750
20240115,09:17:50,1.65,100,123750
20240115,09:17:51,1.65,250,123750
20240115,09:18:03,1.65,300,123750
20240115,09:18:05,1.65,800,123750
20240115,09:18:08,1.65,250,123750
20240115,09:18:11,1.65,1150,123750
20240115,09:18:12,1.65,50,123750
20240115,09:18:28,1.65,50,123750
20240115,09:18:34,1.7,150,123750
20240115,09:18:56,1.65,1600,123750
20240115,09:19:29,1.65,100,123750
20240115,09:20:03,1.7,100,123750
20240115,09:20:18,1.75,150,123750
20240115,09:20:19,1.75,50,123750
20240115,09:20:20,1.75,50,123750
20240115,09:20:21,1.75,50,123750
20240115,09:20:22,1.75,50,123750
20240115,09:20:23,1.75,50,123750
20240115,09:20:30,1.75,350,123550
20240115,09:20:33,1.75,50,123550
20240115,09:21:02,1.8,150,123550
20240115,09:21:08,1.8,250,123550
20240115,09:22:26,1.8,650,123550
20240115,09:22:44,1.8,100,123550
20240115,09:22:45,1.8,200,123550
20240115,09:22:47,1.8,50,123550
20240115,09:23:23,1.8,1100,123550
20240115,09:23:24,1.8,350,123550
20240115,09:23:25,1.8,300,123550
20240115,09:24:35,1.8,200,123150
20240115,09:25:03,1.75,250,123150
20240115,09:25:11,1.75,500,123150
20240115,09:25:12,1.75,50,123150
20240115,09:25:40,1.75,400,123150
20240115,09:25:52,1.8,1000,123150
20240115,09:25:53,1.8,1000,123150
20240115,09:26:30,1.75,350,123150
20240115,09:27:19,1.75,200,121450
20240115,09:30:05,1.8,1800,120900
20240115,09:30:09,1.8,400,120900
20240115,09:31:06,1.85,50,120900
20240115,09:32:06,1.85,900,120900
20240115,09:33:05,1.85,50,120000
20240115,09:33:07,1.85,300,120000
20240115,09:33:20,1.85,250,120000
20240115,09:33:25,1.85,50,120000
20240115,09:33:40,1.85,300,120000
20240115,09:33:48,1.85,100,120000
20240115,09:35:33,1.95,200,120000
20240115,09:35:49,1.85,4000,119050
20240115,09:36:02,1.85,1200,119050
20240115,09:36:02,1.85,800,119050
20240115,09:37:00,1.85,50,119050
20240115,09:37:20,1.85,50,119050
20240115,09:38:09,1.85,50,119050
20240115,09:38:50,1.95,1800,121950
20240115,09:40:05,1.9,50,121950
20240115,09:40:06,1.9,50,121950
20240115,09:40:08,1.9,50,121950
20240115,09:40:28,1.9,50,121950
20240115,09:40:31,1.9,50,121950
20240115,09:42:06,1.95,1800,121950
20240115,09:42:16,1.95,250,121950
20240115,09:42:58,1.9,100,121950
20240115,09:43:42,1.9,250,121950
20240115,09:44:04,1.9,200,121950
20240115,09:45:08,1.85,400,121150
20240115,09:45:24,1.85,1500,121150
20240115,09:45:55,1.85,100,121150
20240115,09:46:24,1.85,100,121150
20240115,09:46:30,1.85,100,121150
20240115,09:46:36,1.85,200,121150
20240115,09:47:42,1.85,200,121050
20240115,09:47:45,1.9,50,121050
20240115,09:49:04,1.85,50,121050
20240115,09:49:09,1.85,50,121050
20240115,09:49:14,1.85,50,121050
20240115,09:49:17,1.85,50,121050
20240115,09:49:20,1.85,50,121050
20240115,09:49:33,1.85,50,121050
20240115,09:49:35,1.8,50,121050
20240115,09:49:36,1.8,3600,121050
20240115,09:49:54,1.8,100,121050
20240115,09:50:08,1.85,250,121050
20240115,09:51:56,1.85,250,121750
20240115,09:52:00,1.85,250,121750
20240115,09:52:05,1.85,50,121750
20240115,09:52:07,1.85,250,121750
20240115,09:52:09,1.85,1000,121750
20240115,09:52:11,1.85,50,121750
20240115,09:52:37,1.8,300,121750
20240115,09:52:41,1.8,50,121750
20240115,09:52:42,1.8,50,121750
20240115,09:52:44,1.8,100,121750
20240115,09:52:58,1.8,50,121750
20240115,09:52:59,1.75,600,121750
20240115,09:53:01,1.75,900,121750
20240115,09:53:16,1.75,1000,121750
20240115,09:53:17,1.8,100,121750
20240115,09:53:43,1.8,50,121750
20240115,09:53:50,1.8,50,124050
20240115,09:54:01,1.8,500,124050
20240115,09:54:48,1.75,100,124050
20240115,09:54:49,1.75,100,124050
20240115,09:55:10,1.7,500,124050
20240115,09:55:15,1.7,200,124050
20240115,09:55:17,1.7,3100,124050
20240115,09:55:20,1.7,250,124050
20240115,09:55:26,1.7,50,124050
20240115,09:56:17,1.7,150,124050
20240115,09:56:37,1.65,800,124050
20240115,09:56:38,1.65,2600,125000
20240115,09:57:04,1.65,100,125000
20240115,09:58:37,1.7,450,125000
20240115,10:00:44,1.6,200,124200
20240115,10:01:51,1.6,50,124200
20240115,10:01:53,1.65,2000,124200
20240115,10:04:18,1.6,50,126050
20240115,10:05:21,1.65,2050,126050
20240115,10:06:19,1.65,50,126000
20240115,10:07:29,1.75,250,126000
20240115,10:08:00,1.75,1950,126000
20240115,10:08:11,1.75,150,126000
20240115,10:15:34,1.75,150,125950
20240115,10:16:03,1.75,50,125950
20240115,10:16:30,1.75,50,125950
20240115,10:16:51,1.7,100,125950
20240115,10:17:35,1.7,150,125950
20240115,10:17:43,1.7,150,126100
20240115,10:18:40,1.7,2000,126100
20240115,10:19:09,1.75,50,126100
20240115,10:31:31,1.75,2400,123800
20240115,10:31:32,1.75,4200,123800
20240115,10:32:04,1.7,650,123800
20240115,10:32:18,1.7,100,123800
20240115,10:32:31,1.7,100,123800
20240115,10:33:03,1.7,50,123250
20240115,10:33:16,1.7,50,123250
20240115,10:34:01,1.7,100,123250
20240115,10:34:13,1.7,50,123250
20240115,10:34:26,1.7,50,123250
20240115,10:34:29,1.7,50,123250
20240115,10:35:01,1.7,50,123250
20240115,10:35:06,1.7,50,123250
20240115,10:35:12,1.7,50,123250
20240115,10:35:21,1.7,50,123250
20240115,10:35:30,1.7,50,123250
20240115,10:36:36,1.7,50,123400
20240115,10:37:22,1.7,50,123400
20240115,10:38:24,1.7,250,123400
20240115,10:43:03,1.7,250,123400
20240115,10:43:15,1.7,250,123150
20240115,10:44:35,1.7,250,123150
20240115,10:48:48,1.75,50,122400
20240115,10:55:51,1.75,1500,122450
20240115,10:58:08,1.75,50,122450
20240115,10:58:54,1.75,300,122450
20240115,11:01:57,1.75,10800,122800
20240115,11:01:57,1.75,4950,122800
20240115,11:02:29,1.75,50,122800
20240115,11:03:37,1.75,50,122800
20240115,11:05:26,1.75,250,122550
20240115,11:07:24,1.75,250,122550
20240115,11:08:04,1.75,50,122300
20240115,11:08:13,1.75,50,122300
20240115,11:09:04,1.75,50,122050
20240115,11:09:05,1.75,50,122050
20240115,11:10:33,1.75,50,122050
20240115,11:11:04,1.75,50,122050
20240115,11:11:13,1.8,1800,122050
20240115,11:11:14,1.8,1800,122050
20240115,11:11:46,1.8,50,122050
20240115,11:16:24,1.8,400,122000
20240115,11:16:30,1.8,150,122050
20240115,11:16:59,1.85,50,122050
20240115,11:17:28,1.85,100,122050
20240115,11:18:13,1.9,2150,122400
20240115,11:18:34,1.9,100,122400
20240115,11:18:41,1.85,50,122400
20240115,11:20:01,1.85,300,122400
20240115,11:20:06,1.85,500,122400
20240115,11:20:07,1.85,250,122400
20240115,11:20:32,1.85,250,122400
20240115,11:20:46,1.95,4400,121200
20240115,11:20:56,1.9,300,121200
20240115,11:22:00,1.95,100,121200
20240115,11:22:37,1.9,50,121200
20240115,11:24:14,1.95,1700,123350
20240115,11:24:29,1.95,150,123350
20240115,11:25:08,1.9,50,123350
20240115,11:25:39,1.95,1800,123350
20240115,11:27:07,1.9,3600,123250
20240115,11:27:08,1.9,250,123250
20240115,11:27:09,1.9,250,123250
20240115,11:27:10,1.9,100,123250
20240115,11:27:12,1.9,50,123250
20240115,11:27:15,1.9,50,123250
20240115,11:27:17,1.9,50,123250
20240115,11:27:29,1.9,50,123250
20240115,11:28:01,1.85,1500,123250
20240115,11:29:00,1.9,250,123250
20240115,11:31:34,1.9,50,122850
20240115,11:33:12,1.9,1500,122850
20240115,11:33:23,1.9,400,122850
20240115,11:35:48,1.85,200,122850
20240115,11:37:07,1.85,50,122850
20240115,11:43:51,1.85,200,122650
20240115,11:44:06,1.85,100,122650
20240115,11:46:16,1.85,300,122350
20240115,11:47:16,1.85,50,122350
20240115,11:47:32,1.85,50,122350
20240115,11:47:43,1.85,50,122350
20240115,11:55:39,1.85,350,122350
20240115,11:56:31,1.85,1800,122050
20240115,11:56:45,1.85,1800,122050
20240115,11:56:51,1.85,1800,122050
20240115,11:56:57,1.85,350,122050
20240115,11:56:57,1.85,100,122050
20240115,11:58:16,1.85,250,122050
20240115,11:58:18,1.85,250,122050
20240115,11:58:56,1.85,250,122050
20240115,11:59:10,1.85,250,122050
20240115,11:59:15,1.85,1000,122050
20240115,11:59:28,1.9,600,122050
20240115,11:59:34,1.95,150,122050
20240115,12:00:37,1.95,400,124400
20240115,12:01:32,1.95,50,124400
20240115,12:03:23,1.95,50,124850
20240115,12:04:30,1.9,50,124850
20240115,12:05:04,1.9,250,124850
20240115,12:06:30,1.95,50,124900
20240115,12:09:12,1.95,200,124950
20240115,12:09:16,1.95,900,124950
20240115,12:11:12,2.0,100,124950
20240115,12:12:20,1.95,100,124950
20240115,12:13:14,1.95,250,125250
20240115,12:15:11,2.0,500,125250
20240115,12:16:19,2.0,50,125100
20240115,12:16:27,2.0,50,125100
20240115,12:16:28,1.95,300,125100
20240115,12:16:29,1.95,250,125100
20240115,12:16:30,2.0,350,125100
20240115,12:16:32,2.0,50,125100
20240115,12:16:47,2.0,50,125100
20240115,12:16:52,2.0,50,125100
20240115,12:16:53,2.0,50,125100
20240115,12:16:57,2.0,50,125100
20240115,12:16:59,2.0,50,125100
20240115,12:17:01,2.0,50,125100
20240115,12:17:02,2.0,50,125100
20240115,12:17:05,2.0,100,125100
20240115,12:17:06,2.0,100,125100
20240115,12:17:10,2.0,100,125100
20240115,12:17:19,2.0,100,125100
20240115,12:17:22,2.0,100,125100
20240115,12:17:24,2.0,100,125100
20240115,12:17:28,2.0,100,125100
20240115,12:17:33,2.0,650,125100
20240115,12:17:35,2.0,300,125100
20240115,12:17:58,2.05,250,126350
20240115,12:18:14,2.0,50,126350
20240115,12:18:17,2.0,50,126350
20240115,12:18:19,2.0,50,126350
20240115,12:18:21,2.0,50,126350
20240115,12:18:22,2.0,50,126350
20240115,12:19:13,2.0,50,126350
20240115,12:19:26,2.0,50,126350
20240115,12:19:39,2.0,50,126350
20240115,12:20:29,2.0,50,126350
20240115,12:21:29,2.0,1050,126350
20240115,12:21:30,2.0,800,126300
20240115,12:22:02,2.0,50,126300
20240115,12:23:21,2.05,50,126300
20240115,12:28:42,2.05,50,126300
20240115,12:28:58,2.05,500,125250
20240115,12:29:12,2.05,50,125250
20240115,12:29:20,2.05,500,125250
20240115,12:29:25,2.05,50,125250
20240115,12:29:45,2.05,250,125250
20240115,12:29:56,2.05,500,125250
20240115,12:31:48,2.05,250,125750
20240115,12:33:23,2.05,50,125750
20240115,12:33:38,2.05,650,125750
20240115,12:33:48,2.05,50,125750
20240115,12:36:36,2.05,100,125000
20240115,12:37:22,2.05,850,125000
20240115,12:39:37,2.0,2000,125850
20240115,12:39:38,2.0,250,125850
20240115,12:40:41,1.95,4300,125850
20240115,12:40:43,1.95,1200,125850
20240115,12:40:51,2.0,250,125850
20240115,12:41:10,1.95,100,125850
20240115,12:41:57,1.95,550,127750
20240115,12:41:58,2.0,50,127750
20240115,12:42:01,2.0,50,127750
20240115,12:42:11,2.0,50,127750
20240115,12:42:33,2.0,50,127750
20240115,12:42:35,1.95,1000,127750
20240115,12:42:42,1.95,1000,127750
20240115,12:42:45,1.95,500,127750
20240115,12:45:15,2.0,50,128550
20240115,12:47:55,1.95,150,128550
20240115,12:51:53,2.0,50,128550
20240115,12:54:03,2.0,100,128650
20240115,12:56:21,1.95,100,128650
20240115,12:57:49,2.0,50,128650
20240115,12:59:51,1.95,50,128650
20240115,13:01:48,1.95,300,128650
20240115,13:01:53,1.95,150,128700
20240115,13:01:55,1.95,350,128700
20240115,13:01:56,1.95,600,128700
20240115,13:01:57,1.95,600,128700
20240115,13:03:22,2.0,3600,130650
20240115,13:03:34,2.0,50,130650
20240115,13:04:36,2.05,50,130650
20240115,13:04:49,2.05,50,130650
20240115,13:04:55,2.05,50,130650
20240115,13:05:46,2.05,500,130650
20240115,13:06:31,2.05,50,130650
20240115,13:06:38,2.05,50,131650
20240115,13:06:45,2.05,50,131650
20240115,13:06:56,2.05,50,131650
20240115,13:06:58,2.05,250,131650
20240115,13:07:04,2.05,50,131650
20240115,13:07:05,2.05,250,131650
20240115,13:08:30,2.05,50,131650
20240115,13:09:03,2.05,50,131650
20240115,13:12:17,2.1,1800,132300
20240115,13:12:36,2.15,1000,132300
20240115,13:13:05,2.15,200,132300
20240115,13:13:21,2.1,50,132300
20240115,13:13:22,2.1,50,132300
20240115,13:13:25,2.1,50,132300
20240115,13:14:06,2.1,50,132300
20240115,13:15:17,2.15,1800,134950
20240115,13:17:35,2.2,50,134950
20240115,13:18:02,2.15,50,136050
20240115,13:18:13,2.2,1700,136050
20240115,13:18:15,2.25,150,136050
20240115,13:18:16,2.2,50,136050
20240115,13:18:17,2.25,100,136050
20240115,13:18:19,2.25,100,136050
20240115,13:18:20,2.25,100,136050
20240115,13:18:23,2.25,50,136050
20240115,13:18:26,2.25,50,136050
20240115,13:18:27,2.25,100,136050
20240115,13:18:28,2.25,100,136050
20240115,13:18:29,2.25,100,136050
20240115,13:18:30,2.2,250,136050
20240115,13:18:31,2.25,50,136050
20240115,13:18:35,2.25,50,136050
20240115,13:18:36,2.25,1800,136050
20240115,13:18:46,2.25,50,136050
20240115,13:18:48,2.25,50,136050
20240115,13:18:52,2.25,50,136050
20240115,13:18:54,2.25,100,136050
20240115,13:18:59,2.25,50,136050
20240115,13:18:59,2.25,100,136050
20240115,13:19:04,2.25,50,136050
20240115,13:19:05,2.25,100,136050
20240115,13:21:04,2.25,50,136050
20240115,13:21:18,2.2,250,138900
20240115,13:22:04,2.2,250,138900
20240115,13:23:16,2.2,50,138900
20240115,13:23:17,2.2,50,138900
20240115,13:23:45,2.25,400,138900
20240115,13:23:48,2.25,150,138900
20240115,13:23:50,2.25,800,138900
20240115,13:31:29,2.2,50,138900
20240115,13:33:53,2.2,100,137700
20240115,13:34:30,2.2,500,137650
20240115,13:34:34,2.25,50,137650
20240115,13:40:25,2.25,50,137550
20240115,13:40:39,2.2,150,137550
20240115,13:40:42,2.25,50,137550
20240115,13:41:38,2.25,50,137550
20240115,13:43:32,2.2,1800,137550
20240115,13:43:48,2.2,750,137300
20240115,13:45:05,2.25,250,138250
20240115,13:45:41,2.25,50,138250
20240115,13:45:43,2.25,50,138250
20240115,13:45:44,2.2,550,138250
20240115,13:46:05,2.25,200,138250
20240115,13:47:35,2.25,50,138250
20240115,13:51:42,2.25,1800,137950
20240115,13:51:45,2.25,250,137950
20240115,13:51:49,2.25,300,137950
20240115,13:52:02,2.25,150,137950
20240115,13:52:09,2.2,50,137950
20240115,13:55:01,2.25,50,136500
20240115,13:55:05,2.25,50,136500
20240115,13:55:23,2.25,50,136500
20240115,13:55:39,2.25,50,136500
20240115,13:55:40,2.25,50,136500
20240115,13:57:13,2.25,650,136750
20240115,13:57:15,2.25,50,136750
20240115,13:57:41,2.25,200,136750
20240115,13:57:44,2.25,50,136750
20240115,13:57:52,2.25,50,136750
20240115,13:57:54,2.25,2800,136750
20240115,13:58:40,2.3,50,136750
20240115,13:59:17,2.3,50,136750
20240115,14:01:58,2.2,500,137300
20240115,14:05:00,2.25,1000,137300
20240115,14:05:58,2.25,1000,136800
20240115,14:05:59,2.25,200,136800
20240115,14:06:21,2.4,50,136050
20240115,14:09:22,2.4,50,136100
20240115,14:09:50,2.4,50,136100
20240115,14:09:52,2.4,50,136100
20240115,14:10:00,2.4,50,136100
20240115,14:10:11,2.45,50,136100
20240115,14:10:25,2.45,250,136100
20240115,14:11:54,2.45,100,136100
20240115,14:12:21,2.35,100,136100
20240115,14:13:04,2.45,100,136000
20240115,14:13:21,2.45,500,136000
20240115,14:13:31,2.45,250,136000
20240115,14:13:32,2.45,750,136000
20240115,14:13:35,2.45,500,136000
20240115,14:13:49,2.45,500,136000
20240115,14:14:10,2.35,200,136000
20240115,14:14:30,2.45,1600,136000
20240115,14:14:31,2.35,450,136000
20240115,14:14:42,2.45,400,136000
20240115,14:14:43,2.45,400,136000
20240115,14:14:44,2.45,1200,136000
20240115,14:14:45,2.45,1600,136000
20240115,14:14:46,2.45,400,136000
20240115,14:15:02,2.4,250,136000
20240115,14:15:26,2.45,1150,135300
20240115,14:16:05,2.4,250,135300
20240115,14:18:08,2.4,250,135300
20240115,14:19:42,2.4,50,135300
20240115,14:19:54,2.4,250,134850
20240115,14:20:00,2.4,50,134850
20240115,14:21:00,2.4,250,134850
20240115,14:21:35,2.4,50,134850
20240115,14:21:50,2.4,50,134850
20240115,14:23:25,2.4,50,134850
20240115,14:23:42,2.4,50,134850
20240115,14:27:05,2.45,300,134850
20240115,14:27:49,2.4,200,134850
20240115,14:28:18,2.4,250,135150
20240115,14:28:19,2.4,250,135150
20240115,14:28:52,2.4,300,135150
20240115,14:29:41,2.4,1850,135150
20240115,14:29:46,2.4,150,135150
20240115,14:29:53,2.4,50,135150
20240115,14:30:03,2.4,1000,135150
20240115,14:30:52,2.45,1500,135150
20240115,14:31:26,2.4,200,135150
20240115,14:31:26,2.4,800,135150
20240115,14:31:38,2.4,1600,135150
20240115,14:31:56,2.4,400,135150
20240115,14:32:35,2.45,50,135150
20240115,14:32:48,2.45,300,135150
20240115,14:33:48,2.45,50,135150
20240115,14:35:47,2.4,250,138850
20240115,14:37:05,2.4,500,138900
20240115,14:37:45,2.4,100,138900
20240115,14:39:33,2.45,50,138400
20240115,14:43:56,2.45,50,138400
20240115,14:45:06,2.45,50,138400
20240115,14:47:03,2.45,250,138450
20240115,14:47:20,2.45,50,138450
20240115,14:47:51,2.4,1500,138450
20240115,14:48:00,2.45,100,138450
20240115,14:48:48,2.45,100,138450
20240115,14:49:17,2.4,1200,139400
20240115,14:49:34,2.4,1500,139400
20240115,14:49:39,2.4,500,139400
20240115,14:49:41,2.4,500,139400
20240115,14:49:42,2.45,250,139400
20240115,14:49:44,2.4,150,139400
20240115,14:49:45,2.4,50,139400
20240115,14:49:46,2.4,100,139400
20240115,14:49:47,2.4,50,139400
20240115,14:49:56,2.45,50,139400
20240115,14:50:04,2.45,50,139400
20240115,14:50:08,2.45,50,139400
20240115,14:50:53,2.45,250,139400
20240115,14:51:14,2.4,50,139500
20240115,14:51:17,2.4,50,139500
20240115,14:51:19,2.4,100,139500
20240115,14:51:59,2.45,1500,139500
20240115,14:52:08,2.45,1500,139500
20240115,14:52:09,2.45,1500,139500
20240115,14:53:04,2.45,300,139500
20240115,14:53:17,2.45,100,139500
20240115,14:53:44,2.45,250,139500
20240115,14:54:17,2.45,50,137850
20240115,14:54:18,2.45,50,137850
20240115,14:54:40,2.45,50,137850
20240115,14:55:10,2.45,100,137850
20240115,14:55:33,2.45,50,137850
20240115,14:56:17,2.45,1000,137850
20240115,14:57:07,2.4,50,137850
20240115,14:57:29,2.4,100,138900
20240115,14:59:50,2.45,2450,138900
20240115,15:01:16,2.4,50,137450
20240115,15:01:40,2.4,50,137450
20240115,15:02:49,2.4,50,137450
20240115,15:03:27,2.4,50,137400
20240115,15:03:37,2.4,50,137400
20240115,15:03:47,2.4,50,137400
20240115,15:05:31,2.4,150,137400
20240115,15:05:52,2.4,250,137400
20240115,15:05:54,2.4,250,137400
20240115,15:06:32,2.4,300,137800
20240115,15:07:16,2.4,50,137800
20240115,15:07:53,2.35,50,137800
20240115,15:07:59,2.4,250,137800
20240115,15:12:12,2.45,50,137800
20240115,15:12:21,2.35,700,138100
20240115,15:12:47,2.35,50,138100
20240115,15:14:02,2.35,50,138100
20240115,15:15:45,2.45,150,138100
20240115,15:16:28,2.45,50,137550
20240115,15:17:04,2.35,100,137550
20240115,15:17:30,2.35,50,137550
20240115,15:17:57,2.4,250,137550
20240115,15:18:14,2.4,400,137550
20240115,15:18:49,2.4,100,137200
20240115,15:18:51,2.45,200,137200
20240115,15:18:59,2.45,300,137200
20240115,15:19:13,2.45,500,137200
20240115,15:19:33,2.4,200,137200
20240115,15:19:40,2.45,50,137200
20240115,15:19:45,2.45,50,137200
20240115,15:19:54,2.4,250,137200
20240115,15:19:56,2.45,300,137200
20240115,15:20:10,2.4,500,137200
20240115,15:20:22,2.45,50,137200
20240115,15:20:23,2.45,50,137200
20240115,15:20:42,2.45,500,137200
20240115,15:20:52,2.4,50,137200
20240115,15:20:58,2.4,200,137200
20240115,15:21:02,2.45,250,137200
20240115,15:21:08,2.45,50,137200
20240115,15:21:12,2.45,50,137200
20240115,15:21:21,2.45,50,138700
20240115,15:21:24,2.45,50,138700
20240115,15:21:33,2.45,50,138700
20240115,15:21:38,2.45,50,138700
20240115,15:21:48,2.45,50,138700
20240115,15:21:50,2.45,200,138700
20240115,15:22:00,2.45,50,138700
20240115,15:22:07,2.45,350,138700
20240115,15:22:20,2.5,50,138700
20240115,15:22:21,2.5,50,138700
20240115,15:22:26,2.45,50,138700
20240115,15:23:00,2.5,250,138700
20240115,15:23:11,2.55,50,138700
20240115,15:23:16,2.55,50,138700
20240115,15:23:20,2.55,50,138700
20240115,15:23:30,2.6,100,138700
20240115,15:23:31,2.6,50,138700
20240115,15:23:36,2.6,50,138700
20240115,15:23:53,2.6,50,138700
20240115,15:23:54,2.6,50,138700
20240115,15:23:59,2.6,50,138700
20240115,15:24:07,2.55,300,138700
20240115,15:24:24,2.6,250,138700
20240115,15:24:32,2.6,50,139700
20240115,15:24:41,2.65,50,139700
20240115,15:25:01,2.65,100,139700
20240115,15:25:02,2.6,50,139700
20240115,15:25:06,2.65,50,139700
20240115,15:25:14,2.6,1500,139700
20240115,15:25:45,2.65,50,139700
20240115,15:25:52,2.7,450,139700
20240115,15:25:54,2.65,50,139700
20240115,15:25:57,2.65,50,139700
20240115,15:26:02,2.65,100,139700
20240115,15:26:07,2.65,250,139700
20240115,15:26:35,2.6,250,139700
20240115,15:26:39,2.6,500,139700
20240115,15:26:59,2.65,500,139700
20240115,15:27:05,2.6,50,139700
20240115,15:27:16,2.65,200,139700
20240115,15:27:38,2.75,900,137350
20240115,15:27:40,2.75,600,137350
20240115,15:27:42,2.75,950,137350
20240115,15:27:43,2.75,900,137350
20240115,15:27:44,2.75,1000,137350
20240115,15:27:50,2.8,900,137350
20240115,15:27:52,2.8,550,137350
20240115,15:27:53,2.8,250,137350
20240115,15:27:57,2.8,200,137350
20240115,15:28:01,3.0,1000,137350
20240115,15:28:05,2.8,150,137350
20240115,15:28:13,2.85,900,137350
20240115,15:28:29,2.85,300,137350
20240115,15:28:49,2.75,50,137350
20240115,15:28:50,2.9,50,137350
20240115,15:28:52,2.9,50,137350
20240115,15:29:11,3.65,100,137350
20240115,15:29:12,3.7,50,137350
20240115,15:29:17,3.7,1500,137350
20240115,15:29:20,2.8,50,137350
20240115,15:29:27,2.65,500,137350
20240115,15:29:28,2.65,250,137350
20240115,15:29:32,2.65,100,137350
20240115,15:29:35,1.5,3600,137350
20240115,15:29:46,1.55,200,137350
20240115,15:29:59,2.0,50,137350
20240116,09:15:05,1.55,1,135900
20240116,09:15:05,1.55,450,135900
20240116,09:15:06,1.6,150,135900
20240116,09:15:07,2.45,100,135900
20240116,09:15:09,1.65,150,135900
20240116,09:15:11,1.85,1500,135900
20240116,09:15:12,1.85,50,135900
20240116,09:15:16,1.85,1150,135900
20240116,09:15:17,1.8,1550,135900
20240116,09:15:19,1.75,900,135900
20240116,09:15:20,1.75,800,135900
20240116,09:15:24,1.75,1550,135900
20240116,09:15:30,1.9,4050,135900
20240116,09:15:31,1.85,50,135900
20240116,09:15:50,1.85,500,135900
20240116,09:15:58,1.85,250,135900
20240116,09:15:58,1.9,1500,135900
20240116,09:15:59,1.85,50,135900
20240116,09:16:00,1.9,200,135900
20240116,09:16:24,1.95,250,135900
20240116,09:16:54,1.9,250,135900
20240116,09:17:06,1.9,300,135900
20240116,09:17:08,1.9,450,135900
20240116,09:17:17,1.95,100,135900
20240116,09:17:22,1.85,1550,135900
20240116,09:17:42,1.9,250,135900
20240116,09:18:19,1.95,200,135900
20240116,09:18:23,1.95,450,135900
20240116,09:18:29,1.95,700,135900
20240116,09:18:30,1.95,50,135900
20240116,09:18:42,1.95,400,135900
20240116,09:18:45,2.0,5000,135900
20240116,09:18:45,1.95,1250,135900
20240116,09:18:49,2.0,50,135900
20240116,09:18:53,2.0,3100,135900
20240116,09:18:54,2.0,100,135900
20240116,09:18:56,2.05,50,135900
20240116,09:19:00,2.05,4000,135900
20240116,09:19:05,2.05,250,135900
20240116,09:19:07,2.05,200,135900
20240116,09:19:13,2.1,3350,135900
20240116,09:19:14,2.05,100,135900
20240116,09:19:17,2.1,2400,135900
20240116,09:19:17,2.1,150,135900
20240116,09:19:18,2.1,400,135900
20240116,09:19:28,2.1,1450,135900
20240116,09:19:28,2.1,250,135900
20240116,09:19:30,2.1,100,135900
20240116,09:19:32,2.1,100,135900
20240116,09:19:59,2.1,1450,135900
20240116,09:20:01,2.15,1550,135900
20240116,09:20:39,2.1,4450,132550
20240116,09:20:41,2.1,1150,132550
20240116,09:20:44,2.05,300,132550
20240116,09:20:45,2.05,250,132550
20240116,09:20:47,2.15,1100,132550
20240116,09:21:04,2.15,900,132550
20240116,09:21:18,2.15,100,132550
20240116,09:21:25,2.1,1800,132550
20240116,09:21:33,2.1,1800,132550
20240116,09:21:39,2.1,550,132550
20240116,09:21:44,2.1,50,132550
20240116,09:21:45,2.1,50,132550
20240116,09:21:46,2.1,50,132550
20240116,09:21:49,2.1,50,132550
20240116,09:21:50,2.1,50,132550
20240116,09:22:00,2.1,50,132550
20240116,09:22:05,2.1,50,132550
20240116,09:22:17,2.1,50,132550
20240116,09:22:19,2.1,50,132550
20240116,09:22:24,2.15,100,132550
20240116,09:22:29,2.1,50,132550
20240116,09:22:32,2.1,50,132550
20240116,09:22:40,2.15,500,132550
20240116,09:22:58,2.1,3800,132550
20240116,09:23:26,2.1,1200,132550
20240116,09:23:28,2.05,250,132550
20240116,09:23:34,2.1,250,136500
20240116,09:24:46,2.05,550,136500
20240116,09:24:54,2.05,350,136500
20240116,09:25:06,2.05,1400,136500
20240116,09:25:09,2.05,50,136500
20240116,09:26:09,2.05,200,136500
20240116,09:26:11,2.05,200,136500
20240116,09:27:04,2.05,100,136100
20240116,09:27:22,2.05,350,136100
20240116,09:27:29,2.05,700,136100
20240116,09:27:33,2.05,750,136100
20240116,09:27:54,2.05,1800,136100
20240116,09:28:13,2.0,1800,136100
20240116,09:28:14,2.05,100,136100
20240116,09:28:19,2.0,1800,136100
20240116,09:28:54,2.0,50,136100
20240116,09:28:57,1.95,900,136100
20240116,09:29:22,1.95,150,136100
20240116,09:29:25,1.95,850,136100
20240116,09:29:28,1.95,50,136100
20240116,09:29:29,1.95,50,136100
20240116,09:29:57,1.9,1800,134450
20240116,09:30:04,1.9,150,134450
20240116,09:30:10,1.9,1100,134450
20240116,09:30:15,1.85,2100,134450
20240116,09:30:42,1.85,600,134450
20240116,09:30:52,1.9,250,134450
20240116,09:31:50,1.9,1800,134450
20240116,09:31:52,1.9,1800,134450
20240116,09:31:55,1.9,1800,134450
20240116,09:31:59,1.9,1000,134450
20240116,09:32:01,1.9,500,134450
20240116,09:32:02,1.9,250,134450
20240116,09:32:03,1.9,2600,134450
20240116,09:32:08,1.9,350,134450
20240116,09:32:33,1.9,1800,134450
20240116,09:32:42,1.9,1450,134400
20240116,09:34:39,1.95,200,134400
20240116,09:34:47,1.9,1000,134400
20240116,09:35:27,1.95,400,134400
20240116,09:35:42,2.0,250,134400
20240116,09:35:43,1.95,1700,132850
20240116,09:35:47,1.95,50,132850
20240116,09:35:53,1.95,550,132850
20240116,09:35:59,1.95,500,132850
20240116,09:36:02,1.95,500,132850
20240116,09:36:05,1.95,50,132850
20240116,09:36:20,1.95,50,132850
20240116,09:36:57,1.95,250,132850
20240116,09:37:01,1.95,50,132850
20240116,09:37:27,1.95,450,132850
20240116,09:37:45,1.95,950,132850
20240116,09:38:24,1.9,400,132850
20240116,09:39:36,1.9,350,133200
20240116,09:39:58,1.95,50,133200
20240116,09:40:05,1.95,50,133200
20240116,09:40:26,1.9,50,133200
20240116,09:40:28,1.95,50,133200
20240116,09:40:36,1.95,200,133200
20240116,09:41:49,1.9,600,133150
20240116,09:41:59,1.95,300,133150
20240116,09:42:14,1.9,900,133150
20240116,09:42:23,1.9,300,133150
20240116,09:42:32,1.9,300,133150
20240116,09:43:01,1.9,200,133150
20240116,09:44:27,1.9,250,133150
20240116,09:44:34,1.9,750,133150
20240116,09:44:40,1.95,250,134800
20240116,09:45:16,1.95,900,134800
20240116,09:45:22,1.95,400,134800
20240116,09:45:43,1.95,250,134800
20240116,09:46:06,1.95,300,134800
20240116,09:46:14,1.95,250,134800
20240116,09:46:16,1.95,1700,134800
20240116,09:46:55,2.0,50,134800
20240116,09:48:10,1.95,200,138600
20240116,09:48:16,1.95,200,138600
20240116,09:48:17,1.95,200,138600
20240116,09:48:54,2.0,450,138600
20240116,09:49:00,2.0,250,138600
20240116,09:49:03,2.0,2150,138600
20240116,09:49:20,2.0,100,138600
20240116,09:51:50,2.05,100,138600
20240116,09:52:02,2.05,150,137400
20240116,09:52:59,2.05,150,137400
20240116,09:53:23,2.1,200,137400
20240116,09:53:36,2.1,250,137400
20240116,09:54:25,2.15,50,137600
20240116,09:54:27,2.15,50,137600
20240116,09:54:48,2.15,50,137600
20240116,09:55:44,2.15,2850,137600
20240116,09:56:24,2.1,100,137600
20240116,09:56:42,2.05,1900,137500
20240116,09:57:42,2.05,150,137500
20240116,09:59:31,2.0,1800,137500
20240116,09:59:46,2.05,400,137600
20240116,10:00:59,2.0,250,137600
20240116,10:01:45,2.05,150,137600
20240116,10:02:29,2.05,500,137600
20240116,10:02:58,2.0,50,138450
20240116,10:04:02,2.05,500,138450
20240116,10:09:56,2.05,2400,138450
20240116,10:09:57,2.05,50,138450
20240116,10:10:34,2.0,500,138450
20240116,10:10:38,2.0,50,138450
20240116,10:10:47,2.0,300,138450
20240116,10:10:56,2.05,250,138450
20240116,10:11:07,2.0,50,138450
20240116,10:11:28,2.05,250,138450
20240116,10:11:50,2.0,50,138450
20240116,10:11:52,2.0,50,137900
20240116,10:11:58,2.05,250,137900
20240116,10:12:57,2.05,500,137900
20240116,10:15:02,2.15,100,137300
20240116,10:17:52,2.05,50,137400
20240116,10:17:53,2.05,50,137400
20240116,10:18:00,2.05,50,137400
20240116,10:18:11,2.05,50,137400
20240116,10:18:12,2.05,50,137400
20240116,10:18:30,2.05,50,137400
20240116,10:20:39,2.15,650,137400
20240116,10:20:46,2.15,250,137400
20240116,10:20:48,2.2,50,137100
20240116,10:21:45,2.2,50,137100
20240116,10:21:56,2.2,50,137100
20240116,10:21:58,2.2,850,137100
20240116,10:22:16,2.15,50,137100
20240116,10:22:17,2.15,50,137100
20240116,10:22:18,2.15,100,137100
20240116,10:22:21,2.25,50,137100
20240116,10:22:30,2.15,50,137100
20240116,10:22:31,2.15,50,137100
20240116,10:22:44,2.25,50,137100
20240116,10:23:09,2.2,50,137100
20240116,10:23:53,2.2,250,137100
20240116,10:24:08,2.2,50,138100
20240116,10:24:29,2.2,250,138100
20240116,10:24:50,2.25,50,138100
20240116,10:25:20,2.2,500,138100
20240116,10:26:23,2.2,50,138100
20240116,10:30:20,2.2,50,137600
20240116,10:33:04,2.2,50,137600
20240116,10:34:32,2.2,50,137600
20240116,10:37:49,2.2,250,137500
20240116,10:37:54,2.25,250,137500
20240116,10:38:32,2.25,300,137500
20240116,10:39:09,2.25,50,137500
20240116,10:39:21,2.25,500,137750
20240116,10:39:26,2.25,900,137750
20240116,10:40:03,2.3,1400,137750
20240116,10:41:28,2.35,250,137750
20240116,10:41:33,2.35,350,137750
20240116,10:42:45,2.4,50,137750
20240116,10:42:47,2.35,400,138250
20240116,10:43:05,2.3,50,138250
20240116,10:43:33,2.3,900,138250
20240116,10:43:43,2.3,50,138250
20240116,10:44:31,2.3,100,138250
20240116,10:44:36,2.3,50,138250
20240116,10:44:37,2.3,250,138250
20240116,10:45:12,2.35,50,136900
20240116,10:46:07,2.35,750,136900
20240116,10:46:14,2.35,50,136900
20240116,10:46:28,2.35,50,136900
20240116,10:46:35,2.35,100,136900
20240116,10:46:49,2.35,50,136900
20240116,10:47:22,2.4,1350,136900
20240116,10:47:22,2.4,50,136900
20240116,10:47:24,2.4,50,136900
20240116,10:47:26,2.4,700,136900
20240116,10:47:36,2.4,50,136900
20240116,10:48:00,2.4,500,136950
20240116,10:48:04,2.45,1500,136950
20240116,10:49:06,2.45,50,136950
20240116,10:50:56,2.5,1800,135550
20240116,10:51:00,2.5,250,135550
20240116,10:51:48,2.5,650,135550
20240116,10:52:00,2.5,300,135550
20240116,10:52:21,2.5,50,135550
20240116,10:52:23,2.55,200,135550
20240116,10:52:35,2.55,50,135550
20240116,10:52:40,2.55,100,135550
20240116,10:52:49,2.5,250,135550
20240116,10:52:57,2.5,300,135550
20240116,10:53:04,2.5,250,135550
20240116,10:53:59,2.5,350,135550
20240116,10:54:08,2.5,700,135550
20240116,10:54:31,2.5,2500,135550
20240116,10:54:46,2.5,250,135550
20240116,10:55:01,2.5,300,135550
20240116,10:55:08,2.5,1800,135550
20240116,10:55:09,2.5,250,135550
20240116,10:55:11,2.5,350,135550
20240116,10:55:25,2.5,350,135550
20240116,10:55:57,2.55,450,135550
20240116,10:56:00,2.5,300,135550
20240116,10:56:00,2.5,1500,135550
20240116,10:56:01,2.5,1200,135550
20240116,10:56:02,2.5,250,135550
20240116,10:56:05,2.5,100,135550
20240116,10:56:06,2.5,1300,135550
20240116,10:56:11,2.5,400,135550
20240116,10:56:11,2.5,1250,135550
20240116,10:56:12,2.5,1000,135550
20240116,10:56:15,2.45,500,135550
20240116,10:56:37,2.45,2300,135550
20240116,10:56:41,2.45,700,135550
20240116,10:56:57,2.45,2700,135550
20240116,10:56:57,2.45,1600,132900
20240116,10:57:06,2.4,250,132900
20240116,10:57:10,2.45,50,132900
20240116,10:57:11,2.4,250,132900
20240116,10:57:15,2.45,50,132900
20240116,10:57:24,2.4,850,132900
20240116,10:57:45,2.4,300,132900
20240116,10:58:03,2.4,250,132900
20240116,10:58:22,2.4,550,132900
20240116,10:58:25,2.4,350,132900
20240116,10:58:26,2.4,350,132900
20240116,10:58:33,2.4,1000,132900
20240116,10:58:33,2.4,50,132900
20240116,10:58:35,2.4,50,132900
20240116,10:58:37,2.4,50,132900
20240116,10:58:43,2.4,50,132900
20240116,10:58:55,2.4,50,132900
20240116,10:58:59,2.35,250,132900
20240116,10:59:03,2.35,250,132900
20240116,10:59:25,2.35,1200,132900
20240116,11:00:01,2.4,300,133200
20240116,11:00:46,2.35,900,133200
20240116,11:00:49,2.4,50,133200
20240116,11:00:50,2.35,150,133200
20240116,11:00:53,2.35,150,133200
20240116,11:00:55,2.35,50,133200
20240116,11:00:56,2.35,50,133200
20240116,11:00:57,2.35,50,133200
20240116,11:00:58,2.4,50,133200
20240116,11:01:06,2.35,200,133200
20240116,11:01:52,2.4,50,133200
20240116,11:02:04,2.35,400,133200
20240116,11:02:22,2.4,300,133200
20240116,11:02:24,2.4,250,133200
20240116,11:02:26,2.4,1200,133200
20240116,11:02:27,2.4,250,133200
20240116,11:02:30,2.4,3100,133200
20240116,11:02:31,2.4,1100,133200
20240116,11:02:46,2.4,1800,133200
20240116,11:02:47,2.4,650,132450
20240116,11:03:33,2.4,250,132450
20240116,11:03:58,2.4,1000,132450
20240116,11:04:06,2.4,200,132450
20240116,11:04:39,2.4,250,132450
20240116,11:04:54,2.4,50,132450
20240116,11:04:58,2.4,50,132450
20240116,11:05:00,2.4,250,132450
20240116,11:05:01,2.4,50,132450
20240116,11:05:02,2.4,250,132450
20240116,11:05:14,2.4,50,132450
20240116,11:05:19,2.35,500,132450
20240116,11:06:31,2.4,50,130950
20240116,11:06:32,2.4,50,130950
20240116,11:06:44,2.4,500,130950
20240116,11:06:54,2.4,1000,130950
20240116,11:06:57,2.4,2000,130950
20240116,11:07:31,2.4,500,130950
20240116,11:08:41,2.35,200,130950
20240116,11:09:39,2.4,150,131400
20240116,11:09:44,2.4,350,131400
20240116,11:09:46,2.4,1650,131400
20240116,11:09:47,2.4,350,131400
20240116,11:09:48,2.4,1000,131400
20240116,11:09:56,2.4,450,131400
20240116,11:09:59,2.45,150,131400
20240116,11:10:14,2.45,800,131400
20240116,11:11:07,2.4,4250,131400
20240116,11:11:24,2.35,200,131400
20240116,11:11:46,2.4,500,131400
20240116,11:11:49,2.4,350,133200
20240116,11:11:55,2.4,250,133200
20240116,11:12:18,2.35,750,133200
20240116,11:12:20,2.4,100,133200
20240116,11:12:23,2.35,500,133200
20240116,11:12:40,2.4,700,133200
20240116,11:13:16,2.45,850,133200
20240116,11:13:17,2.45,250,133200
20240116,11:13:26,2.4,1200,133200
20240116,11:13:27,2.4,1200,133200
20240116,11:13:32,2.4,1400,133200
20240116,11:13:35,2.4,1000,133200
20240116,11:14:00,2.4,1000,133200
20240116,11:14:02,2.4,250,133200
20240116,11:14:03,2.4,1000,133200
20240116,11:14:04,2.4,1800,133200
20240116,11:14:13,2.4,50,133200
20240116,11:14:22,2.4,1800,133200
20240116,11:14:24,2.4,50,133200
20240116,11:14:27,2.4,1300,133200
20240116,11:14:27,2.4,1000,133200
20240116,11:14:32,2.4,100,133200
20240116,11:14:43,2.4,1450,133200
20240116,11:14:52,2.4,1800,132900
20240116,11:15:00,2.4,750,132900
20240116,11:15:07,2.4,500,132900
20240116,11:15:14,2.35,100,132900
20240116,11:15:17,2.35,1800,132900
20240116,11:15:28,2.35,50,132900
20240116,11:15:30,2.35,150,132900
20240116,11:15:34,2.4,250,132900
20240116,11:15:39,2.4,50,132900
20240116,11:15:42,2.35,500,132900
20240116,11:15:57,2.35,100,132900
20240116,11:16:07,2.4,850,132900
20240116,11:16:09,2.4,500,132900
20240116,11:16:12,2.35,350,132900
20240116,11:16:33,2.4,1100,132900
20240116,11:16:34,2.4,550,132900
20240116,11:16:36,2.4,500,132900
20240116,11:16:52,2.4,150,132900
20240116,11:16:53,2.4,4350,132900
20240116,11:17:05,2.4,1000,132900
20240116,11:17:16,2.4,2000,132900
20240116,11:17:16,2.4,1250,132900
20240116,11:17:19,2.4,2000,132900
20240116,11:17:21,2.4,2300,132900
20240116,11:17:24,2.4,2200,132900
20240116,11:17:33,2.35,11400,132900
20240116,11:17:34,2.35,50,132900
20240116,11:17:47,2.3,5000,134200
20240116,11:17:49,2.3,5400,134200
20240116,11:17:50,2.3,7150,134200
20240116,11:17:51,2.3,100,134200
20240116,11:17:53,2.3,1800,134200
20240116,11:17:59,2.3,500,134200
20240116,11:18:00,2.25,900,134200
20240116,11:18:03,2.25,3400,134200
20240116,11:18:05,2.25,3950,134200
20240116,11:18:06,2.25,50,134200
20240116,11:18:06,2.25,850,134200
20240116,11:18:07,2.25,3100,134200
20240116,11:18:08,2.25,550,134200
20240116,11:18:09,2.25,50,134200
20240116,11:18:11,2.25,50,134200
20240116,11:18:15,2.2,50,134200
20240116,11:18:16,2.25,50,134200
20240116,11:18:21,2.25,1800,134200
20240116,11:18:22,2.25,1800,134200
20240116,11:18:23,2.25,2050,134200
20240116,11:18:26,2.3,50,134200
20240116,11:18:35,2.2,800,134200
20240116,11:18:56,2.2,800,134200
20240116,11:19:02,2.2,900,134200
20240116,11:19:03,2.2,3150,134200
20240116,11:19:12,2.2,2000,134200
20240116,11:19:12,2.2,450,134200
20240116,11:19:14,2.2,500,134200
20240116,11:19:15,2.2,250,134200
20240116,11:19:34,2.15,900,134200
20240116,11:19:44,2.2,7000,134200
20240116,11:19:48,2.2,1300,134200
20240116,11:19:54,2.2,1500,134200
20240116,11:19:59,2.2,750,134200
20240116,11:20:05,2.15,1050,134200
20240116,11:20:06,2.15,50,134200
20240116,11:20:12,2.2,3000,134200
20240116,11:20:13,2.2,1550,134200
20240116,11:20:19,2.2,2000,134200
20240116,11:20:26,2.2,4300,134200
20240116,11:20:28,2.2,500,134200
20240116,11:20:34,2.2,2000,134200
20240116,11:20:40,2.2,5650,134200
20240116,11:20:41,2.2,1700,134200
20240116,11:20:43,2.2,100,134200
20240116,11:20:44,2.25,500,134200
20240116,11:20:45,2.2,50,134200
20240116,11:20:46,2.2,50,134200
20240116,11:20:48,2.2,50,150250
20240116,11:20:58,2.2,50,150250
20240116,11:21:02,2.2,950,150250
20240116,11:21:03,2.2,150,150250
20240116,11:21:20,2.25,4750,150250
20240116,11:21:43,2.25,500,150250
20240116,11:21:49,2.3,500,150250
20240116,11:21:50,2.3,500,150250
20240116,11:21:53,2.25,500,150250
20240116,11:21:58,2.25,500,150250
20240116,11:21:59,2.25,500,150250
20240116,11:22:00,2.25,1000,150250
20240116,11:22:07,2.25,500,150250
20240116,11:22:09,2.2,1100,150250
20240116,11:22:15,2.25,200,150250
20240116,11:22:27,2.25,500,150250
20240116,11:22:28,2.25,1300,150250
20240116,11:22:33,2.25,500,150250
20240116,11:22:42,2.25,500,150250
20240116,11:22:53,2.25,100,150250
20240116,11:22:55,2.25,250,150250
20240116,11:23:02,2.25,1000,150250
20240116,11:23:09,2.25,800,150250
20240116,11:23:14,2.25,6400,150250
20240116,11:23:16,2.25,600,150250
20240116,11:23:27,2.3,1800,150250
20240116,11:23:32,2.3,750,150250
20240116,11:23:39,2.3,500,150250
20240116,11:23:44,2.25,250,150250
20240116,11:23:55,2.3,1000,150250
20240116,11:24:00,2.3,1000,162600
20240116,11:24:07,2.3,3500,162600
20240116,11:24:11,2.25,250,162600
20240116,11:24:14,2.35,1000,162600
20240116,11:24:21,2.3,100,162600
20240116,11:24:34,2.25,500,162600
20240116,11:25:01,2.3,1000,162600
20240116,11:25:04,2.3,500,162600
20240116,11:25:06,2.3,2100,162600
20240116,11:25:08,2.3,200,162600
20240116,11:25:09,2.3,100,162600
20240116,11:25:11,2.3,100,162600
20240116,11:25:11,2.3,400,162600
20240116,11:25:12,2.3,250,162600
20240116,11:25:17,2.3,500,162600
20240116,11:25:18,2.3,500,162600
20240116,11:25:19,2.3,500,162600
20240116,11:25:23,2.3,300,162600
20240116,11:25:33,2.3,100,162600
20240116,11:25:50,2.3,250,162600
20240116,11:26:01,2.3,500,162600
20240116,11:26:05,2.35,400,162600
20240116,11:26:06,2.3,500,162600
20240116,11:26:07,2.3,300,162600
20240116,11:26:08,2.35,250,162600
20240116,11:26:10,2.3,700,162600
20240116,11:26:16,2.3,50,162600
20240116,11:26:18,2.35,150,162600
20240116,11:26:19,2.3,600,162600
20240116,11:26:20,2.3,1000,162600
20240116,11:26:41,2.3,50,162600
20240116,11:26:47,2.3,500,162600
20240116,11:26:51,2.3,250,162600
20240116,11:26:53,2.3,50,167000
20240116,11:26:56,2.3,350,167000
20240116,11:26:57,2.3,400,167000
20240116,11:26:58,2.3,450,167000
20240116,11:26:59,2.25,550,167000
20240116,11:27:05,2.25,500,167000
20240116,11:27:10,2.25,1200,167000
20240116,11:27:39,2.2,50,167000
20240116,11:27:45,2.2,50,167000
20240116,11:27:48,2.2,1800,167000
20240116,11:27:49,2.25,100,167000
20240116,11:27:56,2.2,150,167000
20240116,11:27:57,2.2,150,167000
20240116,11:28:00,2.2,1500,167000
20240116,11:28:03,2.2,1500,167000
20240116,11:28:04,2.2,50,167000
20240116,11:28:09,2.2,450,167000
20240116,11:28:22,2.2,50,167000
20240116,11:28:28,2.15,1400,167000
20240116,11:28:57,2.15,550,167000
20240116,11:28:57,2.2,50,167000
20240116,11:29:03,2.15,500,167000
20240116,11:29:10,2.2,250,167000
20240116,11:29:20,2.15,1500,167000
20240116,11:29:33,2.1,100,167000
20240116,11:29:35,2.15,1800,167000
20240116,11:29:36,2.15,400,167000
20240116,11:29:37,2.15,100,167000
20240116,11:29:38,2.15,250,167000
20240116,11:29:39,2.15,50,167000
20240116,11:29:40,2.15,50,167000
20240116,11:29:42,2.15,100,167000
20240116,11:29:47,2.15,250,167000
20240116,11:29:51,2.15,250,165200
20240116,11:30:44,2.1,150,165200
20240116,11:30:48,2.15,250,165200
20240116,11:30:50,2.1,500,165200
20240116,11:30:51,2.15,250,165200
20240116,11:30:54,2.15,250,165200
20240116,11:30:55,2.1,750,165200
20240116,11:30:56,2.15,750,165200
20240116,11:30:57,2.15,500,165200
20240116,11:31:01,2.15,1800,165200
20240116,11:31:03,2.1,200,165200
20240116,11:31:32,2.1,1800,165200
20240116,11:31:41,2.1,1800,165200
20240116,11:31:45,2.15,250,165200
20240116,11:31:49,2.1,1800,165200
20240116,11:32:01,2.1,1800,165200
20240116,11:32:04,2.15,1000,165200
20240116,11:32:05,2.15,450,165200
20240116,11:32:10,2.15,250,165200
20240116,11:32:11,2.15,250,165200
20240116,11:32:24,2.1,1000,165200
20240116,11:32:50,2.1,250,166950
20240116,11:32:53,2.15,50,166950
20240116,11:32:54,2.15,450,166950
20240116,11:33:12,2.15,500,166950
20240116,11:33:17,2.15,500,166950
20240116,11:33:21,2.15,500,166950
20240116,11:33:50,2.15,500,166950
20240116,11:34:00,2.15,500,166950
20240116,11:34:08,2.1,50,166950
20240116,11:34:17,2.15,250,166950
20240116,11:34:50,2.15,500,166950
20240116,11:35:01,2.15,250,166950
20240116,11:35:22,2.15,50,166950
20240116,11:35:23,2.15,500,166950
20240116,11:35:29,2.1,250,166950
20240116,11:35:32,2.1,50,166950
20240116,11:35:33,2.1,250,166950
20240116,11:35:34,2.1,250,166950
20240116,11:37:08,2.15,250,166950
20240116,11:37:09,2.1,250,170900
20240116,11:37:18,2.15,250,170900
20240116,11:37:40,2.1,100,170900
20240116,11:37:43,2.15,50,170900
20240116,11:38:44,2.15,50,170900
20240116,11:38:54,2.15,50,171150
20240116,11:39:06,2.15,50,171150
20240116,11:39:14,2.1,50,171150
20240116,11:39:18,2.15,300,171150
20240116,11:39:19,2.15,250,171150
20240116,11:39:20,2.15,1850,171150
20240116,11:40:06,2.2,50,171150
20240116,11:40:17,2.15,1700,171150
20240116,11:40:18,2.15,50,171150
20240116,11:40:39,2.15,50,171150
20240116,11:40:51,2.2,500,171150
20240116,11:41:53,2.15,50,172350
20240116,11:42:24,2.2,150,172350
20240116,11:44:46,2.15,50,172350
20240116,11:44:49,2.15,50,172350
20240116,11:45:18,2.15,50,172350
20240116,11:45:42,2.2,50,172400
20240116,11:45:46,2.15,100,172400
20240116,11:45:58,2.15,200,172400
20240116,11:46:00,2.15,100,172400
20240116,11:46:01,2.15,100,172400
20240116,11:46:06,2.15,100,172400
20240116,11:46:10,2.15,100,172400
20240116,11:46:12,2.15,50,172400
20240116,11:46:14,2.15,50,172400
20240116,11:46:17,2.15,200,172400
20240116,11:46:20,2.15,50,172400
20240116,11:46:21,2.15,700,172400
20240116,11:47:17,2.1,250,172400
20240116,11:47:27,2.1,200,172400
20240116,11:47:37,2.1,350,172400
20240116,11:47:58,2.1,200,171050
20240116,11:48:05,2.1,200,171050
20240116,11:49:05,2.1,50,171050
20240116,11:49:12,2.1,50,171050
20240116,11:49:17,2.1,50,171050
20240116,11:50:13,2.15,500,171050
20240116,11:53:19,2.15,100,171550
20240116,11:53:38,2.15,650,171550
20240116,11:54:04,2.1,50,171550
20240116,11:54:12,2.15,500,171650
20240116,11:55:02,2.1,50,171650
20240116,11:55:04,2.1,50,171650
20240116,11:56:12,2.15,500,171650
20240116,11:59:00,2.15,500,172650
20240116,11:59:52,2.15,900,172650
20240116,12:02:33,2.1,500,173150
20240116,12:02:54,2.1,200,173150
20240116,12:05:47,2.1,1000,172850
20240116,12:05:56,2.1,250,172850
20240116,12:06:26,2.15,500,172650
20240116,12:07:01,2.1,50,172650
20240116,12:07:05,2.15,600,172650
20240116,12:07:07,2.1,350,172650
20240116,12:07:09,2.1,1000,172650
20240116,12:07:17,2.1,1800,172650
20240116,12:07:23,2.1,1800,172650
20240116,12:07:37,2.1,350,172650
20240116,12:07:38,2.1,1000,172650
20240116,12:07:44,2.15,250,172650
20240116,12:08:21,2.1,1000,172650
20240116,12:08:22,2.1,250,172650
20240116,12:08:23,2.1,250,172650
20240116,12:08:41,2.1,50,172650
20240116,12:09:01,2.1,200,171050
20240116,12:09:04,2.1,50,171050
20240116,12:09:19,2.1,1800,171050
20240116,12:09:26,2.1,1800,171050
20240116,12:09:27,2.1,700,171050
20240116,12:09:29,2.1,100,171050
20240116,12:09:31,2.1,100,171050
20240116,12:09:32,2.1,100,171050
20240116,12:09:33,2.1,100,171050
20240116,12:09:34,2.1,250,171050
20240116,12:09:35,2.1,100,171050
20240116,12:09:38,2.1,100,171050
20240116,12:09:40,2.1,100,171050
20240116,12:09:42,2.1,100,171050
20240116,12:09:43,2.1,100,171050
20240116,12:09:44,2.1,1800,171050
20240116,12:09:48,2.1,50,171050
20240116,12:09:58,2.1,250,171050
20240116,12:10:06,2.1,450,171050
20240116,12:10:07,2.1,1800,171050
20240116,12:10:08,2.1,250,171050
20240116,12:10:11,2.1,1250,171050
20240116,12:10:20,2.1,250,171050
20240116,12:10:27,2.1,150,171050
20240116,12:10:28,2.1,750,171050
20240116,12:11:03,2.05,350,171050
20240116,12:11:05,2.05,50,171050
20240116,12:11:14,2.1,50,171050
20240116,12:11:23,2.05,350,171050
20240116,12:11:33,2.05,50,171050
20240116,12:11:55,2.05,50,169250
20240116,12:12:02,2.05,200,169250
20240116,12:12:04,2.05,100,169250
20240116,12:12:07,2.05,100,169250
20240116,12:12:09,2.05,1150,169250
20240116,12:12:10,2.05,50,169250
20240116,12:12:30,2.0,200,169250
20240116,12:12:36,2.0,200,169250
20240116,12:13:11,2.0,50,169250
20240116,12:13:11,2.05,100,169250
20240116,12:14:45,2.05,50,169250
20240116,12:15:00,2.0,500,169250
20240116,12:15:06,2.05,50,169100
20240116,12:15:57,2.0,50,169100
20240116,12:16:03,2.0,100,169100
20240116,12:16:05,2.0,100,169100
20240116,12:16:06,2.0,100,169100
20240116,12:16:11,2.0,100,169100
20240116,12:16:18,2.0,100,169100
20240116,12:16:19,2.0,200,169100
20240116,12:16:24,2.0,200,169100
20240116,12:16:25,2.0,100,169100
20240116,12:16:26,2.0,200,169100
20240116,12:16:27,2.0,100,169100
20240116,12:16:28,2.0,100,169100
20240116,12:16:29,2.0,100,169100
20240116,12:16:43,2.0,100,169100
20240116,12:16:50,2.0,100,169100
20240116,12:16:51,2.0,100,169100
20240116,12:16:52,2.0,100,169100
20240116,12:16:53,2.0,100,169100
20240116,12:16:54,2.05,2000,169100
20240116,12:16:56,2.0,100,169100
20240116,12:16:58,2.0,200,169100
20240116,12:16:59,2.0,100,169100
20240116,12:17:01,2.0,100,169100
20240116,12:17:09,2.0,100,169100
20240116,12:17:11,2.0,100,169100
20240116,12:17:11,2.0,200,169100
20240116,12:17:12,2.0,3500,169100
20240116,12:17:19,2.0,200,169100
20240116,12:17:20,2.0,100,169100
20240116,12:17:30,2.0,100,169100
20240116,12:17:34,2.0,100,169100
20240116,12:17:35,2.0,500,169100
20240116,12:17:37,2.05,50,169100
20240116,12:17:38,2.0,200,169100
20240116,12:17:39,2.0,100,169100
20240116,12:17:40,2.0,100,169100
20240116,12:17:42,2.0,100,169100
20240116,12:17:46,2.0,100,169100
20240116,12:17:50,2.05,50,169100
20240116,12:17:52,2.0,200,169100
20240116,12:17:54,2.0,1800,169100
20240116,12:17:58,2.0,1800,169100
20240116,12:18:01,2.0,800,164200
20240116,12:18:03,2.0,1000,164200
20240116,12:18:12,2.0,100,164200
20240116,12:18:24,2.0,1600,164200
20240116,12:18:36,2.0,50,164200
20240116,12:18:59,2.0,800,164200
20240116,12:19:01,2.0,800,164200
20240116,12:19:09,2.0,1000,164200
20240116,12:19:16,2.0,1100,164200
20240116,12:19:40,2.0,1000,164200
20240116,12:19:41,2.0,500,164200
20240116,12:19:42,2.0,300,164200
20240116,12:19:43,2.0,250,164200
20240116,12:19:47,2.0,1000,164200
20240116,12:19:53,2.0,1800,164200
20240116,12:19:54,2.0,1300,164200
20240116,12:19:55,2.0,1800,164200
20240116,12:19:57,2.0,1300,164200
20240116,12:20:01,2.0,1800,164200
20240116,12:20:03,2.0,250,164200
20240116,12:20:04,2.0,400,164200
20240116,12:20:05,2.0,100,164200
20240116,12:20:07,2.0,6400,164200
20240116,12:20:09,2.0,200,164200
20240116,12:20:12,2.0,100,164200
20240116,12:20:24,2.0,100,164200
20240116,12:21:08,2.0,2100,164200
20240116,12:21:18,2.0,500,158750
20240116,12:21:24,2.0,2000,158750
20240116,12:21:39,1.95,1500,158750
20240116,12:21:56,1.95,800,158750
20240116,12:23:08,2.0,2400,158750
20240116,12:23:19,2.0,2400,158750
20240116,12:24:06,1.95,1000,158750
20240116,12:24:14,2.0,2000,157400
20240116,12:25:09,2.0,4500,157400
20240116,12:25:12,1.95,500,157400
20240116,12:25:37,1.95,500,157400
20240116,12:27:34,1.95,500,155400
20240116,12:27:42,1.95,50,155400
20240116,12:27:46,1.95,100,155400
20240116,12:27:51,1.95,100,155400
20240116,12:27:57,1.95,800,155400
20240116,12:27:59,1.95,600,155400
20240116,12:28:07,1.95,600,155400
20240116,12:28:22,1.95,1600,155400
20240116,12:28:26,1.95,500,155400
20240116,12:28:29,1.95,500,155400
20240116,12:28:37,1.95,500,155400
20240116,12:28:45,1.95,1900,155400
20240116,12:29:41,1.95,900,155400
20240116,12:30:22,1.95,50,153300
20240116,12:30:24,1.95,900,153300
20240116,12:30:28,1.95,50,153300
20240116,12:30:40,1.95,900,153300
20240116,12:31:07,1.95,1250,153300
20240116,12:32:04,1.95,50,153300
20240116,12:32:40,1.95,1600,153300
20240116,12:32:43,1.95,50,153300
20240116,12:33:55,2.0,50,153300
20240116,12:35:33,1.95,250,153300
20240116,12:35:53,1.95,250,153300
20240116,12:36:25,2.0,1800,153300
20240116,12:36:25,2.0,1800,153350
20240116,12:36:30,2.0,900,153350
20240116,12:36:34,1.95,250,153350
20240116,12:36:54,1.95,1200,153350
20240116,12:37:14,1.95,300,153350
20240116,12:37:15,2.0,2700,153350
20240116,12:37:17,2.0,4500,153350
20240116,12:37:35,1.95,1800,153350
20240116,12:37:36,2.0,500,153350
20240116,12:38:23,1.95,800,153350
20240116,12:38:25,1.95,800,153350
20240116,12:38:56,2.0,1800,153350
20240116,12:38:57,2.0,1800,153350
20240116,12:38:58,2.0,1800,153350
20240116,12:39:09,2.0,1650,151200
20240116,12:40:11,2.0,1800,151200
20240116,12:40:34,1.95,350,151200
20240116,12:41:38,1.95,1800,151200
20240116,12:42:17,1.95,100,150950
20240116,12:42:31,2.0,800,150950
20240116,12:43:41,1.95,1900,150950
20240116,12:43:51,2.0,5000,150950
20240116,12:43:58,1.95,200,150950
20240116,12:44:46,1.95,1600,150950
20240116,12:44:49,1.95,200,150950
20240116,12:45:04,1.95,1000,150950
20240116,12:45:18,1.95,1000,150600
20240116,12:45:19,1.95,650,150600
20240116,12:45:33,1.95,2000,150600
20240116,12:45:47,1.95,200,150600
20240116,12:45:58,1.95,1800,150600
20240116,12:46:16,1.95,1800,150600
20240116,12:46:19,1.95,1100,150600
20240116,12:47:11,1.9,500,150600
20240116,12:47:38,1.9,1800,150600
20240116,12:47:54,1.9,1800,150600
20240116,12:47:56,1.9,150,150600
20240116,12:49:01,1.85,1000,150600
20240116,12:49:03,1.85,1000,146700
20240116,12:49:04,1.85,1550,146700
20240116,12:49:24,1.8,1800,146700
20240116,12:49:36,1.8,300,146700
20240116,12:49:40,1.8,1050,146700
20240116,12:49:41,1.8,50,146700
20240116,12:50:03,1.8,500,146700
20240116,12:50:28,1.8,250,146700
20240116,12:51:13,1.8,250,144450
20240116,12:51:16,1.8,250,144450
20240116,12:51:42,1.75,500,144450
20240116,12:51:44,1.8,1800,144450
20240116,12:52:57,1.8,500,144450
20240116,12:53:03,1.75,1800,144450
20240116,12:53:07,1.75,1450,144450
20240116,12:53:18,1.75,50,144450
20240116,12:53:43,1.7,1400,144450
20240116,12:54:13,1.7,50,147150
20240116,12:54:23,1.7,1800,147150
20240116,12:54:24,1.7,1800,147150
20240116,12:54:25,1.7,1800,147150
20240116,12:54:26,1.7,1800,147150
20240116,12:54:27,1.7,150,147150
20240116,12:54:27,1.7,3400,147150
20240116,12:54:41,1.7,250,147150
20240116,12:54:46,1.7,100,147150
20240116,12:55:01,1.7,100,147150
20240116,12:55:03,1.7,800,147150
20240116,12:55:04,1.7,1600,147150
20240116,12:55:16,1.7,3600,147150
20240116,12:55:20,1.7,50,147150
20240116,12:55:23,1.7,1800,147150
20240116,12:55:29,1.7,50,147150
20240116,12:55:35,1.7,50,147150
20240116,12:55:36,1.7,1600,147150
20240116,12:56:00,1.7,50,147150
20240116,12:56:00,1.7,250,147150
20240116,12:56:21,1.7,50,147150
20240116,12:56:29,1.7,500,147150
20240116,12:56:44,1.7,2900,147150
20240116,12:58:15,1.7,500,147150
20240116,12:58:19,1.65,350,150850
20240116,12:58:22,1.65,750,150850
20240116,12:59:50,1.7,100,150850
20240116,13:00:47,1.65,250,151450
20240116,13:00:53,1.65,400,151450
20240116,13:00:55,1.65,400,151450
20240116,13:00:58,1.7,50,151450
20240116,13:00:59,1.65,450,151450
20240116,13:01:02,1.65,350,151450
20240116,13:01:03,1.7,50,151450
20240116,13:01:11,1.7,50,151450
20240116,13:01:31,1.65,50,151450
20240116,13:01:59,1.65,500,151450
20240116,13:03:01,1.6,350,151450
20240116,13:03:09,1.6,1250,152150
20240116,13:03:29,1.65,1800,152150
20240116,13:04:07,1.65,500,152150
20240116,13:04:09,1.6,50,152150
20240116,13:05:02,1.65,500,152150
20240116,13:06:22,1.65,800,152150
20240116,13:06:35,1.65,200,151550
20240116,13:06:41,1.65,100,151550
20240116,13:07:27,1.65,3050,151550
20240116,13:08:19,1.65,500,151550
20240116,13:08:42,1.65,200,151550
20240116,13:10:24,1.65,50,151550
20240116,13:10:50,1.65,100,153150
20240116,13:10:55,1.65,100,153150
20240116,13:11:00,1.65,200,153150
20240116,13:11:06,1.65,50,153150
20240116,13:12:36,1.65,100,153150
20240116,13:12:40,1.65,250,153200
20240116,13:12:41,1.65,150,153200
20240116,13:12:58,1.65,500,153200
20240116,13:13:06,1.65,300,153200
20240116,13:13:13,1.65,500,153200
20240116,13:13:14,1.6,200,153200
20240116,13:13:24,1.65,250,153200
20240116,13:13:35,1.65,100,153200
20240116,13:14:29,1.65,350,153200
20240116,13:16:44,1.65,250,153200
20240116,13:16:47,1.65,250,155450
20240116,13:16:49,1.65,100,155450
20240116,13:18:01,1.65,3950,155450
20240116,13:18:05,1.65,900,155450
20240116,13:18:26,1.65,400,155450
20240116,13:18:27,1.65,3600,155450
20240116,13:18:29,1.65,250,155450
20240116,13:18:49,1.65,250,155450
20240116,13:18:54,1.65,300,155450
20240116,13:18:55,1.65,250,155450
20240116,13:21:53,1.6,500,155450
20240116,13:22:09,1.65,300,155450
20240116,13:22:17,1.65,2000,155450
20240116,13:22:33,1.65,100,155450
20240116,13:22:53,1.65,100,155450
20240116,13:25:09,1.7,950,157000
20240116,13:25:12,1.75,50,157000
20240116,13:25:13,1.7,250,157000
20240116,13:26:22,1.75,350,157000
20240116,13:28:28,1.7,250,157000
20240116,13:28:43,1.7,250,157400
20240116,13:29:15,1.75,50,157400
20240116,13:30:51,1.75,500,157400
20240116,13:31:02,1.7,250,157400
20240116,13:31:33,1.75,500,157400
20240116,13:31:38,1.75,1400,157400
20240116,13:31:39,1.8,500,157400
20240116,13:31:55,1.75,1750,157400
20240116,13:31:59,1.75,50,157400
20240116,13:32:37,1.75,300,157400
20240116,13:32:39,1.75,250,157400
20240116,13:32:55,1.75,250,157400
20240116,13:33:00,1.75,350,157400
20240116,13:33:04,1.75,250,157400
20240116,13:33:21,1.8,5000,159500
20240116,13:33:44,1.75,5000,159500
20240116,13:34:05,1.8,500,159500
20240116,13:34:34,1.8,100,159500
20240116,13:34:35,1.75,500,159500
20240116,13:34:47,1.75,250,159500
20240116,13:34:48,1.75,800,159500
20240116,13:34:49,1.75,1000,159500
20240116,13:34:50,1.75,800,159500
20240116,13:35:00,1.75,1000,159500
20240116,13:35:04,1.8,500,159500
20240116,13:35:07,1.75,1000,159500
20240116,13:35:11,1.75,1000,159500
20240116,13:35:26,1.75,500,159500
20240116,13:35:49,1.75,1500,159500
20240116,13:35:56,1.75,200,159500
20240116,13:35:57,1.75,2150,159500
20240116,13:35:58,1.8,250,159500
20240116,13:35:59,1.8,250,159500
20240116,13:36:05,1.75,1000,159500
20240116,13:36:17,1.75,250,154250
20240116,13:36:21,1.75,2500,154250
20240116,13:36:22,1.8,13200,154250
20240116,13:36:25,1.8,1000,154250
20240116,13:36:27,1.8,1000,154250
20240116,13:36:30,1.8,1250,154250
20240116,13:36:32,1.8,250,154250
20240116,13:36:34,1.8,700,154250
20240116,13:36:40,1.8,200,154250
20240116,13:36:44,1.85,3050,154250
20240116,13:36:48,1.85,250,154250
20240116,13:36:56,1.85,500,154250
20240116,13:36:59,1.85,500,154250
20240116,13:37:03,1.85,500,154250
20240116,13:37:06,1.85,250,154250
20240116,13:37:11,1.8,1500,154250
20240116,13:37:29,1.8,250,154250
20240116,13:37:34,1.8,250,154250
20240116,13:37:36,1.8,250,154250
20240116,13:37:39,1.8,250,154250
20240116,13:38:10,1.8,1250,154250
20240116,13:38:16,1.8,1000,154250
20240116,13:38:43,1.8,250,154250
20240116,13:38:48,1.85,500,154250
20240116,13:38:55,1.8,2000,154250
20240116,13:38:56,1.8,1550,154250
20240116,13:38:59,1.8,250,154250
20240116,13:39:02,1.8,250,154250
20240116,13:39:08,1.8,2200,154250
20240116,13:39:08,1.8,250,148150
20240116,13:39:13,1.85,500,148150
20240116,13:39:17,1.8,250,148150
20240116,13:39:19,1.8,300,148150
20240116,13:39:41,1.85,500,148150
20240116,13:39:43,1.8,1250,148150
20240116,13:39:51,1.8,500,148150
20240116,13:39:53,1.8,500,148150
20240116,13:39:57,1.8,500,148150
20240116,13:40:01,1.75,100,148150
20240116,13:40:07,1.75,3600,148150
20240116,13:40:10,1.75,100,148150
20240116,13:40:11,1.75,2650,148150
20240116,13:40:32,1.7,1850,148150
20240116,13:40:38,1.75,500,148150
20240116,13:40:47,1.7,2000,148150
20240116,13:40:48,1.7,100,148150
20240116,13:41:05,1.65,550,148150
20240116,13:41:15,1.65,950,148150
20240116,13:41:31,1.6,1800,148150
20240116,13:41:33,1.6,1800,148150
20240116,13:41:35,1.6,1550,148150
20240116,13:42:05,1.6,800,148150
20240116,13:42:14,1.65,500,147500
20240116,13:42:55,1.6,3450,147500
20240116,13:42:58,1.6,250,147500
20240116,13:43:06,1.6,300,147500
20240116,13:43:07,1.55,500,147500
20240116,13:43:08,1.6,250,147500
20240116,13:43:33,1.6,100,147500
20240116,13:43:49,1.6,500,147500
20240116,13:43:50,1.55,1000,147500
20240116,13:43:51,1.6,500,147500
20240116,13:43:52,1.55,1800,147500
20240116,13:44:05,1.55,1500,147500
20240116,13:44:18,1.6,500,147500
20240116,13:44:19,1.55,2800,147500
20240116,13:45:28,1.6,1800,147850
20240116,13:45:50,1.55,500,147850
20240116,13:45:55,1.55,4600,147850
20240116,13:46:01,1.55,500,147850
20240116,13:46:03,1.55,500,147850
20240116,13:46:24,1.55,50,147850
20240116,13:47:30,1.55,50,147850
20240116,13:47:31,1.55,500,147850
20240116,13:47:32,1.55,450,147850
20240116,13:47:39,1.55,100,147850
20240116,13:47:50,1.55,550,147850
20240116,13:47:57,1.55,500,147850
20240116,13:48:19,1.5,50,149950
20240116,13:48:53,1.5,500,149950
20240116,13:49:09,1.5,50,149950
20240116,13:49:44,1.5,1000,149950
20240116,13:50:26,1.55,400,149950
20240116,13:50:27,1.55,400,149950
20240116,13:50:39,1.55,250,149950
20240116,13:50:43,1.55,900,149950
20240116,13:50:54,1.55,500,149950
20240116,13:51:23,1.55,250,149950
20240116,13:51:33,1.55,250,149250
20240116,13:51:48,1.55,500,149250
20240116,13:51:54,1.5,900,149250
20240116,13:52:01,1.55,500,149250
20240116,13:52:02,1.5,350,149250
20240116,13:52:12,1.55,150,149250
20240116,13:52:34,1.5,350,149250
20240116,13:52:37,1.55,300,149250
20240116,13:52:55,1.55,250,149250
20240116,13:53:42,1.5,50,149250
20240116,13:54:10,1.5,50,149250
20240116,13:54:12,1.5,50,150800
20240116,13:54:13,1.5,50,150800
20240116,13:54:14,1.5,50,150800
20240116,13:54:16,1.5,100,150800
20240116,13:54:18,1.5,100,150800
20240116,13:54:23,1.5,1800,150800
20240116,13:54:30,1.5,600,150800
20240116,13:55:09,1.5,300,150800
20240116,13:56:29,1.5,1000,150800
20240116,13:56:58,1.5,250,150800
20240116,13:57:30,1.5,250,150800
20240116,13:58:00,1.55,250,150850
20240116,13:58:03,1.5,250,150850
20240116,13:59:15,1.5,200,150850
20240116,14:01:43,1.5,1150,150850
20240116,14:04:01,1.5,4900,149850
20240116,14:04:02,1.5,1200,149850
20240116,14:04:02,1.5,550,149850
20240116,14:04:08,1.45,1800,149850
20240116,14:04:09,1.45,250,149850
20240116,14:04:32,1.45,1800,149850
20240116,14:04:43,1.45,1200,149850
20240116,14:04:46,1.5,500,149850
20240116,14:04:48,1.45,100,149850
20240116,14:04:50,1.45,1800,149850
20240116,14:04:51,1.45,300,149850
20240116,14:04:53,1.45,1200,149850
20240116,14:05:17,1.45,300,149850
20240116,14:05:18,1.4,1800,149850
20240116,14:05:50,1.4,2200,149850
20240116,14:05:51,1.35,3450,149850
20240116,14:05:54,1.35,250,149850
20240116,14:05:55,1.35,450,149850
20240116,14:06:11,1.4,250,145000
20240116,14:06:19,1.35,300,145000
20240116,14:06:21,1.35,450,145000
20240116,14:06:24,1.35,1850,145000
20240116,14:06:26,1.35,300,145000
20240116,14:06:28,1.35,50,145000
20240116,14:06:31,1.35,50,145000
20240116,14:06:36,1.35,250,145000
20240116,14:06:39,1.35,50,145000
20240116,14:06:43,1.35,250,145000
20240116,14:06:44,1.35,50,145000
20240116,14:06:49,1.35,50,145000
20240116,14:06:50,1.35,500,145000
20240116,14:06:53,1.35,250,145000
20240116,14:06:55,1.35,50,145000
20240116,14:06:56,1.35,250,145000
20240116,14:07:21,1.35,2500,145000
20240116,14:07:22,1.35,1200,145000
20240116,14:07:25,1.35,9150,145000
20240116,14:07:40,1.35,200,145000
20240116,14:07:48,1.35,500,145000
20240116,14:07:55,1.35,50,145000
20240116,14:08:01,1.3,50,145000
20240116,14:08:07,1.3,1000,145000
20240116,14:08:09,1.35,50,145000
20240116,14:08:10,1.35,50,145000
20240116,14:08:19,1.3,450,145000
20240116,14:09:47,1.3,400,147150
20240116,14:09:50,1.35,250,147150
