date,time,tick_price,volume,open_interest
20240123,12:17:29,487.5,100,150
20240123,12:19:57,464.5,100,150
20240123,12:20:42,469.5,300,150
20240123,12:23:20,475.25,50,300
20240123,12:31:43,477.95,50,350
20240123,12:32:57,476.5,100,350
20240123,12:41:48,472.1,50,400
20240123,12:50:07,478.0,50,400
20240123,12:53:08,470.1,50,450
20240123,13:01:23,459.3,150,500
20240123,13:05:27,459.3,50,650
20240123,13:10:31,437.65,100,700
20240123,13:10:40,436.4,200,700
20240123,13:11:04,433.0,1100,700
20240123,13:11:11,434.4,100,700
20240123,13:13:56,443.0,1000,2000
20240123,13:14:59,443.5,1000,2000
20240123,13:16:01,444.8,100,3300
20240123,13:24:53,442.0,300,3300
20240123,13:25:16,440.45,500,3300
20240123,13:25:37,440.45,50,3300
20240123,13:28:38,443.45,500,3750
20240123,13:28:58,444.55,50,3750
20240123,13:29:36,447.25,250,3750
20240123,13:33:57,441.5,600,3450
20240123,13:35:42,445.3,250,3450
20240123,13:37:26,440.95,250,4200
20240123,13:40:14,443.95,50,4200
20240123,13:40:37,440.0,100,4200
20240123,13:44:10,438.15,50,4300
20240123,13:44:35,438.4,50,4300
20240123,13:51:10,427.75,550,4400
20240123,13:55:05,425.0,100,4950
20240123,13:55:36,423.25,50,4950
20240123,13:56:46,416.55,50,4950
20240123,13:57:37,420.65,50,5050
20240123,13:57:47,421.2,50,5050
20240123,14:00:03,417.1,500,5050
20240123,14:00:28,417.1,50,5100
20240123,14:05:51,430.35,1000,5100
20240123,14:06:58,425.35,100,5100
20240123,14:07:38,414.7,600,5100
20240123,14:07:56,415.45,150,5100
20240123,14:08:13,415.45,50,5100
20240123,14:09:48,416.25,200,5650
20240123,14:10:16,415.0,50,5650
20240123,14:11:46,419.85,400,5650
20240123,14:11:56,419.85,100,5650
20240123,14:13:34,418.0,50,6400
20240123,14:16:03,410.95,200,6450
20240123,14:16:39,411.6,500,6450
20240123,14:17:20,411.6,50,6450
20240123,14:20:40,401.4,50,6900
20240123,14:21:05,401.0,100,6900
20240123,14:21:25,400.15,50,6950
20240123,14:21:54,400.0,550,6950
20240123,14:22:20,398.0,400,6950
20240123,14:23:10,392.5,400,6950
20240123,14:23:26,394.0,150,6950
20240123,14:23:43,396.1,200,6950
20240123,14:25:09,385.3,250,7500
20240123,14:25:25,384.35,50,7500
20240123,14:26:27,380.05,100,7500
20240123,14:26:29,380.0,200,7500
20240123,14:27:17,368.55,50,7500
20240123,14:27:30,368.9,50,7950
20240123,14:27:43,370.0,50,7950
20240123,14:27:53,370.0,200,7950
20240123,14:28:04,365.95,200,7950
20240123,14:28:52,369.0,250,7950
20240123,14:29:03,363.0,400,7950
20240123,14:29:10,369.0,100,7950
20240123,14:29:12,370.1,100,7950
20240123,14:29:26,365.0,50,7950
20240123,14:30:10,367.55,50,7950
20240123,14:30:15,368.1,100,7950
20240123,14:30:44,375.0,50,8650
20240123,14:30:51,365.35,200,8650
20240123,14:31:35,381.0,100,8650
20240123,14:31:38,381.45,50,8650
20240123,14:31:45,383.05,50,8650
20240123,14:31:47,383.1,150,8650
20240123,14:31:50,381.8,300,8650
20240123,14:32:06,381.8,50,8650
20240123,14:33:30,381.95,50,9250
20240123,14:34:46,378.45,50,9250
20240123,14:34:56,375.1,50,9250
20240123,14:34:56,375.0,100,9250
20240123,14:36:42,373.9,50,9400
20240123,14:38:39,366.45,600,9400
20240123,14:38:46,368.15,50,9400
20240123,14:39:03,364.6,100,9400
20240123,14:39:12,363.0,50,9400
20240123,14:39:18,360.75,50,9400
20240123,14:39:22,358.15,50,9400
20240123,14:39:32,365.55,50,9750
20240123,14:40:25,367.4,50,9750
20240123,14:40:31,370.3,50,9750
20240123,14:40:40,365.6,100,9750
20240123,14:41:52,373.25,500,9750
20240123,14:42:08,371.1,50,9750
20240123,14:42:11,370.0,50,9750
20240123,14:44:30,360.0,350,9900
20240123,14:45:31,363.0,50,10250
20240123,14:46:10,361.65,100,10250
20240123,14:46:11,361.75,100,10250
20240123,14:46:38,362.1,250,10250
20240123,14:46:48,365.0,100,10250
20240123,14:46:58,364.15,50,10250
20240123,14:47:01,362.9,50,10250
20240123,14:48:22,365.95,450,10250
20240123,14:48:36,364.5,50,11200
20240123,14:48:48,370.1,50,11200
20240123,14:49:00,372.65,50,11200
20240123,14:49:10,369.7,600,11200
20240123,14:49:41,369.7,50,11200
20240123,14:49:47,372.4,50,11200
20240123,14:49:57,372.1,50,11200
20240123,14:50:00,372.0,100,11200
20240123,14:50:02,371.8,50,11200
20240123,14:50:05,373.2,800,11200
20240123,14:50:06,374.1,100,11200
20240123,14:50:07,375.0,400,11200
20240123,14:50:29,376.05,50,11200
20240123,14:50:36,375.5,50,11200
20240123,14:50:41,375.4,100,11200
20240123,14:50:42,377.5,150,11200
20240123,14:50:44,378.0,550,11200
20240123,14:50:45,378.75,50,11200
20240123,14:50:54,380.0,50,11200
20240123,14:50:55,381.0,150,11200
20240123,14:51:08,382.0,100,11200
20240123,14:51:12,382.05,50,11200
20240123,14:51:51,378.35,50,11200
20240123,14:52:22,378.65,50,12750
20240123,14:52:36,378.7,50,12750
20240123,14:52:45,375.1,50,12750
20240123,14:52:49,373.4,50,12750
20240123,14:52:52,372.3,50,12750
20240123,14:53:13,369.75,250,12750
20240123,14:53:22,365.9,150,12750
20240123,14:53:36,369.1,100,12750
20240123,14:53:47,371.9,150,12750
20240123,14:53:53,370.25,150,12750
20240123,14:53:59,369.0,1100,12750
20240123,14:54:12,368.2,400,12750
20240123,14:54:26,364.0,50,12750
20240123,14:54:27,364.45,600,12750
20240123,14:54:29,366.3,100,13650
20240123,14:54:46,368.95,50,13650
20240123,14:54:47,368.0,50,13650
20240123,14:55:03,368.4,50,13650
20240123,14:55:38,364.6,100,13650
20240123,14:55:41,366.9,50,13650
20240123,14:56:01,364.35,50,13650
20240123,14:56:16,363.3,50,13650
20240123,14:56:22,362.8,100,13650
20240123,14:56:35,365.0,50,13650
20240123,14:56:39,365.25,50,13650
20240123,14:56:41,361.55,50,13650
20240123,14:56:46,363.05,50,13650
20240123,14:57:01,362.3,50,13650
20240123,14:57:05,360.0,500,13650
20240123,14:57:06,358.85,50,13650
20240123,14:57:12,358.05,100,13650
20240123,14:57:14,358.05,200,13650
20240123,14:57:21,359.15,50,13650
20240123,14:57:34,356.45,400,14050
20240123,14:57:45,356.45,100,14050
20240123,14:58:06,354.65,50,14050
20240123,14:58:10,357.05,50,14050
20240123,14:58:17,353.7,100,14050
20240123,14:58:28,352.55,50,14050
20240123,14:58:38,352.8,50,14050
20240123,14:58:42,351.8,50,14050
20240123,14:58:44,350.0,350,14050
20240123,14:58:47,350.0,250,14050
20240123,14:58:51,348.85,50,14050
20240123,14:58:55,347.0,50,14050
20240123,14:59:06,352.1,200,14050
20240123,14:59:08,352.9,50,14050
20240123,14:59:10,349.75,50,14050
20240123,14:59:10,349.4,150,14050
20240123,14:59:14,349.95,100,14050
20240123,14:59:26,348.9,50,14050
20240123,14:59:34,347.75,50,14050
20240123,14:59:41,351.4,50,14050
20240123,14:59:45,352.55,400,14050
20240123,14:59:57,352.55,50,14050
20240123,15:00:02,354.6,50,14050
20240123,15:00:07,353.35,50,14050
20240123,15:00:08,355.85,50,14050
20240123,15:00:12,352.6,50,14050
20240123,15:00:13,352.0,50,14050
20240123,15:00:15,351.8,200,14050
20240123,15:00:18,349.1,50,14050
20240123,15:00:26,352.1,50,14050
20240123,15:00:45,352.8,850,14850
20240123,15:00:46,351.55,550,14850
20240123,15:00:55,350.5,200,14850
20240123,15:00:56,350.0,250,14850
20240123,15:01:16,355.55,500,14850
20240123,15:01:21,352.95,150,14850
20240123,15:01:32,353.95,50,14850
20240123,15:01:47,348.75,50,14850
20240123,15:01:56,348.0,300,14850
20240123,15:01:58,345.0,150,14850
20240123,15:02:04,342.45,50,14850
20240123,15:02:05,341.0,50,14850
20240123,15:02:10,340.0,100,14850
20240123,15:02:13,338.75,200,14850
20240123,15:02:16,335.0,200,14850
20240123,15:02:27,335.0,50,14850
20240123,15:02:33,335.0,50,14850
20240123,15:02:34,338.6,50,14850
20240123,15:02:37,339.05,50,14850
20240123,15:02:43,338.75,50,14850
20240123,15:02:54,336.55,100,14850
20240123,15:03:02,333.0,100,14850
20240123,15:03:03,334.3,50,14850
20240123,15:03:13,334.3,50,14850
20240123,15:03:25,334.8,250,14850
20240123,15:03:31,335.35,300,16450
20240123,15:03:40,333.8,50,16450
20240123,15:03:53,331.0,150,16450
20240123,15:03:57,327.05,50,16450
20240123,15:04:00,328.3,100,16450
20240123,15:04:07,328.25,50,16450
20240123,15:04:57,330.6,100,16450
20240123,15:05:08,326.5,100,16450
20240123,15:05:14,328.75,100,16450
20240123,15:05:23,331.4,50,16450
20240123,15:05:44,332.8,50,16450
20240123,15:06:02,335.8,50,16450
20240123,15:06:09,333.9,100,16450
20240123,15:06:14,334.9,50,16450
20240123,15:06:18,333.25,100,16450
20240123,15:06:22,334.55,50,16450
20240123,15:06:26,335.7,50,16450
20240123,15:06:29,333.95,50,16450
20240123,15:06:40,336.05,100,16900
20240123,15:06:43,333.95,100,16900
20240123,15:06:47,332.25,50,16900
20240123,15:06:54,334.05,50,16900
20240123,15:07:03,336.0,100,16900
20240123,15:07:12,339.95,50,16900
20240123,15:07:13,338.0,200,16900
20240123,15:07:22,339.3,50,16900
20240123,15:07:23,339.2,50,16900
20240123,15:07:30,342.9,50,16900
20240123,15:07:43,341.5,50,16900
20240123,15:07:44,345.05,50,16900
20240123,15:07:50,349.9,100,16900
20240123,15:08:07,348.6,50,16900
20240123,15:08:08,346.05,50,16900
20240123,15:08:15,347.8,50,16900
20240123,15:08:17,346.0,50,16900
20240123,15:08:26,345.1,150,16900
20240123,15:08:27,346.15,100,16900
20240123,15:08:28,348.1,100,16900
20240123,15:08:33,350.0,50,16900
20240123,15:08:39,350.3,200,16900
20240123,15:08:47,351.45,50,16900
20240123,15:08:50,351.8,100,16900
20240123,15:08:50,353.2,50,16900
20240123,15:08:55,354.75,50,16900
20240123,15:08:55,355.0,100,16900
20240123,15:09:11,350.0,50,16900
20240123,15:09:27,350.45,50,16900
20240123,15:09:32,352.1,100,17550
20240123,15:09:40,350.85,50,17550
20240123,15:09:51,352.45,50,17550
20240123,15:10:06,355.0,50,17550
20240123,15:10:11,355.0,150,17550
20240123,15:10:25,355.5,100,17550
20240123,15:10:31,355.0,50,17550
20240123,15:10:36,351.75,100,17550
20240123,15:10:42,350.0,50,17550
20240123,15:10:48,350.6,200,17550
20240123,15:11:02,353.15,50,17550
20240123,15:11:28,354.1,150,17550
20240123,15:11:32,351.15,50,17550
20240123,15:11:39,350.45,50,17550
20240123,15:11:42,353.0,50,17550
20240123,15:11:55,349.0,50,17550
20240123,15:12:08,350.0,100,17550
20240123,15:12:09,352.5,50,17550
20240123,15:12:11,353.0,100,17550
20240123,15:12:18,353.3,50,17550
20240123,15:12:36,349.25,200,17000
20240123,15:12:53,351.1,150,17000
20240123,15:13:00,352.9,100,17000
20240123,15:13:16,349.85,50,17000
20240123,15:14:35,352.0,350,17000
20240123,15:14:42,350.3,50,17000
20240123,15:14:49,351.35,50,17000
20240123,15:14:55,350.8,150,17000
20240123,15:14:59,349.7,250,17000
20240123,15:15:17,350.3,50,17000
20240123,15:15:23,351.3,50,17000
20240123,15:15:32,352.55,100,17000
20240123,15:15:54,354.65,50,17000
20240123,15:15:56,355.0,100,17000
20240123,15:15:59,355.5,50,17000
20240123,15:16:02,356.0,200,17000
20240123,15:16:12,355.25,50,17000
20240123,15:16:19,356.0,300,17000
20240123,15:16:30,359.5,50,17000
20240123,15:16:36,360.0,100,17000
20240123,15:16:48,360.85,250,17000
20240123,15:17:03,356.35,50,17000
20240123,15:17:25,357.05,50,17000
20240123,15:17:41,360.0,150,17000
20240123,15:17:44,359.05,50,17000
20240123,15:18:26,355.0,250,17000
20240123,15:19:47,352.45,50,17000
20240123,15:19:50,352.4,200,17200
20240123,15:19:52,351.1,50,17200
20240123,15:20:22,363.0,50,17200
20240123,15:20:37,363.4,50,17200
20240123,15:21:08,357.65,50,17200
20240123,15:21:10,361.45,50,17200
20240123,15:21:46,363.0,50,16950
20240123,15:22:09,362.05,50,16950
20240123,15:22:24,361.8,50,16950
20240123,15:22:36,361.0,50,16950
20240123,15:22:50,362.6,50,16950
20240123,15:23:24,363.45,100,16950
20240123,15:23:34,359.3,100,16950
20240123,15:23:36,357.8,50,16950
20240123,15:23:46,358.55,150,16950
20240123,15:23:50,357.55,50,16950
20240123,15:23:54,357.75,50,16950
20240123,15:23:59,357.7,100,16950
20240123,15:24:17,357.7,100,16950
20240123,15:24:31,357.75,50,16950
20240123,15:24:33,357.65,50,16950
20240123,15:24:34,357.15,100,17200
20240123,15:24:36,357.65,50,17200
20240123,15:25:32,357.0,50,17200
20240123,15:25:34,358.55,50,17200
20240123,15:25:36,355.8,200,17200
20240123,15:25:47,356.9,250,17200
20240123,15:26:02,357.0,50,17200
20240123,15:26:24,358.75,50,17200
20240123,15:26:56,356.05,50,17200
20240123,15:27:35,356.65,250,17550
20240123,15:27:41,357.2,100,17550
20240123,15:27:46,358.45,200,17550
20240123,15:28:08,360.0,50,17550
20240123,15:28:23,359.0,500,17550
20240123,15:28:30,361.45,50,17550
20240123,15:28:53,355.3,150,17550
20240123,15:29:16,345.05,200,17550
20240123,15:29:25,352.25,50,17550
20240123,15:29:38,350.0,50,17550
20240123,15:29:46,353.95,50,17550
20240123,15:29:50,354.6,50,17550
20240123,15:29:59,349.7,1,18550
20240124,09:15:13,355.0,1,18550
20240124,09:15:13,361.4,800,18550
20240124,09:15:20,362.0,250,18550
20240124,09:15:37,347.45,200,18550
20240124,09:15:45,347.45,250,18550
20240124,09:15:54,362.35,250,18550
20240124,09:16:11,356.45,900,18550
20240124,09:16:19,354.0,300,18550
20240124,09:16:27,353.85,300,18550
20240124,09:16:34,353.1,150,18550
20240124,09:16:42,352.25,100,18550
20240124,09:16:51,350.0,150,18550
20240124,09:17:00,351.5,600,18550
20240124,09:17:08,352.45,450,18550
20240124,09:17:16,351.85,150,18550
20240124,09:17:33,347.2,50,18550
20240124,09:17:40,347.2,50,18550
20240124,09:17:55,347.35,100,19200
20240124,09:18:00,347.65,2100,19200
20240124,09:18:01,347.0,200,19200
20240124,09:18:02,346.85,50,19200
20240124,09:18:04,345.1,50,19200
20240124,09:18:07,343.15,400,19200
20240124,09:18:10,341.3,1400,19200
20240124,09:18:13,344.0,50,19200
20240124,09:18:17,340.5,400,19200
20240124,09:18:19,338.25,150,19200
20240124,09:18:25,338.25,50,19200
20240124,09:18:30,334.0,300,19200
20240124,09:18:31,335.0,50,19200
20240124,09:18:32,332.95,100,19200
20240124,09:18:35,332.45,100,19200
20240124,09:18:37,333.05,150,19200
20240124,09:18:48,334.5,50,19200
20240124,09:18:56,331.95,50,19200
20240124,09:18:58,331.95,100,19200
20240124,09:18:59,332.9,50,19200
20240124,09:19:01,332.1,50,19200
20240124,09:19:02,335.05,650,19200
20240124,09:19:03,333.35,100,19200
20240124,09:19:06,333.75,50,19200
20240124,09:19:23,331.0,200,19200
20240124,09:19:26,330.0,50,19200
20240124,09:19:27,328.75,100,19200
20240124,09:19:29,328.75,100,19200
20240124,09:19:32,326.7,50,19200
20240124,09:19:39,326.7,400,19200
20240124,09:19:40,329.95,50,19200
20240124,09:19:41,330.3,50,19200
20240124,09:19:44,331.5,600,19200
20240124,09:19:45,330.45,50,19200
20240124,09:19:47,330.25,50,19200
20240124,09:19:48,329.0,50,19200
20240124,09:19:49,329.05,150,19200
20240124,09:19:57,329.75,50,19200
20240124,09:20:04,331.45,50,19200
20240124,09:20:15,330.25,100,19200
20240124,09:20:20,333.7,50,19200
20240124,09:20:29,335.5,150,19200
20240124,09:20:30,338.05,50,19200
20240124,09:20:43,343.2,100,19200
20240124,09:20:49,349.15,100,24000
20240124,09:20:51,352.5,50,24000
20240124,09:20:52,356.1,100,24000
20240124,09:20:56,349.8,150,24000
20240124,09:20:58,348.85,50,24000
20240124,09:21:02,347.35,50,24000
20240124,09:21:03,347.2,50,24000
20240124,09:21:04,347.6,50,24000
20240124,09:21:06,348.7,100,24000
20240124,09:21:08,353.75,150,24000
20240124,09:21:11,356.2,200,24000
20240124,09:21:14,358.7,100,24000
20240124,09:21:17,363.35,150,24000
20240124,09:21:18,363.35,100,24000
20240124,09:21:25,359.8,250,24000
20240124,09:21:28,360.0,50,24000
20240124,09:21:30,359.0,50,24000
20240124,09:21:34,361.25,150,24000
20240124,09:21:36,360.0,50,24000
20240124,09:21:39,363.05,50,24000
20240124,09:21:40,363.3,50,24000
20240124,09:21:48,365.0,50,24000
20240124,09:21:50,367.0,150,24000
20240124,09:21:51,367.0,50,24000
20240124,09:21:52,372.45,150,24000
20240124,09:21:54,375.45,300,24000
20240124,09:21:55,373.1,50,24000
20240124,09:21:56,374.45,50,24000
20240124,09:21:57,375.4,50,24000
20240124,09:22:00,380.0,100,24000
20240124,09:22:01,380.75,100,24000
20240124,09:22:04,380.75,200,24000
20240124,09:22:05,380.4,250,24000
20240124,09:22:07,381.2,50,24000
20240124,09:22:08,381.2,50,24000
20240124,09:22:10,377.2,50,24000
20240124,09:22:11,375.4,50,24000
20240124,09:22:15,375.0,200,24000
20240124,09:22:16,376.15,700,24000
20240124,09:22:20,376.0,250,24000
20240124,09:22:22,375.25,500,24000
20240124,09:22:30,380.0,50,24000
20240124,09:22:32,385.55,150,24000
20240124,09:22:33,385.0,300,24000
20240124,09:22:34,382.4,550,24000
20240124,09:22:35,382.35,50,24000
20240124,09:22:37,378.5,100,24000
20240124,09:22:38,380.7,50,24000
20240124,09:22:45,382.4,50,24000
20240124,09:22:47,386.35,50,24000
20240124,09:22:49,386.35,300,24000
20240124,09:23:00,387.0,200,24000
20240124,09:23:04,387.0,100,24000
20240124,09:23:05,377.0,50,24000
20240124,09:23:07,377.95,50,24000
20240124,09:23:13,385.7,50,24000
20240124,09:23:14,385.05,50,24000
20240124,09:23:15,387.45,50,24000
20240124,09:23:20,387.45,50,24000
20240124,09:23:24,380.2,200,24000
20240124,09:23:34,383.5,100,24000
20240124,09:23:52,383.7,50,24150
20240124,09:23:53,387.0,50,24150
20240124,09:24:02,390.0,600,24150
20240124,09:24:03,390.0,50,24150
20240124,09:24:05,385.95,200,24150
20240124,09:24:07,385.0,100,24150
20240124,09:24:08,385.15,100,24150
20240124,09:24:15,385.15,300,24150
20240124,09:24:17,382.15,150,24150
20240124,09:24:18,382.95,150,24150
20240124,09:24:19,385.0,150,24150
20240124,09:24:20,385.9,50,24150
20240124,09:24:22,380.85,250,24150
20240124,09:24:23,381.0,50,24150
20240124,09:24:24,380.05,50,24150
20240124,09:24:25,382.8,50,24150
20240124,09:24:34,383.0,50,24150
20240124,09:24:47,385.15,100,24150
20240124,09:24:50,384.5,50,24150
20240124,09:24:54,386.9,200,24150
20240124,09:24:56,384.5,50,24150
20240124,09:24:57,385.75,50,24150
20240124,09:25:03,384.7,400,24150
20240124,09:25:04,382.15,100,24150
20240124,09:25:05,380.0,50,24150
20240124,09:25:06,379.0,50,24150
20240124,09:25:11,380.0,50,24150
20240124,09:25:13,381.4,200,24150
20240124,09:25:14,384.0,50,24150
20240124,09:25:18,384.05,50,24150
20240124,09:25:21,380.0,50,24150
20240124,09:25:24,376.3,50,24150
20240124,09:25:27,375.0,600,24150
20240124,09:25:37,370.25,50,24150
20240124,09:25:40,369.75,200,24150
20240124,09:25:49,368.8,100,24150
20240124,09:25:57,373.25,50,24150
20240124,09:25:59,374.45,750,24150
20240124,09:26:06,366.85,100,24150
20240124,09:26:08,366.0,200,24150
20240124,09:26:12,368.55,50,24150
20240124,09:26:19,363.2,550,24150
20240124,09:26:21,366.45,500,24150
20240124,09:26:22,361.85,450,24150
20240124,09:26:24,362.0,50,24150
20240124,09:26:25,361.8,50,24150
20240124,09:26:26,363.0,500,24150
20240124,09:26:32,361.55,50,24150
20240124,09:26:41,370.05,50,24150
20240124,09:26:42,369.85,100,24150
20240124,09:26:44,369.55,600,24150
20240124,09:26:45,366.95,50,24150
20240124,09:26:50,364.9,50,26400
20240124,09:26:53,367.8,100,26400
20240124,09:26:58,370.25,200,26400
20240124,09:27:02,371.5,50,26400
20240124,09:27:03,372.0,900,26400
20240124,09:27:08,368.85,100,26400
20240124,09:27:13,371.8,50,26400
20240124,09:27:14,371.95,50,26400
20240124,09:27:18,369.9,50,26400
20240124,09:27:21,372.55,650,26400
20240124,09:27:25,373.2,500,26400
20240124,09:27:26,373.95,100,26400
20240124,09:27:27,369.55,350,26400
20240124,09:27:30,367.6,100,26400
20240124,09:27:31,366.15,100,26400
20240124,09:27:32,368.35,50,26400
20240124,09:27:37,370.3,50,26400
20240124,09:27:38,367.3,200,26400
20240124,09:27:39,367.0,50,26400
20240124,09:27:41,367.35,50,26400
20240124,09:27:43,372.55,100,26400
20240124,09:27:46,370.3,50,26400
20240124,09:27:53,368.3,200,26400
20240124,09:27:59,373.5,650,26400
20240124,09:28:01,370.3,50,26400
20240124,09:28:04,371.45,50,26400
20240124,09:28:11,371.4,50,26400
20240124,09:28:15,371.65,100,26400
20240124,09:28:16,370.0,400,26400
20240124,09:28:18,371.0,50,26400
20240124,09:28:21,370.25,100,26400
20240124,09:28:32,370.3,1200,26400
20240124,09:28:34,369.65,850,26400
20240124,09:28:37,371.35,200,26400
20240124,09:28:39,371.65,800,26400
20240124,09:28:49,375.0,150,26400
20240124,09:28:50,376.0,500,26400
20240124,09:29:07,377.65,50,26400
20240124,09:29:14,377.95,500,26400
20240124,09:29:23,380.0,50,26400
20240124,09:29:32,380.0,50,26400
20240124,09:29:37,383.5,50,26400
20240124,09:29:41,385.0,50,26400
20240124,09:29:42,386.0,150,26400
20240124,09:29:43,386.0,50,26400
20240124,09:29:44,387.6,50,26400
20240124,09:29:45,383.6,100,26400
20240124,09:29:50,383.7,50,27850
20240124,09:29:52,386.35,50,27850
20240124,09:29:53,386.0,550,27850
20240124,09:30:02,388.85,50,27850
20240124,09:30:09,383.05,150,27850
20240124,09:30:12,382.2,250,27850
20240124,09:30:14,386.0,100,27850
20240124,09:30:20,387.95,50,27850
20240124,09:30:21,386.2,100,27850
20240124,09:30:29,388.5,50,27850
20240124,09:30:30,388.2,200,27850
20240124,09:30:36,385.6,150,27850
20240124,09:30:48,385.6,50,27850
20240124,09:30:52,386.0,100,27850
20240124,09:31:14,388.7,100,27850
20240124,09:31:18,386.0,200,27850
20240124,09:31:23,388.25,50,27850
20240124,09:31:25,389.95,50,27850
20240124,09:31:29,390.0,550,27850
20240124,09:31:31,391.25,50,27850
20240124,09:31:44,394.25,50,27850
20240124,09:31:47,399.0,50,27850
20240124,09:31:48,401.3,200,27850
20240124,09:31:50,401.3,50,27850
20240124,09:31:51,400.0,600,27850
20240124,09:31:53,399.55,50,27850
20240124,09:31:59,400.7,250,27850
20240124,09:32:00,398.7,150,27850
20240124,09:32:01,398.05,50,27850
20240124,09:32:02,397.85,400,27850
20240124,09:32:06,394.1,50,27850
20240124,09:32:07,395.6,50,27850
20240124,09:32:14,400.0,100,27850
20240124,09:32:16,402.0,350,27850
20240124,09:32:18,402.0,50,27850
20240124,09:32:19,400.35,100,27850
20240124,09:32:32,401.6,50,27850
20240124,09:32:40,402.15,200,27850
20240124,09:32:43,402.15,450,27850
20240124,09:32:52,400.5,50,29100
20240124,09:32:53,402.15,50,29100
20240124,09:32:58,401.5,250,29100
20240124,09:33:02,403.1,100,29100
20240124,09:33:03,403.55,1850,29100
20240124,09:33:06,403.65,100,29100
20240124,09:33:08,403.05,100,29100
20240124,09:33:15,405.4,50,29100
20240124,09:33:17,405.4,50,29100
20240124,09:33:18,402.65,50,29100
20240124,09:33:19,403.75,900,29100
20240124,09:33:20,405.0,50,29100
20240124,09:33:36,401.95,50,29100
20240124,09:33:38,402.45,100,29100
20240124,09:33:40,399.0,250,29100
20240124,09:33:45,398.1,50,29100
20240124,09:33:47,397.25,50,29100
20240124,09:34:00,393.65,100,29100
20240124,09:34:01,395.45,50,29100
20240124,09:34:02,396.0,150,29100
20240124,09:34:04,395.0,50,29100
20240124,09:34:07,391.2,650,29100
20240124,09:34:10,393.45,50,29100
20240124,09:34:13,391.15,100,29100
20240124,09:34:27,386.45,50,29100
20240124,09:34:28,390.0,300,29100
20240124,09:34:34,392.05,100,29100
20240124,09:34:36,390.95,150,29100
20240124,09:34:42,393.55,50,29100
20240124,09:34:47,396.0,300,29100
20240124,09:34:49,394.5,50,29100
20240124,09:34:54,397.9,400,29100
20240124,09:35:22,402.0,200,29100
20240124,09:35:26,397.9,50,29100
20240124,09:35:37,397.1,50,29100
20240124,09:35:47,393.3,400,29100
20240124,09:35:52,393.6,600,29100
20240124,09:36:14,398.1,200,28550
20240124,09:36:30,396.05,50,28550
20240124,09:36:39,396.05,50,28550
20240124,09:36:49,398.4,200,28550
20240124,09:36:51,397.8,100,28550
20240124,09:37:00,396.55,100,28550
20240124,09:37:28,398.0,50,28550
20240124,09:37:42,400.15,50,28550
20240124,09:37:49,405.0,200,28550
20240124,09:37:50,402.95,50,28550
20240124,09:37:59,401.85,50,28550
20240124,09:38:01,403.15,100,28550
20240124,09:38:02,403.75,150,28550
20240124,09:38:10,402.75,250,28550
20240124,09:38:14,402.75,50,28550
20240124,09:38:19,403.75,50,28550
20240124,09:38:22,405.6,300,28550
20240124,09:38:23,407.35,50,28550
20240124,09:38:24,409.15,100,28550
20240124,09:38:25,409.15,150,28550
20240124,09:38:38,405.65,200,28550
20240124,09:38:41,406.2,250,28550
20240124,09:38:42,406.0,200,28550
20240124,09:38:43,406.65,50,28550
20240124,09:38:45,405.05,50,28550
20240124,09:38:55,404.2,250,26950
20240124,09:39:00,405.05,100,26950
20240124,09:39:08,406.0,50,26950
20240124,09:39:09,406.0,1050,26950
20240124,09:39:10,406.0,700,26950
20240124,09:39:13,406.85,200,26950
20240124,09:39:16,406.3,150,26950
20240124,09:39:22,407.35,100,26950
20240124,09:39:25,406.4,50,26950
20240124,09:39:38,411.55,50,26950
20240124,09:39:39,411.55,100,26950
20240124,09:39:40,410.25,50,26950
20240124,09:39:42,410.25,100,26950
20240124,09:39:43,410.5,200,26950
20240124,09:39:50,410.65,50,26950
20240124,09:39:55,409.9,600,26950
20240124,09:39:57,409.25,450,26950
20240124,09:40:04,412.2,100,26950
20240124,09:40:07,413.95,50,26950
20240124,09:40:08,413.95,600,26950
20240124,09:40:12,413.4,50,26950
20240124,09:40:30,414.0,300,26950
20240124,09:40:36,414.0,250,26950
20240124,09:40:37,411.55,50,26950
20240124,09:40:48,411.0,400,26950
20240124,09:40:52,412.65,300,26950
20240124,09:41:01,412.5,100,26950
20240124,09:41:02,408.9,100,26950
20240124,09:41:05,408.45,300,26950
20240124,09:41:06,405.75,50,26950
20240124,09:41:10,402.85,300,26950
20240124,09:41:11,404.35,450,26950
20240124,09:41:12,404.3,50,26950
20240124,09:41:15,406.0,50,26950
20240124,09:41:22,408.45,50,26950
20240124,09:41:30,407.35,50,26950
20240124,09:41:36,407.0,200,26950
20240124,09:41:57,402.05,150,25800
20240124,09:42:05,403.15,50,25800
20240124,09:42:11,403.15,50,25800
20240124,09:42:13,404.25,250,25800
20240124,09:42:17,405.25,50,25800
20240124,09:42:36,406.85,150,25800
20240124,09:42:42,408.3,200,25800
20240124,09:43:02,406.25,150,25800
20240124,09:43:12,406.35,450,25800
20240124,09:43:27,407.2,100,25800
20240124,09:43:37,404.95,50,25800
20240124,09:43:41,405.0,100,25800
20240124,09:44:11,404.6,50,25800
20240124,09:44:19,406.65,100,25800
20240124,09:44:31,403.2,200,25800
20240124,09:44:32,403.2,100,25800
20240124,09:45:08,411.5,200,25750
20240124,09:45:36,417.0,50,25750
20240124,09:45:37,418.5,200,25750
20240124,09:45:38,418.5,100,25750
20240124,09:45:39,417.3,150,25750
20240124,09:45:46,416.0,100,25750
20240124,09:45:48,420.0,100,25750
20240124,09:45:54,420.0,150,25750
20240124,09:45:58,420.2,50,25750
20240124,09:45:59,420.95,450,25750
20240124,09:46:00,420.95,50,25750
20240124,09:46:03,418.9,50,25750
20240124,09:46:19,420.3,400,25750
20240124,09:46:48,424.25,100,25750
20240124,09:47:01,425.1,350,25750
20240124,09:47:04,425.1,50,25750
20240124,09:47:09,421.65,50,25750
20240124,09:47:11,423.5,100,25750
20240124,09:47:17,423.45,50,25750
20240124,09:47:20,423.15,200,25750
20240124,09:47:21,427.05,50,25750
20240124,09:47:29,427.05,50,25750
20240124,09:47:32,428.95,50,25750
20240124,09:47:35,429.0,50,25750
20240124,09:47:40,429.65,50,25750
20240124,09:47:49,429.65,50,25750
20240124,09:47:52,427.9,100,25750
20240124,09:47:55,430.0,50,25350
20240124,09:48:01,430.0,50,25350
20240124,09:48:11,424.55,50,25350
20240124,09:48:12,424.5,50,25350
20240124,09:48:18,424.6,400,25350
20240124,09:48:29,426.9,100,25350
20240124,09:48:38,425.1,300,25350
20240124,09:48:39,425.0,50,25350
20240124,09:48:44,421.85,50,25350
20240124,09:48:46,424.25,50,25350
20240124,09:48:52,422.7,50,25350
20240124,09:48:55,422.5,100,25350
20240124,09:49:00,421.3,150,25350
20240124,09:49:01,419.9,200,25350
20240124,09:49:09,416.95,500,25350
20240124,09:49:19,418.25,200,25350
20240124,09:49:26,416.95,50,25350
20240124,09:49:38,420.0,300,25350
20240124,09:49:40,418.8,100,25350
20240124,09:49:57,425.1,500,25350
20240124,09:49:58,424.9,50,25350
20240124,09:50:11,425.7,50,25350
20240124,09:50:14,425.6,150,25350
20240124,09:50:18,423.85,150,25350
20240124,09:50:41,428.35,50,25350
20240124,09:50:41,426.3,150,25350
20240124,09:50:44,424.6,150,25350
20240124,09:51:00,424.6,100,25350
20240124,09:51:01,423.2,50,24200
20240124,09:51:02,424.0,350,24200
20240124,09:51:04,422.5,200,24200
20240124,09:51:14,420.15,50,24200
20240124,09:51:17,421.15,100,24200
20240124,09:51:28,422.55,50,24200
20240124,09:51:34,425.1,50,24200
20240124,09:51:36,427.0,50,24200
20240124,09:51:41,426.2,50,24200
20240124,09:51:47,426.45,100,24200
20240124,09:51:52,425.9,50,24200
20240124,09:51:57,425.05,50,24200
20240124,09:51:58,425.05,50,24200
20240124,09:52:00,425.05,50,24200
20240124,09:52:10,422.4,50,24200
20240124,09:52:17,421.05,100,24200
20240124,09:52:20,422.45,200,24200
20240124,09:52:21,422.35,300,24200
20240124,09:52:25,421.6,50,24200
20240124,09:52:28,420.0,50,24200
20240124,09:52:32,419.65,50,24200
20240124,09:52:34,420.0,300,24200
20240124,09:52:39,420.3,250,24200
20240124,09:52:44,423.6,50,24200
20240124,09:52:48,426.45,200,24200
20240124,09:52:50,424.35,50,24200
20240124,09:53:12,424.6,50,24200
20240124,09:53:18,425.55,50,24200
20240124,09:53:22,423.5,200,24200
20240124,09:53:31,423.4,50,24200
20240124,09:53:40,424.65,50,24200
20240124,09:53:46,424.1,50,24200
20240124,09:54:16,427.5,50,22750
20240124,09:54:41,429.1,100,22750
20240124,09:54:42,430.0,50,22750
20240124,09:54:46,430.1,50,22750
20240124,09:54:49,433.0,250,22750
20240124,09:54:51,432.3,50,22750
20240124,09:55:27,442.3,100,22750
20240124,09:55:28,444.2,50,22750
20240124,09:55:31,444.9,50,22750
20240124,09:55:33,444.9,100,22750
20240124,09:55:34,443.95,100,22750
20240124,09:55:50,444.15,50,22750
20240124,09:56:01,442.15,50,22750
20240124,09:56:06,446.2,100,22750
20240124,09:56:07,446.2,50,22750
20240124,09:56:11,445.1,100,22750
20240124,09:56:21,450.0,50,22750
20240124,09:56:23,450.35,50,22750
20240124,09:56:41,454.6,300,22750
20240124,09:56:42,452.4,450,22750
20240124,09:56:46,455.4,200,22750
20240124,09:56:47,456.8,50,22750
20240124,09:56:50,456.8,50,22750
20240124,09:56:54,458.25,300,22750
20240124,09:56:55,456.3,100,22750
20240124,09:57:16,466.45,100,21250
20240124,09:57:19,463.5,50,21250
20240124,09:57:21,466.65,50,21250
20240124,09:57:31,467.75,50,21250
20240124,09:57:38,467.75,50,21250
20240124,09:57:39,463.35,50,21250
20240124,09:57:41,463.6,300,21250
20240124,09:58:01,465.0,50,21250
20240124,09:58:13,464.35,200,21250
20240124,09:58:18,463.75,50,21250
20240124,09:58:23,467.0,250,21250
20240124,09:58:24,468.0,50,21250
20240124,09:58:27,468.0,100,21250
20240124,09:58:34,468.8,100,21250
20240124,09:58:37,469.95,250,21250
20240124,09:58:46,477.0,50,21250
20240124,09:58:51,477.15,50,21250
20240124,09:58:51,479.6,100,21250
20240124,09:58:52,479.6,100,21250
20240124,09:58:54,477.15,50,21250
20240124,09:58:58,477.5,50,21250
20240124,09:59:12,474.85,50,21250
20240124,09:59:13,475.0,50,21250
20240124,09:59:24,475.2,300,21250
20240124,09:59:26,474.0,50,21250
20240124,09:59:29,475.15,100,21250
20240124,09:59:34,474.45,150,21250
20240124,09:59:36,475.0,100,21250
20240124,09:59:47,476.1,200,21250
20240124,10:00:03,480.8,100,20200
20240124,10:00:06,480.8,50,20200
20240124,10:00:10,485.0,300,20200
20240124,10:00:16,490.0,50,20200
20240124,10:00:17,490.75,50,20200
20240124,10:00:25,494.55,50,20200
20240124,10:00:48,494.55,50,20200
20240124,10:01:00,491.75,100,20200
20240124,10:01:01,492.05,50,20200
20240124,10:01:10,492.55,50,20200
20240124,10:01:18,483.65,50,20200
20240124,10:01:23,475.85,400,20200
20240124,10:01:25,478.4,250,20200
20240124,10:01:26,479.95,50,20200
20240124,10:01:29,480.0,400,20200
20240124,10:01:33,484.3,1150,20200
20240124,10:01:34,480.25,150,20200
20240124,10:01:35,482.55,100,20200
20240124,10:01:36,481.8,150,20200
20240124,10:01:37,480.95,50,20200
20240124,10:01:38,481.4,150,20200
20240124,10:01:39,481.1,50,20200
20240124,10:01:40,481.6,50,20200
20240124,10:01:41,481.4,50,20200
20240124,10:01:42,481.9,50,20200
20240124,10:01:48,482.45,50,20200
20240124,10:01:53,484.8,50,20200
20240124,10:01:57,489.95,150,20200
20240124,10:01:59,488.05,50,20200
20240124,10:02:26,483.95,300,20200
20240124,10:02:36,475.25,50,20200
20240124,10:02:41,476.45,50,20200
20240124,10:02:46,465.05,200,20200
20240124,10:02:47,465.1,50,20200
20240124,10:02:48,464.8,100,20200
20240124,10:02:50,468.05,50,20200
20240124,10:02:54,470.15,50,20200
20240124,10:02:55,470.25,200,18950
20240124,10:02:56,469.25,100,18950
20240124,10:03:00,471.25,250,18950
20240124,10:03:15,465.45,100,18950
20240124,10:03:17,463.45,350,18950
20240124,10:03:25,464.4,200,18950
20240124,10:03:34,464.4,350,18950
20240124,10:03:36,460.0,250,18950
20240124,10:03:45,449.1,50,18950
20240124,10:03:46,450.85,50,18950
20240124,10:03:47,451.75,200,18950
20240124,10:03:51,448.7,50,18950
20240124,10:03:54,451.55,50,18950
20240124,10:04:05,447.0,50,18950
20240124,10:04:07,451.0,200,18950
20240124,10:04:08,452.65,50,18950
20240124,10:04:09,455.0,250,18950
20240124,10:04:21,459.15,100,18950
20240124,10:04:43,444.6,50,18950
20240124,10:04:44,445.9,150,18950
20240124,10:04:53,441.9,50,18950
20240124,10:05:28,460.4,50,18950
20240124,10:05:29,459.4,100,18950
20240124,10:05:53,465.4,100,18950
20240124,10:06:00,465.2,100,18800
20240124,10:06:02,466.6,150,18800
20240124,10:06:03,466.05,500,18800
20240124,10:06:09,466.25,50,18800
20240124,10:06:10,466.4,50,18800
20240124,10:06:13,466.85,50,18800
20240124,10:06:20,470.2,500,18800
20240124,10:06:23,473.05,50,18800
20240124,10:06:44,473.9,50,18800
20240124,10:06:48,476.45,200,18800
20240124,10:07:11,471.0,600,18800
20240124,10:07:12,465.75,50,18800
20240124,10:07:22,468.65,150,18800
20240124,10:07:25,469.75,50,18800
20240124,10:07:54,468.05,50,18800
20240124,10:08:00,464.7,50,18800
20240124,10:08:12,464.7,50,18800
20240124,10:08:52,457.55,50,18800
20240124,10:09:34,457.45,200,19100
20240124,10:09:44,456.45,100,19100
20240124,10:10:23,440.05,100,19100
20240124,10:10:38,440.0,50,19100
20240124,10:11:20,439.9,150,19100
20240124,10:11:43,437.45,50,19100
20240124,10:11:51,432.85,100,19100
20240124,10:12:02,436.65,50,19200
20240124,10:12:03,437.4,650,19200
20240124,10:12:25,441.3,50,19200
20240124,10:12:28,434.25,50,19200
20240124,10:12:34,436.65,50,19200
20240124,10:13:08,436.6,100,19200
20240124,10:13:11,435.95,50,19200
20240124,10:13:17,436.0,150,19200
20240124,10:13:18,436.65,600,19200
20240124,10:13:40,431.0,900,19200
20240124,10:13:44,431.75,150,19200
20240124,10:14:07,437.8,200,19200
20240124,10:14:16,440.0,100,19200
20240124,10:14:25,446.85,100,19200
20240124,10:14:46,438.35,50,19200
20240124,10:15:09,446.65,150,19200
20240124,10:15:10,445.95,50,18500
20240124,10:15:43,459.2,300,18500
20240124,10:15:45,460.85,200,18500
20240124,10:16:00,465.0,200,18500
20240124,10:16:17,460.85,450,18500
20240124,10:16:18,460.85,150,18500
20240124,10:17:21,466.0,50,18500
20240124,10:17:43,467.35,250,18500
20240124,10:17:53,467.35,50,18500
20240124,10:18:05,470.0,50,18550
20240124,10:18:14,466.0,150,18550
20240124,10:18:59,465.85,200,18550
20240124,10:20:01,469.2,50,18550
20240124,10:20:39,468.0,550,18550
20240124,10:20:51,472.55,150,18550
20240124,10:20:53,475.0,100,18550
20240124,10:22:15,475.0,50,18400
20240124,10:22:18,475.0,50,18400
20240124,10:22:46,468.15,50,18400
20240124,10:22:49,469.9,50,18400
20240124,10:22:58,469.15,50,18400
20240124,10:23:46,475.25,50,18400
20240124,10:24:35,474.95,50,18400
20240124,10:25:18,477.55,50,18400
20240124,10:25:21,479.65,50,18400
20240124,10:25:22,479.95,50,18400
20240124,10:25:29,480.0,50,18400
20240124,10:25:52,476.45,300,18400
20240124,10:26:01,475.05,600,18400
20240124,10:27:32,479.7,50,18300
20240124,10:27:46,485.0,100,18300
20240124,10:27:48,487.5,200,18300
20240124,10:27:55,486.15,150,18300
20240124,10:28:06,480.45,50,18300
20240124,10:28:08,480.2,100,18300
20240124,10:28:32,476.8,50,18300
20240124,10:29:48,472.8,150,18300
20240124,10:29:54,476.8,50,18300
20240124,10:30:31,470.45,100,17800
20240124,10:30:40,470.4,50,17800
20240124,10:30:43,470.85,50,17800
20240124,10:31:32,485.5,50,17800
20240124,10:31:41,489.45,150,17800
20240124,10:31:44,489.5,50,17800
20240124,10:31:45,490.0,50,17800
20240124,10:31:51,490.0,100,17800
20240124,10:31:53,491.25,50,17800
20240124,10:31:56,488.55,500,17800
20240124,10:31:58,489.8,50,17800
20240124,10:33:00,485.0,50,17650
20240124,10:33:01,487.5,50,17650
20240124,10:33:18,487.0,50,17650
20240124,10:33:46,492.5,200,17650
20240124,10:36:10,490.0,50,17850
20240124,10:36:16,490.0,50,17850
20240124,10:38:28,475.0,50,17850
20240124,10:38:29,475.0,100,17850
20240124,10:38:31,476.0,50,17850
20240124,10:38:51,476.0,50,17850
20240124,10:40:44,467.35,100,17600
20240124,10:41:20,477.4,50,17600
20240124,10:41:46,470.0,50,17600
20240124,10:42:00,472.8,250,17600
20240124,10:42:10,477.6,50,17450
20240124,10:43:01,470.4,200,17450
20240124,10:43:47,468.7,50,17450
20240124,10:45:15,451.1,200,17550
20240124,10:45:19,445.3,50,17550
20240124,10:45:25,440.75,50,17550
20240124,10:45:56,447.8,50,17550
20240124,10:46:00,448.7,150,17550
20240124,10:46:29,448.7,50,17550
20240124,10:48:20,453.05,50,17550
20240124,10:48:21,449.4,50,17700
20240124,10:49:35,441.6,250,17700
20240124,10:49:49,443.65,50,17700
20240124,10:49:50,446.2,300,17700
20240124,10:50:13,450.8,100,17700
20240124,10:50:19,453.75,150,17700
20240124,10:50:51,453.75,50,17700
20240124,10:52:51,453.05,50,17850
20240124,10:53:44,451.8,50,17850
20240124,10:55:58,470.4,50,17850
20240124,10:56:07,466.9,50,17900
20240124,10:58:59,455.45,400,17850
20240124,10:59:14,460.0,150,17850
20240124,11:00:02,455.0,100,17850
20240124,11:01:48,462.15,500,18250
20240124,11:02:21,459.25,50,18250
20240124,11:09:54,450.8,250,18550
20240124,11:11:20,460.0,50,18550
20240124,11:11:38,457.7,200,18550
20240124,11:11:59,453.1,250,18550
20240124,11:21:06,466.85,100,19050
20240124,11:23:38,452.55,50,19150
20240124,11:24:06,454.25,150,19150
20240124,11:24:44,451.95,100,19000
20240124,11:25:39,445.05,250,19000
20240124,11:25:49,438.15,400,19000
20240124,11:25:59,430.0,50,19000
20240124,11:26:01,431.3,50,19000
20240124,11:26:04,433.7,50,19000
20240124,11:26:43,414.55,450,19000
20240124,11:26:44,415.05,100,19000
20240124,11:26:51,421.75,500,19000
20240124,11:26:56,418.25,100,19000
20240124,11:27:15,421.3,50,19050
20240124,11:27:19,418.7,100,19050
20240124,11:27:23,418.8,50,19050
20240124,11:27:25,417.35,200,19050
20240124,11:27:28,414.75,100,19050
20240124,11:27:36,415.65,50,19050
20240124,11:27:57,410.2,50,19050
20240124,11:28:03,410.35,50,19050
20240124,11:28:05,412.55,50,19050
20240124,11:28:06,411.65,50,19050
20240124,11:28:25,412.55,50,19050
20240124,11:28:55,411.05,100,19050
20240124,11:29:02,400.05,100,19050
20240124,11:29:25,398.4,500,19050
20240124,11:29:32,396.95,50,19050
20240124,11:29:38,399.55,50,19050
20240124,11:29:39,400.0,1400,19050
20240124,11:29:40,400.05,500,19050
20240124,11:29:42,400.3,100,19050
20240124,11:29:43,399.3,50,19050
20240124,11:29:48,398.2,50,19050
20240124,11:29:53,397.3,50,19050
20240124,11:30:01,396.7,50,19050
20240124,11:30:08,397.2,200,19050
20240124,11:30:12,396.0,200,21400
20240124,11:30:14,395.55,50,21400
20240124,11:30:17,395.0,250,21400
20240124,11:30:20,392.95,50,21400
20240124,11:30:26,388.8,50,21400
20240124,11:30:33,391.5,350,21400
20240124,11:30:53,385.95,50,21400
20240124,11:31:04,383.35,450,21400
20240124,11:31:07,382.85,50,21400
20240124,11:31:08,380.0,200,21400
20240124,11:31:09,379.6,100,21400
20240124,11:31:10,379.55,250,21400
20240124,11:31:13,377.25,150,21400
20240124,11:31:14,372.5,700,21400
20240124,11:31:21,375.15,500,21400
20240124,11:31:22,374.4,100,21400
20240124,11:31:23,377.2,750,21400
20240124,11:31:24,377.95,600,21400
20240124,11:31:25,377.8,450,21400
20240124,11:31:26,378.05,800,21400
20240124,11:31:34,375.45,150,21400
20240124,11:31:38,378.1,550,21400
20240124,11:31:41,378.3,200,21400
20240124,11:31:43,376.85,50,21400
20240124,11:31:48,374.35,150,21400
20240124,11:31:56,374.85,50,21400
20240124,11:31:57,374.2,450,21400
20240124,11:32:01,369.55,300,21400
20240124,11:32:05,371.05,50,21400
20240124,11:32:06,369.55,400,21400
20240124,11:32:11,371.85,400,21400
20240124,11:32:19,367.55,50,21400
20240124,11:32:21,366.55,50,21400
20240124,11:32:22,364.8,150,21400
20240124,11:32:28,360.65,50,21400
20240124,11:32:31,360.65,50,21400
20240124,11:32:32,361.45,400,21400
20240124,11:32:34,363.8,150,21400
20240124,11:32:36,363.1,100,21400
20240124,11:32:43,364.7,50,21400
20240124,11:32:45,366.25,50,21400
20240124,11:32:47,363.1,50,21400
20240124,11:32:50,361.25,100,21400
20240124,11:32:56,359.6,50,21400
20240124,11:33:00,359.65,100,21400
20240124,11:33:03,358.85,50,21400
20240124,11:33:04,358.65,50,21400
20240124,11:33:13,367.0,50,25700
20240124,11:33:16,373.35,300,25700
20240124,11:33:18,375.2,100,25700
20240124,11:33:19,372.6,200,25700
20240124,11:33:24,368.6,250,25700
20240124,11:33:27,372.6,100,25700
20240124,11:33:34,372.6,50,25700
20240124,11:33:40,372.6,100,25700
20240124,11:33:41,372.5,500,25700
20240124,11:33:42,372.1,50,25700
20240124,11:33:45,371.65,50,25700
20240124,11:33:47,372.35,50,25700
20240124,11:34:12,384.0,700,25700
20240124,11:34:34,381.9,100,25700
20240124,11:34:44,378.3,400,25700
20240124,11:34:53,384.1,2350,25700
20240124,11:35:00,384.75,300,25700
20240124,11:35:01,385.55,50,25700
20240124,11:35:05,387.0,300,25700
20240124,11:35:17,390.1,50,25700
20240124,11:35:18,389.05,50,25700
20240124,11:35:31,394.75,50,25700
20240124,11:35:45,392.05,50,25700
20240124,11:35:48,390.25,50,25700
20240124,11:36:06,404.2,400,25700
20240124,11:36:18,408.2,700,28700
20240124,11:36:31,410.5,1350,28700
20240124,11:36:42,410.0,250,28700
20240124,11:36:54,424.5,3200,28700
20240124,11:37:00,421.65,50,28700
20240124,11:37:01,421.7,350,28700
20240124,11:37:06,414.05,50,28700
20240124,11:37:08,413.3,150,28700
20240124,11:37:09,411.35,300,28700
20240124,11:37:10,414.95,100,28700
20240124,11:37:18,414.8,500,28700
20240124,11:37:25,419.15,500,28700
20240124,11:37:27,419.1,350,28700
20240124,11:37:30,419.7,500,28700
20240124,11:37:46,416.55,100,28700
20240124,11:37:47,416.25,50,28700
20240124,11:37:49,415.8,350,28700
20240124,11:38:02,419.0,100,28700
20240124,11:38:03,418.2,50,28700
20240124,11:38:13,417.45,50,28700
20240124,11:38:17,415.85,50,28700
20240124,11:38:24,407.2,50,28700
20240124,11:38:27,409.75,250,28700
20240124,11:38:39,408.7,50,28700
20240124,11:38:44,406.75,50,28700
20240124,11:38:45,403.3,50,28700
20240124,11:38:51,402.0,50,28700
20240124,11:38:52,402.45,50,28700
20240124,11:39:01,409.0,1800,28700
20240124,11:39:22,402.25,50,30600
20240124,11:39:26,404.55,50,30600
20240124,11:39:36,403.85,100,30600
20240124,11:39:39,406.8,50,30600
20240124,11:39:42,404.35,50,30600
20240124,11:39:50,403.2,250,30600
20240124,11:40:03,404.6,50,30600
20240124,11:40:08,407.1,50,30600
20240124,11:40:09,408.8,50,30600
20240124,11:40:10,405.6,50,30600
20240124,11:40:15,408.05,100,30600
20240124,11:40:41,400.0,150,30600
20240124,11:40:50,395.95,50,30600
20240124,11:41:00,395.0,1800,30600
20240124,11:41:06,399.8,100,30600
20240124,11:41:07,398.75,50,30600
20240124,11:41:16,400.15,50,30600
20240124,11:41:23,399.2,50,30600
20240124,11:41:42,404.7,100,30600
20240124,11:42:19,409.15,50,31650
20240124,11:42:23,409.3,100,31650
20240124,11:42:35,408.25,200,31650
20240124,11:42:45,412.25,150,31650
20240124,11:43:13,410.5,50,31650
20240124,11:43:17,410.5,150,31650
20240124,11:44:10,410.05,50,31650
20240124,11:44:39,414.75,300,31650
20240124,11:44:46,415.65,200,31650
20240124,11:45:03,412.85,50,31650
20240124,11:45:53,406.35,150,31000
20240124,11:45:57,405.35,100,31000
20240124,11:46:21,406.4,100,31000
20240124,11:47:17,403.35,50,31000
20240124,11:47:25,403.85,50,31000
20240124,11:47:28,405.0,100,31000
20240124,11:48:00,404.7,150,31000
20240124,11:48:07,404.95,400,31000
20240124,11:48:15,403.8,50,31600
20240124,11:48:37,404.25,100,31600
20240124,11:48:43,400.5,150,31600
20240124,11:48:55,400.75,100,31600
20240124,11:48:56,402.0,50,31600
20240124,11:49:02,402.15,50,31600
20240124,11:49:04,402.0,50,31600
20240124,11:49:17,401.35,100,31600
20240124,11:49:31,398.95,50,31600
20240124,11:49:36,397.3,50,31600
20240124,11:51:53,400.0,50,31700
20240124,11:52:02,399.3,100,31700
20240124,11:54:05,399.3,50,31700
20240124,11:54:33,408.1,50,31800
20240124,11:54:52,410.6,50,31800
20240124,11:55:13,407.4,150,31800
20240124,11:55:32,409.5,250,31800
20240124,11:56:00,410.5,300,31800
20240124,11:56:09,406.65,50,31800
20240124,11:56:38,403.8,50,31800
20240124,11:57:53,399.3,200,31600
20240124,11:58:15,396.0,100,31600
20240124,11:58:27,395.45,400,31600
20240124,11:59:04,400.0,50,31600
20240124,11:59:50,400.75,50,31600
20240124,12:00:45,396.85,50,31350
20240124,12:00:58,397.0,350,31350
20240124,12:01:43,398.0,50,31350
20240124,12:02:17,395.45,50,31350
20240124,12:02:48,391.95,50,31350
20240124,12:03:01,394.0,300,31350
20240124,12:03:36,386.55,200,31200
20240124,12:03:58,386.2,150,31200
20240124,12:04:00,386.0,50,31200
20240124,12:04:04,384.1,50,31200
20240124,12:04:28,381.4,100,31200
20240124,12:04:29,380.1,100,31200
20240124,12:04:36,380.1,250,31200
20240124,12:04:55,380.05,300,31200
20240124,12:04:57,380.0,900,31200
20240124,12:05:00,377.0,250,31200
20240124,12:05:08,378.05,500,31200
20240124,12:05:14,375.95,100,31200
20240124,12:05:16,377.6,200,31200
20240124,12:05:29,374.4,50,31200
20240124,12:05:32,372.75,50,31200
20240124,12:05:34,374.2,50,31200
20240124,12:05:46,374.2,50,31200
20240124,12:05:55,375.25,300,31200
20240124,12:06:00,372.2,200,31200
20240124,12:06:11,373.25,300,31200
20240124,12:06:27,384.0,50,32200
20240124,12:06:31,386.0,750,32200
20240124,12:06:33,381.75,50,32200
20240124,12:06:34,381.8,50,32200
20240124,12:06:49,380.0,50,32200
20240124,12:06:52,380.9,650,32200
20240124,12:06:53,380.15,200,32200
20240124,12:06:54,379.45,200,32200
20240124,12:06:55,379.35,50,32200
20240124,12:06:58,381.1,50,32200
20240124,12:06:59,380.25,100,32200
20240124,12:07:00,379.35,50,32200
20240124,12:07:02,378.65,50,32200
20240124,12:07:03,378.15,350,32200
20240124,12:07:04,377.05,50,32200
20240124,12:07:05,375.7,100,32200
20240124,12:07:06,375.95,400,32200
20240124,12:07:07,375.35,100,32200
20240124,12:07:09,376.35,300,32200
20240124,12:07:10,376.8,150,32200
20240124,12:07:11,375.75,850,32200
20240124,12:07:12,376.0,100,32200
20240124,12:07:13,374.35,550,32200
20240124,12:07:21,373.3,50,32200
20240124,12:07:22,375.4,250,32200
20240124,12:07:23,374.0,300,32200
20240124,12:07:24,373.95,50,32200
20240124,12:07:26,375.4,200,32200
20240124,12:07:28,377.1,50,32200
20240124,12:07:30,377.35,50,32200
20240124,12:07:32,375.35,50,32200
20240124,12:07:34,375.2,50,32200
20240124,12:07:35,376.25,100,32200
20240124,12:07:37,375.4,150,32200
20240124,12:07:47,375.0,1800,32200
20240124,12:07:54,377.6,100,32200
20240124,12:07:55,378.25,150,32200
20240124,12:07:56,380.0,50,32200
20240124,12:07:57,380.8,50,32200
20240124,12:08:02,379.05,50,32200
20240124,12:08:22,378.3,50,32200
20240124,12:08:26,377.15,50,32200
20240124,12:08:28,376.75,50,32200
20240124,12:08:36,376.75,50,32200
20240124,12:08:41,377.6,50,32200
20240124,12:08:53,376.45,300,32200
20240124,12:09:37,382.8,100,38900
20240124,12:09:40,379.2,50,38900
20240124,12:09:44,381.85,50,38900
20240124,12:10:09,385.0,100,38900
20240124,12:10:19,387.35,50,38900
20240124,12:10:23,383.05,500,38900
20240124,12:10:44,383.0,950,38900
20240124,12:10:45,383.05,350,38900
20240124,12:10:46,383.05,600,38900
20240124,12:11:01,385.1,450,38900
20240124,12:11:04,385.25,50,38900
20240124,12:11:25,388.0,100,38900
20240124,12:11:46,387.65,50,38900
20240124,12:11:59,386.35,400,38900
20240124,12:12:16,383.05,100,38900
20240124,12:12:18,383.0,400,39400
20240124,12:12:20,383.0,150,39400
20240124,12:12:21,383.0,450,39400
20240124,12:12:44,378.1,50,39400
20240124,12:12:45,377.25,50,39400
20240124,12:12:53,376.25,50,39400
20240124,12:12:58,377.1,50,39400
20240124,12:13:05,377.15,350,39400
20240124,12:13:28,374.6,300,39400
20240124,12:13:35,374.85,50,39400
20240124,12:13:55,375.95,50,39400
20240124,12:14:02,375.35,300,39400
20240124,12:14:03,376.15,300,39400
20240124,12:14:04,377.15,100,39400
20240124,12:14:05,377.15,1700,39400
20240124,12:14:13,377.3,150,39400
20240124,12:14:20,378.45,50,39400
20240124,12:14:25,377.65,100,39400
20240124,12:14:30,379.8,50,39400
20240124,12:14:32,382.2,100,39400
20240124,12:14:38,381.0,200,39400
20240124,12:16:37,386.0,300,39800
20240124,12:16:45,386.8,100,39800
20240124,12:16:52,385.15,100,39800
20240124,12:17:45,390.0,50,39800
20240124,12:17:49,391.15,50,39800
20240124,12:18:03,390.35,50,39800
20240124,12:18:27,388.0,300,39400
20240124,12:18:46,384.0,300,39400
20240124,12:19:51,399.1,200,39400
20240124,12:19:54,400.0,50,39400
20240124,12:20:01,405.3,100,39400
20240124,12:20:12,402.95,50,39400
20240124,12:20:22,396.35,100,39400
20240124,12:20:42,393.0,500,39400
20240124,12:20:52,394.15,100,39400
20240124,12:21:02,397.3,50,39400
20240124,12:21:12,396.0,350,39400
20240124,12:21:31,391.1,350,40000
20240124,12:21:41,390.35,50,40000
20240124,12:22:00,388.75,50,40000
20240124,12:22:01,389.55,50,40000
20240124,12:22:02,389.4,50,40000
20240124,12:22:03,388.1,350,40000
20240124,12:22:07,385.95,50,40000
20240124,12:22:09,386.95,50,40000
20240124,12:22:20,383.35,50,40000
20240124,12:23:00,382.45,50,40000
20240124,12:23:18,386.0,300,40000
20240124,12:24:02,382.0,50,40000
20240124,12:24:10,380.95,50,40000
20240124,12:24:16,379.0,50,40000
20240124,12:24:37,377.3,50,40250
20240124,12:24:46,378.55,100,40250
20240124,12:24:51,375.3,100,40250
20240124,12:24:59,376.25,50,40250
20240124,12:25:01,376.2,50,40250
20240124,12:25:11,377.95,50,40250
20240124,12:25:29,374.95,100,40250
20240124,12:25:48,375.25,300,40250
20240124,12:25:57,376.4,550,40250
20240124,12:26:00,374.0,100,40250
20240124,12:26:01,372.15,250,40250
20240124,12:26:06,373.55,50,40250
20240124,12:26:53,372.0,100,40250
20240124,12:27:05,375.15,100,40250
20240124,12:27:09,377.45,50,40250
20240124,12:27:13,377.45,50,40250
20240124,12:27:37,375.35,50,40350
20240124,12:27:43,370.5,200,40350
20240124,12:27:50,370.0,600,40350
20240124,12:27:53,366.0,50,40350
20240124,12:27:58,366.5,450,40350
20240124,12:28:00,367.3,400,40350
20240124,12:28:10,365.8,350,40350
20240124,12:28:29,361.5,100,40350
20240124,12:28:33,362.8,650,40350
20240124,12:28:35,360.0,100,40350
20240124,12:28:48,363.8,500,40350
20240124,12:29:11,373.7,200,40350
20240124,12:29:22,371.8,650,40350
20240124,12:29:32,375.15,50,40350
20240124,12:29:42,381.65,150,40350
20240124,12:29:52,377.15,450,40350
20240124,12:30:02,378.4,50,40350
20240124,12:30:13,381.0,50,40350
20240124,12:30:23,376.05,450,42650
20240124,12:30:43,375.3,50,42650
20240124,12:31:02,378.95,200,42650
20240124,12:31:12,378.75,300,42650
20240124,12:32:56,371.5,200,42650
20240124,12:33:54,362.45,100,43600
20240124,12:34:00,361.95,200,43600
20240124,12:34:01,362.35,50,43600
20240124,12:34:10,365.4,200,43600
20240124,12:34:13,364.2,50,43600
20240124,12:34:48,362.95,150,43600
20240124,12:35:04,368.6,250,43600
20240124,12:35:17,365.4,150,43600
20240124,12:35:22,366.9,100,43600
20240124,12:35:33,366.7,50,43600
20240124,12:35:36,369.0,150,43600
20240124,12:35:37,367.55,100,43600
20240124,12:35:38,366.7,200,43600
20240124,12:35:42,368.3,200,43600
20240124,12:36:18,369.55,250,43700
20240124,12:36:23,369.75,50,43700
20240124,12:36:24,366.15,100,43700
20240124,12:36:30,363.1,50,43700
20240124,12:36:35,361.15,50,43700
20240124,12:36:36,360.0,500,43700
20240124,12:36:39,359.85,50,43700
20240124,12:36:40,360.7,50,43700
20240124,12:36:46,362.0,350,43700
20240124,12:36:56,363.55,600,43700
20240124,12:37:19,367.5,400,43700
20240124,12:37:45,362.3,50,43700
20240124,12:38:00,364.8,50,43700
20240124,12:38:03,365.75,150,43700
20240124,12:38:14,367.45,50,43700
20240124,12:38:23,365.7,50,43700
20240124,12:38:24,366.95,300,43700
20240124,12:38:29,368.8,50,43700
20240124,12:38:31,365.1,50,43700
20240124,12:38:36,365.35,50,43700
20240124,12:38:37,362.35,50,43700
20240124,12:38:46,362.25,50,43700
20240124,12:38:52,364.55,250,43700
20240124,12:38:58,363.35,50,43700
20240124,12:39:18,362.15,50,43700
20240124,12:39:43,362.0,150,44150
20240124,12:39:49,360.0,100,44150
20240124,12:39:50,361.65,50,44150
20240124,12:39:54,358.5,100,44150
20240124,12:39:57,357.45,50,44150
20240124,12:40:02,360.9,200,44150
20240124,12:40:16,366.7,50,44150
20240124,12:40:25,368.6,200,44150
20240124,12:40:30,370.55,100,44150
20240124,12:40:34,365.0,150,44150
20240124,12:40:35,367.4,100,44150
20240124,12:40:51,365.65,50,44150
20240124,12:41:33,364.9,50,44150
20240124,12:43:16,374.95,100,44400
20240124,12:43:43,372.5,50,44400
20240124,12:44:14,368.5,50,44400
20240124,12:44:19,367.55,50,44400
20240124,12:44:22,372.35,100,44400
20240124,12:44:50,367.55,50,44400
20240124,12:46:28,383.25,50,44550
20240124,12:46:31,381.1,50,44550
20240124,12:46:52,377.4,50,44550
20240124,12:47:19,379.75,100,44550
20240124,12:47:28,383.25,50,44550
20240124,12:47:49,381.65,100,44550
20240124,12:48:17,384.0,50,44550
20240124,12:48:19,382.45,100,44550
20240124,12:49:37,385.55,50,44400
20240124,12:49:38,386.95,600,44400
20240124,12:49:39,388.6,50,44400
20240124,12:49:43,389.95,50,44400
20240124,12:49:44,390.0,50,44400
20240124,12:49:55,388.0,50,44400
20240124,12:50:21,388.0,150,44400
20240124,12:50:27,389.4,50,44400
20240124,12:50:31,393.0,50,44400
20240124,12:50:35,396.0,250,44400
20240124,12:50:49,393.0,50,44400
20240124,12:51:05,394.4,100,44400
20240124,12:51:41,395.7,100,43650
20240124,12:52:05,396.55,500,43650
20240124,12:52:14,394.9,50,43650
20240124,12:52:19,391.2,50,43650
20240124,12:52:39,397.0,50,43650
20240124,12:53:07,398.8,100,43650
20240124,12:53:09,397.0,200,43650
20240124,12:53:36,394.15,150,43650
20240124,12:53:39,393.75,50,43650
20240124,12:53:44,393.95,250,43650
20240124,12:54:15,391.1,200,43650
20240124,12:54:20,391.1,150,43650
20240124,12:54:21,391.1,450,43150
20240124,12:54:34,388.45,50,43150
20240124,12:54:36,384.15,450,43150
20240124,12:54:40,387.0,100,43150
20240124,12:55:16,391.2,50,43150
20240124,12:55:28,397.0,250,43150
20240124,12:56:09,397.75,50,43150
20240124,12:56:11,396.1,100,43150
20240124,12:56:12,397.0,50,43150
20240124,12:56:13,398.0,200,43150
20240124,12:56:15,399.0,500,43150
20240124,12:56:27,400.0,150,43150
20240124,12:56:33,401.55,50,43150
20240124,12:56:35,400.05,50,43150
20240124,12:56:39,399.6,50,43150
20240124,12:56:47,397.2,100,43150
20240124,12:57:29,398.3,50,42850
20240124,12:58:09,398.05,50,42850
20240124,12:58:10,400.0,100,42850
20240124,12:58:18,405.0,200,42850
20240124,12:58:25,407.0,500,42850
20240124,12:58:29,408.35,50,42850
20240124,12:58:34,405.3,100,42850
20240124,12:58:48,402.35,50,42850
20240124,12:59:20,400.6,50,42850
20240124,12:59:27,403.7,100,42850
20240124,12:59:50,405.0,50,42850
20240124,12:59:57,410.0,200,42850
20240124,12:59:59,410.0,200,42850
20240124,13:00:02,410.0,600,42850
20240124,13:00:04,410.6,50,42850
20240124,13:00:06,412.65,200,42850
20240124,13:00:07,409.3,150,42850
20240124,13:00:11,408.45,50,42850
20240124,13:00:22,406.85,50,42350
20240124,13:00:44,415.6,100,42350
20240124,13:00:46,415.95,50,42350
20240124,13:00:46,416.0,500,42350
20240124,13:00:47,418.45,200,42350
20240124,13:00:48,415.25,100,42350
20240124,13:00:52,416.5,100,42350
20240124,13:00:55,420.0,50,42350
20240124,13:01:07,419.6,50,42350
20240124,13:01:18,430.0,500,42350
20240124,13:01:30,425.75,300,42350
20240124,13:01:41,428.4,50,42350
20240124,13:02:13,427.4,50,42350
20240124,13:02:42,426.0,100,42350
20240124,13:02:43,425.75,1000,42350
20240124,13:02:53,427.7,200,42350
20240124,13:02:55,431.95,200,42350
20240124,13:02:56,429.95,50,42350
20240124,13:03:00,429.85,100,42350
20240124,13:03:00,429.85,50,42350
20240124,13:03:01,429.7,50,42350
20240124,13:03:03,430.45,250,42350
20240124,13:03:08,429.0,300,42350
20240124,13:03:15,430.55,50,42350
20240124,13:03:17,432.95,500,42350
20240124,13:03:27,434.65,400,41750
20240124,13:04:06,428.55,100,41750
20240124,13:04:09,428.85,100,41750
20240124,13:04:10,430.15,100,41750
20240124,13:04:15,429.3,100,41750
20240124,13:04:35,430.1,150,41750
20240124,13:04:40,427.8,50,41750
20240124,13:04:41,427.55,150,41750
20240124,13:05:43,424.2,100,41750
20240124,13:06:05,418.2,1100,41750
20240124,13:06:13,415.8,100,41750
20240124,13:06:24,416.05,100,42800
20240124,13:06:26,416.05,50,42800
20240124,13:06:38,424.2,50,42800
20240124,13:06:44,424.75,100,42800
20240124,13:06:56,432.25,300,42800
20240124,13:07:35,421.05,50,42800
20240124,13:08:17,420.2,50,42800
20240124,13:08:18,419.25,100,42800
20240124,13:08:21,423.5,100,42800
20240124,13:09:02,420.5,100,42800
20240124,13:09:04,420.1,100,42800
20240124,13:09:05,417.0,50,42800
20240124,13:09:06,417.95,250,42800
20240124,13:09:10,419.5,150,42800
20240124,13:09:26,417.4,50,42300
20240124,13:09:53,415.95,50,42300
20240124,13:09:58,417.4,50,42300
20240124,13:10:13,416.35,50,42300
20240124,13:10:25,411.8,100,42300
20240124,13:10:29,415.0,150,42300
20240124,13:10:34,420.7,50,42300
20240124,13:10:38,422.5,200,42300
20240124,13:11:43,413.25,100,42300
20240124,13:12:25,417.55,150,41900
20240124,13:12:42,416.55,50,41900
20240124,13:12:52,415.85,150,41900
20240124,13:13:12,409.45,150,41900
20240124,13:13:52,411.3,50,41900
20240124,13:16:43,409.9,350,42150
20240124,13:17:07,411.0,100,42150
20240124,13:17:58,407.3,50,42150
20240124,13:18:08,409.85,50,42150
20240124,13:18:46,417.85,700,41700
20240124,13:18:57,424.5,150,41700
20240124,13:19:08,425.8,50,41700
20240124,13:19:28,430.1,100,41700
20240124,13:19:39,430.0,500,41700
20240124,13:19:49,430.1,50,41700
20240124,13:20:23,429.0,100,41700
20240124,13:20:32,428.8,50,41700
20240124,13:20:50,436.0,100,41700
20240124,13:21:03,432.0,250,41700
20240124,13:21:14,425.0,600,41700
20240124,13:21:25,430.3,1000,41700
20240124,13:22:06,422.15,100,42150
20240124,13:22:26,424.5,150,42150
20240124,13:22:36,423.8,50,42150
20240124,13:23:06,421.25,100,42150
20240124,13:23:15,420.1,50,42150
20240124,13:24:42,415.8,50,41100
20240124,13:25:23,412.7,50,41100
20240124,13:27:22,415.8,250,41100
20240124,13:27:51,423.45,150,41150
20240124,13:28:01,422.7,100,41150
20240124,13:28:10,420.7,100,41150
20240124,13:29:24,420.05,250,41150
20240124,13:29:33,416.85,150,41150
20240124,13:30:28,418.65,800,41400
20240124,13:31:13,421.8,50,41400
20240124,13:31:31,411.6,100,41400
20240124,13:32:20,411.6,100,41400
20240124,13:32:56,411.4,50,41400
20240124,13:33:02,410.45,50,41400
20240124,13:33:22,406.5,50,41400
20240124,13:33:50,410.4,50,40850
20240124,13:33:53,409.15,50,40850
20240124,13:33:56,409.15,100,40850
20240124,13:34:19,406.5,300,40850
20240124,13:34:42,403.5,100,40850
20240124,13:35:12,408.45,50,40850
20240124,13:36:18,410.55,50,40850
20240124,13:37:05,404.45,50,41500
20240124,13:38:35,414.75,50,41500
20240124,13:39:52,411.7,50,41550
20240124,13:40:57,422.0,50,41550
20240124,13:42:37,410.0,100,41500
20240124,13:42:46,410.0,100,41500
20240124,13:43:00,410.0,300,41500
20240124,13:43:47,410.45,50,41500
20240124,13:44:11,415.0,50,41500
20240124,13:44:58,411.1,50,41500
20240124,13:46:49,412.0,50,41550
20240124,13:46:58,412.7,100,41550
20240124,13:48:03,420.2,50,41550
20240124,13:48:32,423.5,50,41550
20240124,13:48:49,425.0,100,41650
20240124,13:49:09,424.95,200,41650
20240124,13:49:36,417.75,50,41650
20240124,13:52:41,407.5,100,41700
20240124,13:58:39,424.0,50,41700
20240124,13:59:07,429.8,150,41700
20240124,13:59:26,430.0,500,41700
20240124,13:59:38,430.55,250,41700
20240124,13:59:50,418.15,50,41700
20240124,14:00:01,418.85,100,41700
20240124,14:00:11,418.05,150,41700
20240124,14:00:20,421.6,100,41700
20240124,14:00:59,430.1,100,41800
20240124,14:01:09,431.2,100,41800
20240124,14:01:19,427.9,50,41800
20240124,14:01:47,434.0,100,41800
20240124,14:04:11,434.0,50,41800
20240124,14:04:38,436.15,200,41700
20240124,14:04:49,440.0,50,41700
20240124,14:05:09,440.1,150,41700
20240124,14:05:20,440.55,50,41700
20240124,14:06:44,449.95,150,41750
20240124,14:07:35,447.3,150,41750
20240124,14:08:12,441.85,200,41750
20240124,14:08:33,434.55,100,41750
20240124,14:08:44,434.5,50,41750
20240124,14:10:02,433.5,50,41800
20240124,14:10:32,429.0,50,41800
20240124,14:12:36,436.0,50,41800
20240124,14:16:32,436.15,100,41850
20240124,14:17:19,433.0,50,41850
20240124,14:18:06,433.8,50,41850
20240124,14:18:28,437.5,50,41850
20240124,14:18:50,444.05,50,41750
20240124,14:19:09,441.75,50,41750
20240124,14:19:10,443.75,50,41750
20240124,14:19:14,444.5,50,41750
20240124,14:22:43,445.6,50,41700
20240124,14:23:50,458.95,50,41700
20240124,14:24:00,455.2,250,41700
20240124,14:24:54,446.1,50,41800
20240124,14:25:30,449.65,50,41800
20240124,14:25:39,450.9,100,41800
20240124,14:25:49,452.9,50,41800
20240124,14:25:59,448.2,250,41800
20240124,14:26:08,451.6,50,41800
20240124,14:26:54,453.1,50,41800
20240124,14:27:22,459.45,50,41800
20240124,14:27:32,455.05,200,41800
20240124,14:28:01,460.8,50,42200
20240124,14:28:08,460.1,200,42200
20240124,14:28:11,460.3,350,42200
20240124,14:28:13,457.65,50,42200
20240124,14:28:18,460.8,50,42200
20240124,14:28:24,461.75,50,42200
20240124,14:28:25,462.5,50,42200
20240124,14:28:26,462.25,100,42200
20240124,14:28:47,464.15,50,42200
20240124,14:28:53,463.2,50,42200
20240124,14:28:54,463.2,50,42200
20240124,14:29:04,463.0,650,42200
20240124,14:29:06,461.9,50,42200
20240124,14:29:13,463.2,100,42200
20240124,14:29:16,463.2,50,42200
20240124,14:29:18,463.0,50,42200
20240124,14:29:19,463.8,50,42200
20240124,14:29:26,462.2,100,42200
20240124,14:29:27,464.55,50,42200
20240124,14:29:38,465.6,50,42200
20240124,14:29:50,464.55,100,42200
20240124,14:30:29,466.75,100,42200
20240124,14:30:31,467.0,50,42200
20240124,14:30:32,467.0,250,42200
20240124,14:30:34,467.0,100,42200
20240124,14:30:36,467.0,200,43100
20240124,14:31:26,473.3,50,43100
20240124,14:32:16,466.45,150,43100
20240124,14:33:03,463.6,100,43100
20240124,14:33:22,463.05,50,43100
20240124,14:33:32,464.8,100,43100
20240124,14:33:42,464.05,50,42850
20240124,14:34:17,468.95,50,42850
20240124,14:34:28,470.0,150,42850
20240124,14:34:29,472.75,50,42850
20240124,14:34:33,470.55,50,42850
20240124,14:34:42,471.6,50,42850
20240124,14:34:47,471.7,50,42850
20240124,14:34:49,472.9,50,42850
20240124,14:34:52,473.55,100,42850
20240124,14:34:57,472.1,50,42850
20240124,14:34:58,471.75,50,42850
20240124,14:34:59,471.5,50,42850
20240124,14:35:06,471.3,100,42850
20240124,14:35:15,473.3,250,42850
20240124,14:35:25,474.35,100,42850
20240124,14:35:36,475.25,350,42850
20240124,14:35:47,477.35,250,42850
20240124,14:35:59,480.05,250,42850
20240124,14:36:00,480.1,100,42850
20240124,14:36:08,474.85,100,42850
20240124,14:36:09,473.9,100,42850
20240124,14:36:11,474.9,50,42850
20240124,14:36:13,475.15,50,42850
20240124,14:36:24,474.05,50,42850
20240124,14:36:44,475.05,50,43150
20240124,14:37:06,474.05,50,43150
20240124,14:37:13,476.75,50,43150
20240124,14:39:18,472.8,50,43150
20240124,14:41:08,493.0,50,43100
20240124,14:41:59,485.6,50,43100
20240124,14:42:52,490.0,50,43050
20240124,14:42:59,490.05,50,43050
20240124,14:43:10,493.0,50,43050
20240124,14:43:13,494.0,50,43050
20240124,14:43:20,497.75,50,43050
20240124,14:43:27,499.0,1300,43050
20240124,14:43:28,499.0,500,43050
20240124,14:43:33,500.0,750,43050
20240124,14:43:41,500.0,150,43050
20240124,14:43:43,497.95,50,43050
20240124,14:43:45,495.0,250,43050
20240124,14:43:48,494.95,250,43050
20240124,14:43:57,494.9,50,43050
20240124,14:44:02,491.5,1100,43050
20240124,14:44:08,491.35,50,43050
20240124,14:44:20,492.6,100,43050
20240124,14:44:25,493.95,200,43050
20240124,14:44:32,498.35,150,43050
20240124,14:44:33,500.0,50,43050
20240124,14:44:38,500.5,50,43050
20240124,14:44:39,501.8,150,43050
20240124,14:44:45,501.8,50,43050
20240124,14:44:56,500.75,50,43050
20240124,14:45:00,500.5,50,43050
20240124,14:45:05,498.65,50,43050
20240124,14:45:18,496.25,50,43050
20240124,14:45:31,498.0,50,43050
20240124,14:46:40,482.8,50,40750
20240124,14:46:43,480.0,50,40750
20240124,14:46:50,483.8,350,40750
20240124,14:48:32,480.0,950,40750
20240124,14:48:51,474.45,150,40750
20240124,14:49:20,476.0,50,39600
20240124,14:49:26,479.0,350,39600
20240124,14:50:45,490.35,50,39600
20240124,14:51:34,493.85,50,39600
20240124,14:51:35,491.65,50,39600
20240124,14:52:21,489.9,50,39500
20240124,14:52:38,485.5,50,39500
20240124,14:53:16,490.5,100,39500
20240124,14:53:23,490.9,100,39500
20240124,14:53:27,491.15,100,39500
20240124,14:53:36,490.7,50,39500
20240124,14:55:20,495.1,100,39550
20240124,14:56:05,492.5,150,39550
20240124,14:57:17,487.8,50,39550
20240124,14:57:29,490.0,50,39550
20240124,14:58:29,497.5,50,39400
20240124,14:58:40,500.0,50,39400
20240124,14:59:26,500.05,100,39400
20240124,14:59:52,503.65,50,39400
20240124,15:00:18,505.0,150,39400
20240124,15:00:28,509.0,50,39400
20240124,15:00:54,509.0,150,39000
20240124,15:01:19,506.0,150,39000
20240124,15:02:05,498.9,50,39000
20240124,15:02:41,491.8,50,39000
20240124,15:02:53,482.05,200,39000
20240124,15:02:57,482.45,50,39000
20240124,15:03:00,479.6,50,39000
20240124,15:03:01,475.85,50,39000
20240124,15:03:08,467.25,50,39000
20240124,15:03:09,465.55,100,39000
20240124,15:03:11,469.2,100,39000
20240124,15:03:12,470.8,150,39000
20240124,15:03:13,472.55,50,39000
20240124,15:03:14,472.55,50,39000
20240124,15:03:18,472.55,50,39000
20240124,15:03:23,471.85,700,39000
20240124,15:03:29,474.4,100,39000
20240124,15:03:31,470.65,150,39000
20240124,15:03:35,470.65,50,39000
20240124,15:04:21,493.95,50,39050
20240124,15:04:32,498.9,250,39050
20240124,15:05:22,488.8,50,39050
20240124,15:05:29,494.95,50,39050
20240124,15:05:35,493.75,50,39050
20240124,15:05:36,488.65,50,39050
20240124,15:05:38,492.5,50,39050
20240124,15:05:41,493.7,50,39050
20240124,15:05:52,491.3,50,39050
20240124,15:05:57,497.5,100,39050
20240124,15:06:59,495.5,50,39200
20240124,15:07:31,487.5,200,39200
20240124,15:08:40,490.75,50,39200
20240124,15:09:10,484.9,150,39200
20240124,15:10:00,488.8,100,39400
20240124,15:12:31,491.75,350,39400
20240124,15:13:13,491.25,50,39450
20240124,15:13:22,493.75,50,39450
20240124,15:13:25,491.4,50,39450
20240124,15:14:14,496.25,50,39450
20240124,15:14:23,491.4,300,39450
20240124,15:14:33,495.15,50,39450
20240124,15:15:02,495.15,100,39450
20240124,15:15:11,496.95,50,39450
20240124,15:15:52,500.15,50,38950
20240124,15:16:03,502.1,50,38950
20240124,15:16:48,505.0,1150,38950
20240124,15:16:58,509.0,100,38950
20240124,15:17:08,506.9,300,38950
20240124,15:18:13,505.7,150,38950
20240124,15:18:24,505.7,50,38950
20240124,15:18:34,508.15,150,38950
20240124,15:19:11,508.65,400,38750
20240124,15:19:21,510.15,150,38750
20240124,15:19:51,510.15,50,38750
20240124,15:20:02,506.2,400,38750
20240124,15:20:13,507.8,200,38750
20240124,15:20:23,510.75,750,38750
20240124,15:21:03,506.7,50,38750
20240124,15:21:20,507.0,50,38750
20240124,15:22:14,506.35,200,37300
20240124,15:23:09,506.1,50,37300
20240124,15:23:26,505.1,50,37300
20240124,15:24:01,500.1,200,37300
20240124,15:24:02,500.0,50,37300
20240124,15:24:22,498.05,300,37300
20240124,15:24:28,497.85,100,37300
20240124,15:24:39,498.6,50,37300
20240124,15:25:08,499.95,300,37550
20240124,15:25:40,500.0,100,37550
20240124,15:26:11,504.65,50,37550
20240124,15:26:18,504.5,50,37550
20240124,15:26:21,504.5,50,37550
20240124,15:26:22,504.45,50,37550
20240124,15:26:24,504.45,50,37550
20240124,15:26:27,504.45,50,37550
20240124,15:26:28,504.35,50,37550
20240124,15:26:30,505.35,50,37550
20240124,15:26:36,504.85,50,37550
20240124,15:26:37,506.05,50,37550
20240124,15:27:34,507.3,550,37550
20240124,15:27:44,507.45,100,37700
20240124,15:28:57,504.1,350,37700
20240124,15:29:25,501.7,50,37700
20240124,15:29:56,497.85,50,37700
20240125,09:15:40,478.8,1,35500
20240125,09:15:40,478.8,50,35500
20240125,09:15:48,475.25,100,35500
20240125,09:16:00,467.55,50,35500
20240125,09:16:01,467.55,150,35500
20240125,09:18:39,452.05,1100,35700
20240125,09:18:49,457.4,250,35700
20240125,09:19:00,453.1,50,35700
20240125,09:19:12,453.1,50,35700
20240125,09:19:24,456.55,550,35700
20240125,09:19:38,450.0,50,35700
20240125,09:20:00,449.75,50,35700
20240125,09:20:03,449.75,400,35700
20240125,09:20:22,456.9,50,35700
20240125,09:20:38,455.65,400,35700
20240125,09:20:48,455.8,50,35700
20240125,09:20:57,451.2,50,35700
20240125,09:21:16,455.1,350,35500
20240125,09:21:25,456.6,100,35500
20240125,09:22:01,448.5,50,35500
20240125,09:22:06,448.5,450,35500
20240125,09:22:23,456.55,50,35500
20240125,09:22:43,459.55,50,35500
20240125,09:23:54,436.55,50,35500
20240125,09:24:38,434.45,50,36000
20240125,09:24:47,428.95,100,36000
20240125,09:24:51,428.95,200,36000
20240125,09:25:10,433.45,50,36000
20240125,09:25:17,435.65,100,36000
20240125,09:25:26,430.8,200,36000
20240125,09:25:38,433.4,100,36000
20240125,09:25:56,435.6,50,36000
20240125,09:25:59,433.4,50,36000
20240125,09:26:14,438.9,100,36000
20240125,09:26:17,440.15,50,36000
20240125,09:26:44,435.0,50,36000
20240125,09:26:51,440.35,50,36000
20240125,09:28:01,460.95,50,36350
20240125,09:28:02,461.45,150,36350
20240125,09:28:04,460.15,50,36350
20240125,09:28:11,462.65,50,36350
20240125,09:28:12,463.4,50,36350
20240125,09:28:13,464.75,150,36350
20240125,09:28:14,464.6,50,36350
20240125,09:28:19,463.4,200,36350
20240125,09:28:30,458.8,100,36350
20240125,09:28:44,465.6,50,36350
20240125,09:28:49,463.15,50,36350
20240125,09:29:01,466.4,150,36350
20240125,09:29:03,464.1,150,36350
20240125,09:30:06,468.35,400,35600
20240125,09:30:15,468.5,50,35600
20240125,09:30:18,468.35,50,35600
20240125,09:30:27,472.25,250,35600
20240125,09:31:41,461.15,50,35600
20240125,09:32:13,454.25,50,35600
20240125,09:34:14,453.0,50,35700
20240125,09:34:17,450.0,50,35700
20240125,09:34:37,447.0,50,35700
20240125,09:35:28,447.0,50,35700
20240125,09:35:29,449.25,50,35700
20240125,09:35:46,445.7,100,35700
20240125,09:35:49,447.05,50,35700
20240125,09:35:53,445.25,50,35700
20240125,09:37:02,448.05,150,35950
20240125,09:37:56,448.0,100,35950
20240125,09:38:11,454.75,50,35950
20240125,09:38:30,456.0,200,35950
20240125,09:39:08,454.8,500,35950
20240125,09:39:27,446.0,500,35850
20240125,09:39:37,448.5,250,35850
20240125,09:39:47,446.7,350,35850
20240125,09:40:06,443.5,850,35850
20240125,09:40:24,445.0,100,35850
20240125,09:41:19,453.0,100,35850
20240125,09:41:31,449.85,350,35850
20240125,09:41:43,453.3,50,35850
20240125,09:41:44,453.95,50,35850
20240125,09:41:49,460.0,50,35850
20240125,09:42:02,450.0,50,35850
20240125,09:42:57,447.35,50,35850
20240125,09:43:01,447.85,150,35850
20240125,09:43:13,447.85,50,35850
20240125,09:43:40,445.0,100,35850
20240125,09:44:53,437.35,50,35850
20240125,09:45:01,430.05,50,35850
20240125,09:45:06,430.0,50,35850
20240125,09:45:16,433.65,50,35950
20240125,09:45:24,433.1,50,35950
20240125,09:45:49,427.45,200,35950
20240125,09:45:59,429.0,150,35950
20240125,09:46:12,433.65,50,35950
20240125,09:46:14,432.35,300,35950
20240125,09:47:09,445.0,50,35950
20240125,09:47:42,436.5,350,35950
20240125,09:47:43,436.15,50,35950
20240125,09:47:51,437.45,300,35950
20240125,09:48:04,441.5,150,35950
20240125,09:49:03,447.0,100,34750
20240125,09:50:01,447.0,50,34750
20240125,09:50:42,447.4,100,34750
20240125,09:50:44,447.65,100,34750
20240125,09:50:57,443.9,50,34750
20240125,09:51:09,445.75,100,34850
20240125,09:51:20,442.05,100,34850
20240125,09:52:01,445.1,50,34850
20240125,09:52:02,445.5,50,34850
20240125,09:52:11,445.5,250,34850
20240125,09:52:39,440.0,50,34850
20240125,09:53:29,437.6,50,34850
20240125,09:53:39,436.7,50,34850
20240125,09:54:00,436.7,150,34850
20240125,09:54:09,434.5,50,35350
20240125,09:54:33,430.7,150,35350
20240125,09:54:38,430.5,100,35350
20240125,09:54:43,430.0,50,35350
20240125,09:54:51,430.6,50,35350
20240125,09:55:03,428.4,400,35350
20240125,09:55:10,430.4,50,35350
20240125,09:55:12,429.0,50,35350
20240125,09:55:24,433.35,100,35350
20240125,09:55:26,436.7,50,35350
20240125,09:56:43,440.0,50,35350
20240125,09:57:06,439.5,50,35350
20240125,09:58:23,436.0,50,35550
20240125,09:59:06,443.05,50,35550
20240125,09:59:26,441.3,50,35550
20240125,09:59:31,439.7,50,35550
20240125,10:00:37,437.55,100,35650
20240125,10:00:59,434.55,50,35650
20240125,10:01:51,428.1,100,35650
20240125,10:02:01,431.0,50,35650
20240125,10:02:11,429.5,50,35650
20240125,10:02:51,431.2,50,35650
20240125,10:02:57,433.55,100,35650
20240125,10:02:58,434.4,100,35650
20240125,10:03:01,435.45,50,35650
20240125,10:03:07,434.9,100,35650
20240125,10:03:12,435.8,100,35550
20240125,10:03:26,437.35,100,35550
20240125,10:03:29,437.8,100,35550
20240125,10:03:34,437.7,50,35550
20240125,10:04:27,434.8,50,35550
20240125,10:05:25,435.45,50,35550
20240125,10:05:30,437.75,50,35550
20240125,10:05:34,438.75,50,35550
20240125,10:07:18,438.75,350,35550
20240125,10:08:17,440.45,100,35550
20240125,10:08:27,441.6,50,35550
20240125,10:08:46,437.85,100,35550
20240125,10:09:06,436.25,100,35550
20240125,10:09:24,432.05,300,35500
20240125,10:09:32,434.75,100,35500
20240125,10:09:46,432.55,100,35500
20240125,10:09:48,432.4,100,35500
20240125,10:09:53,427.65,100,35500
20240125,10:09:54,426.8,50,35500
20240125,10:09:56,426.1,150,35500
20240125,10:10:22,426.1,100,35500
20240125,10:12:23,430.0,50,35400
20240125,10:12:30,431.0,400,35400
20240125,10:12:57,431.0,100,35400
20240125,10:13:13,430.95,250,35400
20240125,10:13:57,432.3,50,35400
20240125,10:15:06,431.2,50,35400
20240125,10:15:38,431.05,50,35700
20240125,10:15:56,430.0,150,35700
20240125,10:16:06,428.05,300,35700
20240125,10:16:17,425.65,850,35700
20240125,10:16:36,420.0,200,35700
20240125,10:16:37,419.4,100,35700
20240125,10:16:38,417.6,500,35700
20240125,10:16:39,417.75,400,35700
20240125,10:16:52,421.3,100,35700
20240125,10:16:59,421.2,250,35700
20240125,10:17:10,419.4,50,35700
20240125,10:17:20,418.0,50,35700
20240125,10:17:23,418.45,50,35700
20240125,10:17:36,416.15,200,35700
20240125,10:17:48,411.65,250,35700
20240125,10:18:00,411.65,500,35700
20240125,10:18:11,415.7,150,35700
20240125,10:18:23,414.7,150,35150
20240125,10:18:34,415.2,200,35150
20240125,10:18:44,415.2,1050,35150
20240125,10:19:17,415.8,50,35150
20240125,10:19:24,412.65,50,35150
20240125,10:19:56,413.7,100,35150
20240125,10:19:57,412.75,50,35150
20240125,10:20:02,411.0,100,35150
20240125,10:20:06,411.0,100,35150
20240125,10:20:08,411.2,700,35150
20240125,10:20:11,409.8,750,35150
20240125,10:20:35,404.35,50,35150
20240125,10:20:58,400.0,300,35150
20240125,10:21:10,400.0,100,35150
20240125,10:21:22,398.95,50,37050
20240125,10:21:34,398.95,100,37050
20240125,10:21:45,402.0,400,37050
20240125,10:22:27,404.55,200,37050
20240125,10:22:37,404.45,200,37050
20240125,10:22:48,401.25,400,37050
20240125,10:22:58,400.7,50,37050
20240125,10:23:19,398.45,50,37050
20240125,10:23:31,394.85,450,37050
20240125,10:23:43,394.25,300,37050
20240125,10:24:07,394.25,50,37050
20240125,10:24:18,399.55,50,37050
20240125,10:24:28,399.05,600,37650
20240125,10:24:47,401.25,50,37650
20240125,10:25:19,397.85,50,37650
20240125,10:25:28,399.0,2200,37650
20240125,10:25:48,401.1,250,37650
20240125,10:26:00,402.5,450,37650
20240125,10:26:24,406.15,100,37650
20240125,10:26:35,405.6,250,37650
20240125,10:27:05,403.2,250,37650
20240125,10:27:54,406.35,300,39150
20240125,10:28:14,409.65,150,39150
20240125,10:28:34,410.0,250,39150
20240125,10:28:45,410.0,50,39150
20240125,10:28:55,407.8,150,39150
20240125,10:29:05,407.4,300,39150
20240125,10:29:24,410.55,150,39150
20240125,10:29:40,411.0,300,39150
20240125,10:29:41,410.9,600,39150
20240125,10:29:43,409.65,300,39150
20240125,10:30:01,409.8,150,39150
20240125,10:30:05,410.95,100,39150
20240125,10:30:07,408.85,200,39150
20240125,10:30:10,410.2,200,39150
20240125,10:30:16,410.5,250,40700
20240125,10:30:26,412.0,50,40700
20240125,10:30:57,406.8,250,40700
20240125,10:31:07,405.55,300,40700
20240125,10:31:14,405.6,100,40700
20240125,10:31:23,407.4,50,40700
20240125,10:31:31,405.45,1050,40700
20240125,10:31:41,406.4,300,40700
20240125,10:32:11,410.35,50,40700
20240125,10:32:21,413.7,500,40700
20240125,10:32:24,415.6,250,40700
20240125,10:32:27,415.3,50,40700
20240125,10:32:29,414.6,50,40700
20240125,10:32:36,415.75,50,40700
20240125,10:32:41,415.8,300,40700
20240125,10:32:45,415.55,150,40700
20240125,10:32:56,417.15,100,40700
20240125,10:32:58,415.85,500,40700
20240125,10:33:01,418.95,100,40700
20240125,10:33:06,420.05,500,40700
20240125,10:33:34,414.2,50,41200
20240125,10:34:23,408.4,900,41200
20240125,10:34:55,402.0,250,41200
20240125,10:35:05,406.45,200,41200
20240125,10:35:15,408.0,400,41200
20240125,10:35:35,407.4,50,41200
20240125,10:36:05,401.45,100,41200
20240125,10:36:44,401.15,250,40550
20240125,10:36:55,400.0,1950,40550
20240125,10:37:05,401.1,350,40550
20240125,10:37:53,405.6,100,40550
20240125,10:38:33,414.85,1500,40550
20240125,10:39:26,413.05,50,41000
20240125,10:39:35,409.85,50,41000
20240125,10:39:50,413.0,50,41000
20240125,10:40:37,413.25,100,41000
20240125,10:41:10,420.0,100,41000
20240125,10:42:50,401.65,600,40900
20240125,10:43:51,400.0,350,40900
20240125,10:44:02,400.25,550,40900
20240125,10:45:09,405.25,100,40900
20240125,10:45:57,410.0,50,40900
20240125,10:46:00,408.8,50,41000
20240125,10:46:11,405.25,50,41000
20240125,10:48:08,406.4,350,41000
20240125,10:48:27,406.0,700,41150
20240125,10:50:02,407.25,100,41150
20240125,10:50:22,407.95,50,41150
20240125,10:50:40,407.1,50,41150
20240125,10:51:29,400.0,400,41800
20240125,10:51:59,399.95,900,41800
20240125,10:52:27,403.85,100,41800
20240125,10:53:05,400.0,200,41800
20240125,10:53:35,396.45,50,41800
20240125,10:53:56,397.55,50,41800
20240125,10:54:28,388.0,600,43000
20240125,10:54:40,387.55,150,43000
20240125,10:55:15,380.0,1250,43000
20240125,10:55:26,382.35,550,43000
20240125,10:55:36,382.9,400,43000
20240125,10:55:48,382.3,250,43000
20240125,10:56:12,380.5,250,43000
20240125,10:56:23,379.35,1550,43000
20240125,10:56:41,381.55,50,43000
20240125,10:56:58,380.0,50,43000
20240125,10:57:10,379.75,50,43000
20240125,10:57:15,379.05,250,43000
20240125,10:57:26,379.05,250,45350
20240125,10:57:39,379.05,100,45350
20240125,10:57:46,379.8,50,45350
20240125,10:57:47,379.55,50,45350
20240125,10:57:50,381.55,50,45350
20240125,10:57:55,380.7,50,45350
20240125,10:57:58,382.95,100,45350
20240125,10:58:20,379.0,100,45350
20240125,10:58:22,379.0,100,45350
20240125,10:58:37,379.0,150,45350
20240125,10:58:43,380.0,50,45350
20240125,10:58:50,381.55,50,45350
20240125,10:58:52,379.3,100,45350
20240125,10:58:56,381.05,100,45350
20240125,10:59:21,383.95,50,45350
20240125,10:59:24,382.6,100,45350
20240125,10:59:35,381.65,50,45350
20240125,10:59:37,380.0,100,45350
20240125,10:59:40,379.3,450,45350
20240125,10:59:41,379.3,50,45350
20240125,10:59:42,379.0,950,45350
20240125,10:59:46,378.65,50,45350
20240125,11:00:09,378.65,1050,45350
20240125,11:00:13,382.95,50,45350
20240125,11:00:14,381.45,100,45350
20240125,11:00:16,380.85,50,45350
20240125,11:00:21,379.55,50,46500
20240125,11:00:23,379.25,50,46500
20240125,11:00:27,380.6,100,46500
20240125,11:00:38,377.25,150,46500
20240125,11:00:51,377.25,50,46500
20240125,11:00:53,379.0,50,46500
20240125,11:00:54,378.4,100,46500
20240125,11:00:56,379.25,100,46500
20240125,11:00:57,379.3,50,46500
20240125,11:01:09,383.15,200,46500
20240125,11:01:11,382.85,50,46500
20240125,11:01:12,380.7,150,46500
20240125,11:01:31,380.0,1850,46500
20240125,11:01:36,378.25,50,46500
20240125,11:01:51,379.25,50,46500
20240125,11:02:23,377.15,200,46500
20240125,11:02:47,377.15,50,46500
20240125,11:03:12,385.0,550,46500
20240125,11:03:14,384.6,50,46500
20240125,11:03:22,390.0,50,48100
20240125,11:03:23,387.05,150,48100
20240125,11:03:23,387.05,100,48100
20240125,11:03:32,385.15,100,48100
20240125,11:03:48,387.55,100,48100
20240125,11:04:03,388.0,50,48100
20240125,11:04:12,385.15,50,48100
20240125,11:04:22,385.15,50,48100
20240125,11:04:30,382.8,100,48100
20240125,11:04:33,385.25,50,48100
20240125,11:05:02,383.1,50,48100
20240125,11:05:04,380.7,100,48100
20240125,11:05:16,382.95,50,48100
20240125,11:05:37,382.4,50,48100
20240125,11:05:54,384.7,50,48100
20240125,11:06:11,384.7,50,48100
20240125,11:06:23,385.15,50,48450
20240125,11:06:25,385.25,50,48450
20240125,11:06:51,389.4,150,48450
20240125,11:06:58,388.0,50,48450
20240125,11:07:03,388.55,150,48450
20240125,11:07:12,387.65,100,48450
20240125,11:07:42,387.4,50,48450
20240125,11:07:47,386.0,250,48450
20240125,11:07:50,387.6,100,48450
20240125,11:07:51,387.55,100,48450
20240125,11:07:59,388.75,100,48450
20240125,11:08:14,387.65,50,48450
20240125,11:09:13,387.95,50,48450
20240125,11:09:19,388.0,150,49050
20240125,11:09:20,389.7,100,49050
20240125,11:09:26,390.0,100,49050
20240125,11:11:03,394.2,100,49050
20240125,11:11:06,394.15,200,49050
20240125,11:11:15,393.7,50,49050
20240125,11:11:31,390.0,450,49050
20240125,11:11:58,396.0,1900,49050
20240125,11:13:08,392.95,50,48950
20240125,11:13:37,390.0,50,48950
20240125,11:13:42,390.0,500,48950
20240125,11:13:44,392.0,50,48950
20240125,11:13:47,389.85,50,48950
20240125,11:14:16,386.15,200,48950
20240125,11:14:21,388.0,50,48950
20240125,11:14:29,389.55,50,48950
20240125,11:14:30,388.0,350,48950
20240125,11:15:12,388.0,50,48950
20240125,11:15:45,388.1,50,48450
20240125,11:15:50,388.05,50,48450
20240125,11:15:58,389.65,250,48450
20240125,11:16:13,390.4,150,48450
20240125,11:16:19,391.2,50,48450
20240125,11:16:40,393.0,100,48450
20240125,11:17:08,393.0,50,48450
20240125,11:17:12,391.2,800,48450
20240125,11:17:36,396.0,200,48450
20240125,11:17:39,395.0,50,48450
20240125,11:17:52,394.8,50,48450
20240125,11:17:59,394.6,50,48450
20240125,11:18:02,397.0,300,48450
20240125,11:18:09,396.6,100,48450
20240125,11:18:21,396.4,50,48450
20240125,11:18:27,396.75,100,48450
20240125,11:18:43,399.55,200,47450
20240125,11:18:44,400.0,50,47450
20240125,11:18:48,401.0,50,47450
20240125,11:18:58,400.2,50,47450
20240125,11:19:01,401.1,250,47450
20240125,11:19:03,400.0,50,47450
20240125,11:19:21,400.8,150,47450
20240125,11:19:26,402.0,100,47450
20240125,11:19:28,402.05,150,47450
20240125,11:19:30,403.75,50,47450
20240125,11:19:45,401.85,50,47450
20240125,11:20:00,403.0,150,47450
20240125,11:20:04,405.0,50,47450
20240125,11:20:05,403.85,100,47450
20240125,11:20:16,403.65,50,47450
20240125,11:20:21,403.9,50,47450
20240125,11:20:24,403.85,50,47450
20240125,11:20:29,402.35,50,47450
20240125,11:20:42,402.35,50,47450
20240125,11:20:52,405.0,100,47450
20240125,11:20:54,406.0,200,47450
20240125,11:21:12,406.35,350,47450
20240125,11:21:19,410.0,150,47450
20240125,11:21:20,410.2,50,47450
20240125,11:21:25,410.4,200,46750
20240125,11:21:34,411.6,300,46750
20240125,11:21:53,413.4,50,46750
20240125,11:22:07,415.0,50,46750
20240125,11:22:10,416.5,250,46750
20240125,11:22:14,415.0,50,46750
20240125,11:22:20,413.05,50,46750
20240125,11:22:34,416.0,50,46750
20240125,11:22:47,417.25,50,46750
20240125,11:22:53,415.25,200,46750
20240125,11:22:54,414.7,450,46750
20240125,11:23:18,406.4,100,46750
20240125,11:23:23,403.8,100,46750
20240125,11:23:31,402.5,500,46750
20240125,11:23:53,402.25,50,46750
20240125,11:24:35,402.25,50,46050
20240125,11:26:02,406.0,900,46050
20240125,11:26:05,405.7,50,46050
20240125,11:26:11,406.15,300,46050
20240125,11:26:25,408.15,1800,46050
20240125,11:26:37,408.1,100,46050
20240125,11:26:42,406.55,50,46050
20240125,11:27:20,395.95,100,46050
20240125,11:27:22,395.25,50,46050
20240125,11:27:25,394.75,50,47400
20240125,11:27:47,395.0,1800,47400
20240125,11:28:02,394.25,100,47400
20240125,11:28:06,392.5,500,47400
20240125,11:28:12,390.65,200,47400
20240125,11:28:32,393.35,50,47400
20240125,11:28:52,394.1,50,47400
20240125,11:29:35,396.75,1800,47400
20240125,11:29:44,399.15,100,47400
20240125,11:29:49,397.5,1800,47400
20240125,11:30:00,403.15,200,47400
20240125,11:30:03,401.0,2000,47400
20240125,11:30:04,403.2,850,47400
20240125,11:30:11,403.2,50,47400
20240125,11:30:18,403.75,550,47400
20240125,11:30:21,405.35,1800,47400
20240125,11:30:31,405.55,250,53350
20240125,11:31:03,401.25,50,53350
20240125,11:31:08,400.0,600,53350
20240125,11:31:59,395.0,150,53350
20240125,11:32:18,399.0,1800,53350
20240125,11:32:40,402.1,100,53350
20240125,11:32:58,402.15,300,53350
20240125,11:33:37,399.0,50,53600
20240125,11:33:43,398.8,1000,53600
20240125,11:34:04,395.0,50,53600
20240125,11:34:29,394.8,50,53600
20240125,11:35:20,391.3,150,53600
20240125,11:36:11,402.75,150,53600
20240125,11:37:18,407.55,100,53850
20240125,11:37:47,411.6,650,53850
20240125,11:37:48,411.0,250,53850
20240125,11:37:53,410.75,50,53850
20240125,11:37:59,412.15,50,53850
20240125,11:38:03,411.65,100,53850
20240125,11:38:15,415.95,150,53850
20240125,11:38:17,416.0,1050,53850
20240125,11:38:57,418.3,50,53850
20240125,11:39:00,421.0,150,53850
20240125,11:39:01,422.0,1500,53850
20240125,11:39:04,425.0,50,53850
20240125,11:39:06,426.35,50,53850
20240125,11:39:07,428.0,50,53850
20240125,11:39:09,433.4,350,53850
20240125,11:39:27,424.75,150,49900
20240125,11:39:32,423.95,50,49900
20240125,11:39:50,432.9,350,49900
20240125,11:39:54,430.25,300,49900
20240125,11:39:55,429.3,100,49900
20240125,11:40:00,432.75,50,49900
20240125,11:40:02,432.9,200,49900
20240125,11:40:03,434.2,200,49900
20240125,11:40:10,434.7,500,49900
20240125,11:40:20,435.0,50,49900
20240125,11:40:24,434.95,300,49900
20240125,11:40:25,434.5,50,49900
20240125,11:40:29,440.0,50,49900
20240125,11:40:33,440.85,100,49900
20240125,11:40:34,437.45,100,49900
20240125,11:40:35,434.75,50,49900
20240125,11:40:42,436.1,200,49900
20240125,11:41:00,436.75,150,49900
20240125,11:41:38,438.85,300,49900
20240125,11:41:48,435.75,50,49900
20240125,11:42:09,431.35,100,49900
20240125,11:42:31,443.65,550,49750
20240125,11:42:53,438.9,50,49750
20240125,11:43:04,438.3,150,49750
20240125,11:43:14,434.7,200,49750
20240125,11:43:25,434.7,100,49750
20240125,11:43:35,434.55,150,49750
20240125,11:43:56,429.45,1000,49750
20240125,11:44:17,426.8,400,49750
20240125,11:44:27,423.5,100,49750
20240125,11:44:38,423.25,100,49750
20240125,11:44:50,422.35,100,49750
20240125,11:45:12,422.0,200,49750
20240125,11:45:23,414.0,250,49750
20240125,11:45:44,425.15,600,49650
20240125,11:46:14,428.55,50,49650
20240125,11:46:25,425.75,50,49650
20240125,11:46:35,420.0,50,49650
20240125,11:47:05,416.55,100,49650
20240125,11:47:28,410.0,50,49650
20240125,11:48:17,411.0,150,49650
20240125,11:48:37,411.4,100,49800
20240125,11:49:18,404.0,300,49800
20240125,11:49:29,403.25,150,49800
20240125,11:49:41,400.0,1250,49800
20240125,11:50:02,400.4,100,49800
20240125,11:50:14,396.0,150,49800
20240125,11:50:26,392.95,750,49800
20240125,11:50:37,397.15,100,49800
20240125,11:50:48,397.75,200,49800
20240125,11:50:59,393.0,2700,49800
20240125,11:51:10,393.7,950,49800
20240125,11:51:21,396.55,100,49800
20240125,11:52:24,395.0,100,49300
20240125,11:52:55,400.15,50,49300
20240125,11:53:05,400.15,200,49300
20240125,11:53:46,394.7,150,49300
20240125,11:54:07,393.6,300,49300
20240125,11:54:28,390.0,1300,49300
20240125,11:54:39,390.55,100,50150
20240125,11:54:49,396.1,100,50150
20240125,11:55:00,397.25,150,50150
20240125,11:55:21,396.05,100,50150
20240125,11:55:42,392.95,300,50150
20240125,11:56:03,394.0,250,50150
20240125,11:56:34,393.65,100,50150
20240125,11:56:56,388.85,100,50150
20240125,11:57:37,391.0,200,50100
20240125,11:57:47,392.95,100,50100
20240125,11:58:08,395.95,100,50100
20240125,11:58:18,397.2,150,50100
20240125,11:58:57,398.5,50,50100
20240125,11:59:17,399.75,50,50100
20240125,11:59:27,400.05,350,50100
20240125,12:00:08,401.0,2900,50100
20240125,12:00:28,402.8,50,50100
20240125,12:00:38,402.9,50,49200
20240125,12:00:59,393.05,50,49200
20240125,12:01:39,402.1,100,49200
20240125,12:02:08,405.45,300,49200
20240125,12:02:18,407.15,50,49200
20240125,12:02:28,406.35,300,49200
20240125,12:02:58,403.75,200,49200
20240125,12:03:07,404.35,50,49200
20240125,12:03:16,404.35,50,49200
20240125,12:03:25,404.35,50,49200
20240125,12:03:35,406.0,200,48350
20240125,12:03:55,404.45,150,48350
20240125,12:04:14,399.6,250,48350
20240125,12:04:24,394.5,850,48350
20240125,12:04:34,397.75,350,48350
20240125,12:04:43,399.0,50,48350
20240125,12:04:52,399.0,50,48350
20240125,12:05:11,401.45,50,48350
20240125,12:07:07,395.35,50,47650
20240125,12:07:26,394.6,100,47650
20240125,12:07:36,391.0,300,47650
20240125,12:09:05,401.05,200,47650
20240125,12:10:20,395.0,300,47650
20240125,12:10:40,393.55,100,47650
20240125,12:10:59,394.75,100,47650
20240125,12:12:44,394.0,100,47550
20240125,12:13:04,398.0,300,47550
20240125,12:14:30,394.0,100,47550
20240125,12:15:16,395.4,50,47550
20240125,12:15:26,390.0,50,47550
20240125,12:15:47,388.0,2800,47250
20240125,12:15:58,385.0,150,47250
20240125,12:16:20,386.05,450,47250
20240125,12:16:40,388.25,50,47250
20240125,12:16:49,390.9,200,47250
20240125,12:17:47,388.75,50,47250
20240125,12:17:56,388.75,50,47250
20240125,12:18:45,388.0,50,47950
20240125,12:19:05,385.0,1000,47950
20240125,12:20:04,385.05,400,47950
20240125,12:20:23,388.0,200,47950
20240125,12:20:33,385.5,50,47950
20240125,12:20:43,383.75,100,47950
20240125,12:20:54,381.5,50,47950
20240125,12:21:16,385.25,100,47950
20240125,12:21:40,382.2,50,47900
20240125,12:22:15,380.5,50,47900
20240125,12:22:54,381.9,50,47900
20240125,12:24:03,382.1,100,47900
20240125,12:24:51,389.7,100,48150
20240125,12:26:08,393.0,50,48150
20240125,12:26:17,392.95,250,48150
20240125,12:26:27,392.35,50,48150
20240125,12:26:45,391.0,50,48150
20240125,12:27:13,397.8,200,48150
20240125,12:28:04,402.95,200,47950
20240125,12:28:43,397.85,50,47950
20240125,12:28:52,398.4,50,47950
20240125,12:29:20,391.5,100,47950
20240125,12:29:30,392.35,50,47950
20240125,12:29:58,391.35,50,47950
20240125,12:30:43,387.05,50,48050
20240125,12:31:48,386.95,50,48050
20240125,12:31:50,386.9,100,48050
20240125,12:32:05,386.0,50,48050
20240125,12:32:14,383.25,150,48050
20240125,12:32:21,383.95,100,48050
20240125,12:32:41,384.55,250,48050
20240125,12:32:57,383.45,50,48050
20240125,12:33:13,384.35,50,48050
20240125,12:33:20,382.9,150,48050
20240125,12:33:26,382.75,100,48050
20240125,12:33:29,381.65,50,48050
20240125,12:33:46,380.75,1200,48850
20240125,12:34:01,381.05,50,48850
20240125,12:34:07,383.45,50,48850
20240125,12:34:21,383.85,50,48850
20240125,12:35:11,385.8,50,48850
20240125,12:35:21,388.15,50,48850
20240125,12:35:30,391.0,50,48850
20240125,12:36:57,391.15,200,48750
20240125,12:37:33,389.7,50,48750
20240125,12:38:08,392.0,50,48750
20240125,12:38:56,392.9,200,48750
20240125,12:39:05,392.95,250,48750
20240125,12:39:14,392.95,450,48750
20240125,12:39:24,394.75,100,48750
20240125,12:39:53,393.6,600,48000
20240125,12:40:13,393.65,50,48000
20240125,12:40:23,392.45,50,48000
20240125,12:40:33,391.4,100,48000
20240125,12:40:42,392.4,50,48000
20240125,12:42:35,385.5,50,48000
20240125,12:42:54,383.15,200,47950
20240125,12:43:21,382.6,150,47950
20240125,12:43:48,382.0,100,47950
20240125,12:43:58,382.15,400,47950
20240125,12:44:17,381.6,300,47950
20240125,12:44:43,385.5,100,47950
20240125,12:45:56,381.8,50,47750
20240125,12:47:33,387.4,50,47750
20240125,12:48:37,391.0,100,47750
20240125,12:49:06,390.0,100,47850
20240125,12:49:43,386.45,100,47850
20240125,12:51:59,380.75,800,47650
20240125,12:52:36,384.0,50,47650
20240125,12:53:29,385.0,100,47650
20240125,12:54:15,381.0,50,47650
20240125,12:55:00,380.0,1200,47850
20240125,12:55:19,380.0,250,47850
20240125,12:56:14,380.0,100,47850
20240125,12:56:23,378.05,100,47850
20240125,12:56:33,378.65,50,47850
20240125,12:56:42,378.0,300,47850
20240125,12:57:10,378.15,100,47850
20240125,12:57:28,381.3,50,47850
20240125,12:57:50,380.75,50,48200
20240125,12:58:58,373.8,1100,48200
20240125,12:59:12,372.85,100,48200
20240125,12:59:19,372.85,550,48200
20240125,12:59:27,372.0,100,48200
20240125,12:59:46,372.0,150,48200
20240125,12:59:56,373.15,100,48200
20240125,13:00:22,373.15,50,48200
20240125,13:00:45,376.75,50,48600
20240125,13:01:07,376.75,100,48600
20240125,13:01:36,374.0,50,48600
20240125,13:02:35,379.0,50,48600
20240125,13:03:01,378.95,100,48600
20240125,13:03:05,378.95,150,48600
20240125,13:03:56,376.2,200,48800
20240125,13:04:50,382.0,50,48800
20240125,13:05:09,382.95,400,48800
20240125,13:05:56,384.0,500,48800
20240125,13:06:06,384.4,50,48800
20240125,13:06:16,383.2,100,48800
20240125,13:06:55,377.45,200,49350
20240125,13:08:08,375.25,200,49350
20240125,13:08:27,375.0,200,49350
20240125,13:08:36,375.0,50,49350
20240125,13:08:44,375.0,300,49350
20240125,13:08:53,375.3,100,49350
20240125,13:09:03,377.4,450,49350
20240125,13:09:24,374.05,50,49350
20240125,13:09:33,373.45,150,49350
20240125,13:09:42,372.6,250,49300
20240125,13:10:01,373.5,50,49300
20240125,13:10:11,373.05,200,49300
20240125,13:10:30,376.85,100,49300
20240125,13:10:48,373.25,100,49300
20240125,13:10:58,372.05,150,49300
20240125,13:11:07,371.4,200,49300
20240125,13:11:16,371.4,450,49300
20240125,13:11:44,375.25,150,49300
20240125,13:12:01,373.5,100,49300
20240125,13:12:10,374.65,200,49300
20240125,13:12:28,376.2,300,49300
20240125,13:12:37,377.45,50,49300
20240125,13:12:47,376.25,100,48350
20240125,13:12:57,377.4,400,48350
20240125,13:13:06,376.2,750,48350
20240125,13:14:01,379.0,100,48350
20240125,13:14:21,379.05,50,48350
20240125,13:14:31,377.45,50,48350
20240125,13:14:49,380.7,450,48350
20240125,13:15:09,385.05,150,48350
20240125,13:15:20,383.95,250,48350
20240125,13:15:30,380.85,100,48350
20240125,13:15:39,379.05,150,48350
20240125,13:15:58,383.75,50,47750
20240125,13:16:27,385.6,250,47750
20240125,13:16:37,383.4,150,47750
20240125,13:17:15,387.4,500,47750
20240125,13:17:44,384.0,150,47750
20240125,13:18:12,382.15,50,47750
20240125,13:18:21,380.0,200,47750
20240125,13:18:30,380.0,350,47750
20240125,13:20:01,380.0,50,47650
20240125,13:20:47,375.75,50,47650
20240125,13:21:05,376.2,50,47650
20240125,13:21:40,376.2,100,47650
20240125,13:21:50,377.6,50,47650
20240125,13:23:21,380.0,250,47650
20240125,13:23:57,378.1,50,47650
20240125,13:24:06,375.45,100,47650
20240125,13:24:40,375.05,50,47650
20240125,13:24:57,375.05,100,47900
20240125,13:25:06,376.05,50,47900
20240125,13:25:15,375.0,100,47900
20240125,13:25:34,371.3,50,47900
20240125,13:25:45,370.0,600,47900
20240125,13:25:54,370.0,50,47900
20240125,13:26:43,370.0,50,47900
20240125,13:26:50,370.0,50,47900
20240125,13:27:46,371.95,50,47900
20240125,13:28:00,372.05,100,48850
20240125,13:28:10,374.45,50,48850
20240125,13:28:11,373.25,50,48850
20240125,13:28:45,370.3,50,48850
20240125,13:28:54,369.1,50,48850
20240125,13:29:23,368.15,50,48850
20240125,13:30:32,368.15,200,48850
20240125,13:31:01,370.15,200,49000
20240125,13:31:10,372.0,100,49000
20240125,13:31:24,372.0,50,49000
20240125,13:31:35,368.15,100,49000
20240125,13:31:51,364.95,50,49000
20240125,13:31:56,364.9,100,49000
20240125,13:31:57,364.6,250,49000
20240125,13:31:59,364.05,50,49000
20240125,13:32:00,364.0,50,49000
20240125,13:32:03,364.0,150,49000
20240125,13:32:06,364.0,500,49000
20240125,13:32:15,365.7,250,49000
20240125,13:32:36,366.35,150,49000
20240125,13:32:45,367.7,150,49000
20240125,13:32:55,368.15,50,49000
20240125,13:33:03,368.0,1000,49000
20240125,13:33:12,368.0,50,49000
20240125,13:34:34,373.9,50,51500
20240125,13:35:26,372.4,50,51500
20240125,13:35:52,368.4,50,51500
20240125,13:36:26,369.8,100,51500
20240125,13:37:17,368.0,350,51450
20240125,13:39:36,374.3,50,51450
20240125,13:40:20,372.4,50,51700
20240125,13:42:04,368.0,100,51700
20240125,13:42:21,367.0,50,51700
20240125,13:42:54,368.35,50,51850
20240125,13:43:02,369.55,100,51850
20240125,13:43:12,372.0,100,51850
20240125,13:43:30,370.0,150,51850
20240125,13:43:48,369.0,50,51850
20240125,13:43:56,368.0,50,51850
20240125,13:44:04,368.0,950,51850
20240125,13:45:39,373.35,50,51850
20240125,13:45:57,372.45,300,53150
20240125,13:46:15,371.3,500,53150
20240125,13:46:40,372.0,300,53150
20240125,13:46:57,373.0,50,53150
20240125,13:47:06,373.0,950,53150
20240125,13:47:33,373.5,400,53150
20240125,13:48:18,378.25,350,53150
20240125,13:48:28,378.55,150,53150
20240125,13:48:57,376.65,650,52650
20240125,13:49:34,380.0,50,52650
20240125,13:49:44,379.15,50,52650
20240125,13:50:03,380.2,250,52650
20240125,13:50:23,381.05,200,52650
20240125,13:50:44,381.85,300,52650
20240125,13:51:35,380.8,100,52650
20240125,13:53:03,380.0,200,52750
20240125,13:54:20,374.15,100,52750
20240125,13:54:38,374.15,50,52750
20240125,13:54:56,373.45,50,52800
20240125,13:55:06,370.0,50,52800
20240125,13:55:34,368.0,50,52800
20240125,13:55:54,365.25,250,52800
20240125,13:56:05,368.1,250,52800
20240125,13:56:14,369.95,100,52800
20240125,13:56:43,375.0,100,52800
20240125,13:57:03,376.6,300,52800
20240125,13:57:14,379.0,50,52800
20240125,13:57:43,379.0,50,52800
20240125,13:57:52,379.8,50,52950
20240125,13:58:22,380.45,50,52950
