date,time,tick_price,volume,open_interest
20240124,11:36:29,45.5,300,300
20240124,14:45:01,81.3,200,300
20240131,11:50:07,25.7,1,500
20240131,11:50:07,25.7,50,500
20240131,15:10:27,44.0,50,550
20240131,15:10:44,44.2,50,550
20240131,15:14:29,44.2,50,550
20240201,09:23:10,46.4,1,550
20240201,09:23:10,46.4,100,550
20240201,09:28:50,42.9,100,650
20240201,09:53:56,42.9,50,650
20240201,09:54:22,41.85,50,650
20240201,10:16:13,38.5,100,650
20240201,10:16:50,37.85,100,650
20240201,11:21:13,37.85,100,700
20240201,11:25:40,37.85,150,650
20240201,11:30:18,39.55,200,750
20240201,11:30:27,39.55,200,750
20240201,11:37:47,38.5,500,1100
20240201,11:37:58,38.5,500,1100
20240201,11:41:09,38.0,500,2100
20240201,11:42:54,38.15,150,2600
20240201,11:44:09,37.5,150,2600
20240201,11:46:25,37.5,2150,2900
20240201,11:56:33,37.3,100,3950
20240201,11:59:07,37.25,100,4050
20240201,12:02:06,37.25,100,3950
20240201,12:04:10,40.3,150,4050
20240201,12:05:08,38.65,100,4050
20240201,12:07:24,35.45,50,3950
20240201,12:14:05,31.45,150,4000
20240201,12:14:14,31.45,150,4000
20240201,12:28:50,26.05,100,4200
20240201,12:28:58,30.35,1800,4200
20240201,12:29:07,30.35,200,4200
20240201,12:45:57,31.7,50,6250
20240201,12:46:15,30.6,50,6250
20240201,12:50:30,29.55,50,6300
20240201,13:47:37,28.0,200,6350
20240201,14:12:31,22.6,100,6350
20240201,14:14:20,22.6,150,6350
20240201,14:15:01,23.3,750,6350
20240201,14:23:10,23.3,200,7150
20240201,14:30:07,23.05,800,7150
20240201,14:34:18,23.55,500,8150
20240201,14:57:14,22.4,50,8650
20240201,15:01:34,21.6,50,8700
20240201,15:01:50,21.6,1550,8700
20240201,15:10:29,23.85,50,10200
20240201,15:18:07,24.5,50,10250
20240201,15:21:24,24.05,100,10200
20240201,15:21:41,24.0,50,10200
20240201,15:25:35,23.7,350,10300
20240201,15:27:44,24.05,250,10600
20240201,15:27:51,22.85,200,10600
20240201,15:28:07,24.0,200,10600
20240201,15:28:15,24.0,400,10600
20240201,15:28:23,24.3,350,10600
20240201,15:28:31,24.3,150,10600
20240202,09:15:09,20.0,1,11950
20240202,09:15:09,20.0,100,11950
20240202,09:16:49,13.55,500,11950
20240202,09:17:22,13.05,400,12100
20240202,09:17:27,13.05,450,12100
20240202,09:17:42,13.0,50,12100
20240202,09:17:58,13.0,200,12100
20240202,09:18:06,13.0,150,12100
20240202,09:19:26,13.0,1100,12100
20240202,09:19:49,13.15,150,12100
20240202,09:20:00,13.15,150,12100
20240202,09:24:31,12.05,50,13300
20240202,09:30:30,12.05,100,13250
20240202,09:30:51,12.45,50,13250
20240202,09:31:02,12.6,200,13250
20240202,09:31:53,12.6,200,13250
20240202,09:32:03,12.55,150,13250
20240202,09:32:55,12.45,250,13300
20240202,09:33:36,12.4,200,13300
20240202,09:34:30,12.65,50,13300
20240202,09:35:00,12.5,150,13300
20240202,09:35:41,12.55,200,13400
20240202,09:38:56,11.75,300,13500
20240202,09:40:39,11.75,50,13500
20240202,09:40:49,11.7,100,13500
20240202,09:41:49,12.2,50,13300
20240202,09:47:05,12.2,100,13300
20240202,09:49:52,12.1,150,13400
20240202,09:53:18,11.95,50,13400
20240202,09:56:18,11.85,50,13450
20240202,09:56:28,11.2,250,13450
20240202,09:58:08,11.6,100,13450
20240202,09:58:56,11.15,3000,13450
20240202,09:59:06,11.4,300,13450
20240202,09:59:15,11.35,150,13450
20240202,10:00:04,11.25,50,10700
20240202,10:01:23,11.0,50,10700
20240202,10:01:34,10.95,100,10700
20240202,10:02:26,10.75,50,10700
20240202,10:05:48,10.75,50,10700
20240202,10:07:21,10.8,50,10700
20240202,10:08:20,10.9,100,10700
20240202,10:08:49,10.85,100,10750
20240202,10:10:46,10.9,200,10750
20240202,10:13:09,10.95,100,10750
20240202,10:13:46,11.1,100,10750
20240202,10:14:15,9.95,400,10750
20240202,10:14:44,10.9,250,11150
20240202,10:16:24,11.05,100,11150
20240202,10:20:48,11.5,100,11250
20240202,10:24:19,11.2,50,11350
20240202,10:24:59,11.25,200,11350
20240202,10:32:15,10.85,50,11450
20240202,10:37:27,10.85,200,11450
20240202,10:38:09,10.95,100,11450
20240202,10:42:02,11.4,200,11550
20240202,10:42:38,11.4,100,11550
20240202,10:43:50,11.1,100,11550
20240202,10:56:24,10.85,100,11800
20240202,10:57:16,10.85,50,11850
20240202,10:57:51,10.8,50,11850
20240202,10:57:58,10.65,100,11850
20240202,11:03:05,11.0,200,11700
20240202,11:04:28,10.7,200,11700
20240202,11:04:33,10.65,50,11700
20240202,11:14:37,10.5,300,11700
20240202,11:14:48,10.55,100,11700
20240202,11:14:59,10.6,200,11700
20240202,11:15:09,10.65,100,11700
20240202,11:15:41,10.5,300,11700
20240202,11:15:51,10.7,50,11700
20240202,11:16:02,10.7,250,11700
20240202,11:16:23,10.75,600,11700
20240202,11:17:19,10.9,250,11700
20240202,11:17:41,11.05,200,12800
20240202,11:26:14,11.1,50,12800
20240202,11:26:34,11.15,200,12800
20240202,11:28:30,10.95,100,12800
20240202,11:28:40,10.9,1200,12800
20240202,11:32:04,10.95,100,12700
20240202,11:32:28,10.9,500,12700
20240202,11:33:49,10.7,150,12700
20240202,11:35:25,10.7,50,12700
20240202,11:37:19,10.75,50,12800
20240202,11:37:44,10.85,100,12800
20240202,11:38:20,10.75,100,12800
20240202,11:42:10,11.1,300,12900
20240202,11:42:45,11.0,50,12900
20240202,11:42:56,11.0,150,12900
20240202,11:45:27,11.35,50,12750
20240202,11:50:01,11.4,100,12750
20240202,11:50:13,11.35,50,12750
20240202,11:50:47,11.3,50,12650
20240202,11:51:10,11.25,50,12650
20240202,11:54:07,11.05,50,12600
20240202,11:54:30,11.05,50,12600
20240202,11:55:03,10.95,250,12600
20240202,11:56:50,10.95,50,12400
20240202,12:00:25,10.75,100,12400
20240202,12:01:05,10.7,50,12400
20240202,12:01:14,10.7,50,12400
20240202,12:01:24,10.65,50,12400
20240202,12:01:45,10.7,50,12400
20240202,12:02:45,10.55,50,12250
20240202,12:03:33,10.6,50,12250
20240202,12:03:54,10.6,50,12250
20240202,12:06:58,10.95,50,12300
20240202,12:11:29,10.55,50,12300
20240202,12:11:52,10.65,50,12250
20240202,12:20:12,11.05,100,12250
20240202,12:20:20,10.85,100,12250
20240202,12:25:34,10.95,50,12150
20240202,12:26:40,10.9,50,12100
20240202,12:28:06,10.9,100,12100
20240202,12:28:23,10.95,50,12100
20240202,12:28:46,11.05,50,12100
20240202,12:29:11,11.2,100,12100
20240202,12:29:20,11.3,50,12100
20240202,12:29:46,11.25,850,11850
20240202,12:30:13,11.3,50,11850
20240202,12:30:23,11.35,150,11850
20240202,12:31:02,11.6,50,11850
20240202,12:31:30,11.9,50,11850
20240202,12:31:39,12.0,100,11850
20240202,12:31:49,12.2,100,11850
20240202,12:32:30,11.85,50,11850
20240202,12:32:49,12.25,100,12200
20240202,12:32:58,12.15,150,12200
20240202,12:33:17,12.4,150,12200
20240202,12:33:44,12.15,100,12200
20240202,12:34:24,11.5,100,12200
20240202,12:34:34,11.2,50,12200
20240202,12:34:55,11.1,50,12200
20240202,12:35:34,11.85,50,12200
20240202,12:35:43,12.1,50,12200
20240202,12:35:52,12.45,50,12200
20240202,12:36:02,12.5,400,12200
20240202,12:36:12,12.65,50,12200
20240202,12:36:22,12.5,100,12200
20240202,12:38:04,11.8,100,12200
20240202,12:38:14,11.75,400,12200
20240202,12:38:44,11.6,50,12100
20240202,12:39:02,11.75,100,12100
20240202,12:39:12,11.65,150,12100
20240202,12:39:22,12.2,250,12100
20240202,12:39:32,12.55,500,12100
20240202,12:39:41,12.2,1150,12100
20240202,12:39:51,12.3,1150,12100
20240202,12:40:02,12.1,950,12100
20240202,12:40:13,11.85,550,12100
20240202,12:40:23,11.85,1550,12100
20240202,12:40:34,12.05,400,12100
20240202,12:40:45,11.85,1650,12100
20240202,12:40:55,12.1,150,12100
20240202,12:41:06,12.3,450,12100
20240202,12:41:16,12.45,200,12100
20240202,12:41:26,12.75,700,12100
20240202,12:41:36,12.75,50,12100
20240202,12:41:46,12.65,300,6150
20240202,12:42:15,12.7,150,6150
20240202,12:42:25,12.75,500,6150
20240202,12:42:35,12.75,100,6150
20240202,12:42:45,12.6,100,6150
20240202,12:42:54,12.65,50,6150
20240202,12:43:04,12.75,50,6150
20240202,12:43:14,12.75,100,6150
20240202,12:44:13,12.65,100,6150
20240202,12:44:22,12.7,50,6150
20240202,12:45:59,12.7,50,6050
20240202,12:47:23,13.1,50,6050
20240202,12:48:09,13.15,50,6000
20240202,12:48:19,13.15,50,6000
20240202,12:49:04,13.5,50,6000
20240202,12:49:23,13.8,200,6000
20240202,12:49:50,13.8,50,6000
20240202,12:50:16,13.75,50,6000
20240202,12:50:25,14.0,250,6000
20240202,12:50:34,14.3,250,6000
20240202,12:50:43,14.45,50,6000
20240202,12:52:18,13.1,50,5400
20240202,12:53:02,13.35,100,5400
20240202,12:53:57,13.2,50,5500
20240202,12:54:06,13.05,200,5500
20240202,12:54:15,12.9,50,5500
20240202,12:57:11,13.15,50,5650
20240202,12:57:20,13.05,50,5650
20240202,13:03:49,12.75,50,5600
20240202,13:04:24,12.8,50,5600
20240202,13:07:05,12.85,100,5550
20240202,13:08:44,13.1,50,5550
20240202,13:11:40,13.5,50,5600
20240202,13:11:48,13.5,50,5600
20240202,13:13:12,13.85,50,5600
20240202,13:13:20,14.05,50,5600
20240202,13:14:11,14.45,100,5600
20240202,13:14:20,14.5,50,5600
20240202,13:14:38,14.9,50,5600
20240202,13:15:40,16.0,250,5650
20240202,13:17:16,14.85,150,5650
20240202,13:20:23,14.95,50,5550
20240202,13:21:29,15.3,50,5550
20240202,13:24:10,16.0,50,5550
20240202,13:24:17,16.15,50,5550
20240202,13:24:55,16.65,450,5550
20240202,13:25:12,16.8,100,5550
20240202,13:25:42,17.0,300,5550
20240202,13:26:01,17.95,150,5550
20240202,13:26:11,17.15,50,5550
20240202,13:26:20,17.25,100,5550
20240202,13:26:28,16.85,500,5550
20240202,13:27:18,16.9,100,5200
20240202,13:28:49,16.1,50,5200
20240202,13:30:03,16.1,50,5250
20240202,13:30:26,16.25,50,5250
20240202,13:31:06,16.6,300,5250
20240202,13:31:36,16.75,50,5250
20240202,13:31:44,17.35,100,5250
20240202,13:33:26,17.35,50,5200
20240202,13:36:08,15.85,50,5200
20240202,13:37:06,16.1,50,5200
20240202,13:38:09,15.3,50,5200
20240202,13:39:05,15.2,50,5150
20240202,13:41:10,14.7,50,5150
20240202,13:49:05,14.7,250,5150
20240202,13:50:27,15.15,50,5150
20240202,13:52:55,14.8,100,5400
20240202,13:54:54,13.95,500,5450
20240202,13:55:23,13.7,250,5450
20240202,13:55:30,13.95,50,5450
20240202,13:59:11,13.6,50,4900
20240202,14:02:24,13.6,550,4900
20240202,14:03:06,13.9,500,5450
20240202,14:03:38,13.75,150,5450
20240202,14:04:06,13.6,50,5450
20240202,14:04:59,13.75,50,5450
20240202,14:05:50,13.0,50,5450
20240202,14:05:57,13.2,500,6100
20240202,14:06:05,12.8,50,6100
20240202,14:06:13,13.05,50,6100
20240202,14:06:36,13.35,500,6100
20240202,14:08:02,12.85,500,6100
20240202,14:08:58,12.85,50,6100
20240202,14:10:21,12.6,50,7300
20240202,14:10:39,12.8,100,7300
20240202,14:11:04,12.9,50,7300
20240202,14:11:54,13.2,50,7300
20240202,14:12:02,13.2,950,7300
20240202,14:14:16,13.45,50,7300
20240202,14:14:32,13.25,100,7300
20240202,14:14:56,13.25,250,7300
20240202,14:15:05,13.3,50,8200
20240202,14:20:01,13.85,150,8250
20240202,14:20:08,13.8,400,8250
20240202,14:20:21,13.85,50,8250
20240202,14:21:01,14.0,50,8700
20240202,14:21:15,13.55,300,8700
20240202,14:21:21,13.55,200,8700
20240202,14:24:08,13.65,200,8800
20240202,14:24:24,13.65,400,8800
20240202,14:26:16,13.1,50,8800
20240202,14:29:45,14.0,50,9100
20240202,14:30:29,14.0,50,9050
20240202,14:31:17,13.35,100,9050
20240202,14:31:51,13.3,150,9050
20240202,14:32:04,13.2,50,9050
20240202,14:32:10,13.45,50,9050
20240202,14:32:51,13.45,50,9050
20240202,14:33:28,13.2,100,8850
20240202,14:34:53,12.9,100,8850
20240202,14:35:11,12.95,50,8850
20240202,14:35:29,13.4,100,8850
20240202,14:42:46,12.4,50,8800
20240202,14:46:08,11.9,50,8800
20240202,14:46:15,11.9,50,8800
20240202,14:46:27,11.9,50,8800
20240202,14:46:41,11.95,50,8800
20240202,14:48:49,12.0,50,8800
20240202,14:52:15,12.6,150,8800
20240202,14:53:43,13.25,50,8800
20240202,14:54:11,13.15,300,8800
20240202,14:54:19,13.3,100,8800
20240202,14:54:50,13.6,50,8800
20240202,14:55:29,13.8,50,8800
20240202,14:56:23,13.5,500,8800
20240202,14:56:42,13.9,50,8800
20240202,14:57:02,14.25,50,8800
20240202,14:57:11,14.55,100,8850
20240202,14:58:07,15.0,250,8850
20240202,14:58:16,15.0,150,8850
20240202,14:58:26,15.0,1050,8850
20240202,14:59:48,14.85,150,8850
20240202,15:00:56,13.4,50,8850
20240202,15:02:29,13.85,1800,8850
20240202,15:03:25,14.65,50,9850
20240202,15:04:30,14.5,50,9850
20240202,15:04:47,14.3,50,9850
20240202,15:07:08,12.95,50,9850
20240202,15:07:27,13.15,50,9850
20240202,15:08:12,12.95,50,9850
20240202,15:08:22,13.15,50,9850
20240202,15:11:14,13.15,50,9750
20240202,15:11:22,12.8,150,9750
20240202,15:12:24,13.1,50,9650
20240202,15:12:32,13.15,50,9650
20240202,15:13:25,13.5,50,9650
20240202,15:14:00,13.6,50,9650
20240202,15:14:26,13.35,50,9650
20240202,15:14:35,13.6,150,9650
20240202,15:15:21,14.3,50,9600
20240202,15:20:40,13.75,100,9600
20240202,15:20:48,13.7,100,9600
20240202,15:21:13,14.05,50,9650
20240202,15:25:37,14.05,150,9700
20240202,15:26:44,14.05,50,9700
20240202,15:27:25,13.75,50,9650
20240202,15:27:48,13.45,100,9650
20240202,15:27:55,13.65,600,9650
20240202,15:28:44,13.55,50,9650
20240202,15:29:34,10.75,50,9650
20240205,09:15:58,15.05,1,9150
20240205,09:15:58,15.0,150,9150
20240205,09:16:07,14.3,150,9150
20240205,09:16:17,14.3,50,9150
20240205,09:17:21,14.75,350,9150
20240205,09:17:47,15.2,450,9150
20240205,09:18:03,15.2,50,9150
20240205,09:18:11,15.5,50,9150
20240205,09:18:19,15.5,50,9150
20240205,09:18:44,15.5,350,9150
20240205,09:19:00,16.0,500,9150
20240205,09:19:17,16.1,400,9250
20240205,09:19:26,16.0,100,9250
20240205,09:19:49,16.35,100,9250
20240205,09:20:04,16.35,150,9250
20240205,09:20:12,15.6,50,9250
20240205,09:20:20,15.65,200,9250
20240205,09:20:28,15.45,350,9250
20240205,09:20:36,15.55,200,9250
20240205,09:20:44,15.3,700,9250
20240205,09:20:52,15.45,900,9250
20240205,09:21:08,15.35,50,9250
20240205,09:21:17,15.2,100,9250
20240205,09:21:40,15.65,200,9250
20240205,09:22:02,15.8,50,9250
20240205,09:22:10,15.7,150,9250
20240205,09:22:17,15.75,50,10500
20240205,09:22:24,15.9,50,10500
20240205,09:22:39,15.7,50,10500
20240205,09:22:54,15.75,100,10500
20240205,09:23:08,15.75,250,10500
20240205,09:23:15,15.45,50,10500
20240205,09:23:23,15.25,100,10500
20240205,09:23:51,14.9,150,10500
20240205,09:24:06,14.85,100,10500
20240205,09:24:28,14.9,100,10500
20240205,09:25:07,14.45,50,10500
20240205,09:25:45,14.25,50,11000
20240205,09:26:01,14.0,50,11000
20240205,09:26:11,13.8,200,11000
20240205,09:26:26,13.4,100,11000
20240205,09:26:59,13.3,200,11000
20240205,09:27:56,13.3,50,11000
20240205,09:29:10,14.05,50,11300
20240205,09:29:49,13.65,50,11300
20240205,09:30:07,13.65,50,11300
20240205,09:30:22,13.9,400,11300
20240205,09:30:37,14.3,50,11300
20240205,09:30:59,14.35,200,11300
20240205,09:31:14,14.45,50,11400
20240205,09:31:21,14.3,150,11400
20240205,09:33:05,14.3,100,11400
20240205,09:37:49,13.85,50,11450
20240205,09:38:39,13.65,500,11450
20240205,09:39:01,13.2,600,11450
20240205,09:39:46,13.4,100,11450
20240205,09:40:26,13.15,250,11650
20240205,09:40:34,13.2,500,11650
20240205,09:40:41,13.25,100,11650
20240205,09:40:56,13.2,250,11650
20240205,09:41:03,13.25,250,11650
20240205,09:41:12,13.1,300,11650
20240205,09:41:19,13.25,250,11650
20240205,09:41:27,13.3,50,11650
20240205,09:41:50,13.45,50,11650
20240205,09:41:57,13.6,100,11650
20240205,09:42:05,13.5,150,11650
20240205,09:44:38,13.7,100,13300
20240205,09:45:06,13.65,50,13300
20240205,09:46:02,13.45,700,13300
20240205,09:48:00,13.3,50,13550
20240205,09:48:37,13.0,250,13550
20240205,09:48:53,13.0,200,13550
20240205,09:49:00,12.8,50,13550
20240205,09:49:59,12.8,50,13850
20240205,09:50:29,12.7,150,13850
20240205,09:51:06,12.7,50,13850
20240205,09:51:24,12.75,50,13850
20240205,09:52:33,12.65,50,13850
20240205,09:53:32,12.45,50,13850
20240205,09:53:48,12.45,700,13850
20240205,09:53:56,12.7,150,13850
20240205,09:54:03,12.8,50,13850
20240205,09:54:10,12.7,50,13850
20240205,09:54:17,12.75,50,13850
20240205,09:54:38,12.85,500,13850
20240205,09:55:35,12.85,50,14300
20240205,09:55:42,12.85,250,14300
20240205,09:56:17,12.65,50,14300
20240205,09:58:35,12.8,50,14300
20240205,09:58:42,12.7,50,14300
20240205,09:58:55,12.6,50,14300
20240205,10:00:33,12.75,50,14300
20240205,10:01:30,12.75,50,14400
20240205,10:01:37,12.7,200,14400
20240205,10:02:18,12.55,150,14400
20240205,10:02:39,12.7,50,14400
20240205,10:03:07,12.75,150,14400
20240205,10:03:13,12.8,50,14400
20240205,10:03:36,12.9,50,14400
20240205,10:03:42,12.9,100,14400
20240205,10:05:10,13.2,200,14550
20240205,10:05:39,12.9,50,14550
20240205,10:05:50,12.8,100,14550
20240205,10:05:59,12.7,150,14550
20240205,10:06:09,12.7,100,14550
20240205,10:06:20,13.0,150,14550
20240205,10:06:40,13.0,50,14550
20240205,10:09:50,12.7,50,14650
20240205,10:13:15,12.6,50,14700
20240205,10:13:42,12.7,50,14650
20240205,10:14:30,12.45,50,14650
20240205,10:14:39,12.55,50,14650
20240205,10:15:16,12.65,100,14650
20240205,10:15:25,12.6,100,14650
20240205,10:15:33,12.5,50,14650
20240205,10:15:43,12.75,400,14650
20240205,10:16:22,12.6,50,14850
20240205,10:16:42,12.7,50,14850
20240205,10:17:01,12.7,1200,14850
20240205,10:17:10,12.95,350,14850
20240205,10:17:30,13.25,400,14850
20240205,10:17:41,13.25,200,14850
20240205,10:17:51,13.4,100,14850
20240205,10:18:01,13.5,50,14850
20240205,10:18:12,13.55,100,14850
20240205,10:18:32,14.1,50,14850
20240205,10:19:03,14.35,300,14850
20240205,10:19:14,14.15,150,14850
20240205,10:19:34,14.5,200,15850
20240205,10:19:54,14.5,200,15850
20240205,10:20:24,14.25,250,15850
20240205,10:20:34,14.25,450,15850
20240205,10:20:44,13.8,1000,15850
20240205,10:20:54,13.6,200,15850
20240205,10:21:04,14.0,150,15850
20240205,10:21:13,14.5,350,15850
20240205,10:21:23,14.9,50,15850
20240205,10:22:02,14.4,100,15850
20240205,10:22:11,14.0,100,15850
20240205,10:22:21,13.8,100,15850
20240205,10:22:30,14.1,1150,16600
20240205,10:22:39,14.1,150,16600
20240205,10:22:48,14.05,150,16600
20240205,10:22:57,13.8,100,16600
20240205,10:23:52,14.15,100,16600
20240205,10:24:01,13.85,50,16600
20240205,10:24:10,13.75,150,16600
20240205,10:24:20,13.7,150,16600
20240205,10:24:39,13.65,50,16600
20240205,10:24:48,13.2,50,16600
20240205,10:25:07,13.0,900,16600
20240205,10:25:16,13.2,300,16600
20240205,10:25:25,13.25,300,16600
20240205,10:26:09,12.9,100,17250
20240205,10:26:52,13.2,50,17250
20240205,10:27:09,12.9,50,17250
20240205,10:27:36,13.15,50,17250
20240205,10:29:50,13.15,50,17300
20240205,10:29:58,13.0,50,17300
20240205,10:30:07,13.05,100,17300
20240205,10:30:17,12.95,100,17300
20240205,10:31:12,13.55,50,17300
20240205,10:31:36,14.0,50,17450
20240205,10:32:10,14.15,50,17450
20240205,10:32:36,13.85,100,17450
20240205,10:32:44,13.85,450,17450
20240205,10:32:53,14.1,750,17450
20240205,10:33:34,14.1,50,17450
20240205,10:36:24,14.0,200,17150
20240205,10:37:04,13.55,19300,17150
20240205,10:37:13,13.45,150,17150
20240205,10:38:03,13.3,100,26750
20240205,10:38:20,13.15,50,26750
20240205,10:39:10,12.95,50,26750
20240205,10:39:18,12.95,50,26750
20240205,10:39:33,13.05,50,26750
20240205,10:39:57,13.2,1600,26750
20240205,10:40:38,13.05,50,28300
20240205,10:40:46,13.05,50,28300
20240205,10:40:54,13.1,150,28300
20240205,10:41:23,13.05,950,28300
20240205,10:41:30,13.1,100,28300
20240205,10:42:25,12.9,50,28300
20240205,10:43:25,12.6,750,28300
20240205,10:44:23,12.15,50,28300
20240205,10:44:45,12.1,50,28300
20240205,10:45:21,12.1,200,28300
20240205,10:45:29,12.05,50,28300
20240205,10:46:22,12.0,150,28300
20240205,10:46:30,12.2,100,28750
20240205,10:47:05,12.25,100,28750
20240205,10:47:14,12.35,50,28750
20240205,10:47:22,12.35,50,28750
20240205,10:47:38,12.3,100,28750
20240205,10:48:01,12.45,100,28750
20240205,10:48:52,12.65,50,28750
20240205,10:49:00,12.55,350,28750
20240205,10:49:07,12.55,250,28750
20240205,10:50:08,12.65,50,28100
20240205,10:50:15,12.55,100,28100
20240205,10:50:22,12.4,50,28100
20240205,10:50:29,12.4,50,28100
20240205,10:51:28,12.8,250,28100
20240205,10:51:35,12.95,50,28100
20240205,10:51:50,13.05,150,28100
20240205,10:52:05,13.2,450,28100
20240205,10:52:19,13.05,1950,28100
20240205,10:52:27,13.05,50,25800
20240205,10:52:34,13.1,200,25800
20240205,10:52:42,13.2,1800,25800
20240205,10:52:58,13.05,300,25800
20240205,10:53:06,12.9,50,25800
20240205,10:53:43,12.6,100,25800
20240205,10:53:51,12.5,200,25800
20240205,10:54:13,12.6,50,25800
20240205,10:54:33,12.7,50,25800
20240205,10:55:24,12.35,50,25800
20240205,10:55:42,12.4,50,24200
20240205,10:59:47,12.4,50,24200
20240205,11:00:00,12.6,100,24200
20240205,11:01:50,12.2,50,24200
20240205,11:02:02,12.3,50,24200
20240205,11:02:32,12.35,50,24200
20240205,11:07:59,12.4,50,24300
20240205,11:08:26,12.45,50,24300
20240205,11:08:31,12.4,50,24300
20240205,11:08:37,12.55,50,24300
20240205,11:08:56,12.7,50,24300
20240205,11:09:03,12.75,50,24300
20240205,11:09:09,12.75,50,24300
20240205,11:09:15,12.65,50,24300
20240205,11:09:21,12.7,1300,24300
20240205,11:09:45,12.85,50,24300
20240205,11:10:07,12.8,50,24300
20240205,11:10:12,12.8,100,24300
20240205,11:10:17,12.8,50,24300
20240205,11:10:22,12.75,50,24300
20240205,11:10:28,12.85,50,24300
20240205,11:10:39,12.7,300,24200
20240205,11:10:44,12.7,50,24200
20240205,11:10:49,12.65,50,24200
20240205,11:11:00,12.55,50,24200
20240205,11:11:05,12.5,50,24200
20240205,11:11:11,12.5,50,24200
20240205,11:11:17,12.5,50,24200
20240205,11:11:23,12.5,250,24200
20240205,11:11:27,12.45,700,24200
20240205,11:12:02,12.35,50,24200
20240205,11:13:11,12.2,50,24200
20240205,11:13:25,12.0,50,24200
20240205,11:13:37,11.95,50,24100
20240205,11:14:18,11.95,50,24100
20240205,11:14:44,12.15,850,24100
20240205,11:16:17,11.95,800,24100
20240205,11:16:52,11.9,100,23350
20240205,11:17:20,11.85,50,23350
20240205,11:17:48,11.85,50,23350
20240205,11:19:26,11.85,50,23350
20240205,11:20:00,12.05,1500,23400
20240205,11:21:01,11.9,650,23400
20240205,11:21:28,11.95,50,23400
20240205,11:22:08,12.05,100,23400
20240205,11:22:26,12.05,50,23400
20240205,11:23:41,12.15,50,22700
20240205,11:24:47,12.0,100,22700
20240205,11:25:03,12.05,200,22700
20240205,11:25:40,12.25,50,22650
20240205,11:26:59,12.15,50,22650
20240205,11:27:34,12.4,100,22650
20240205,11:27:46,12.4,100,22650
20240205,11:29:23,12.0,50,22650
20240205,11:29:38,12.05,50,22650
20240205,11:30:02,12.05,200,22650
20240205,11:33:12,11.9,1200,22450
20240205,11:35:48,11.75,50,21400
20240205,11:35:54,11.75,50,21400
20240205,11:36:02,11.6,50,21400
20240205,11:36:43,11.6,100,21400
20240205,11:37:07,11.6,50,21400
20240205,11:37:49,11.45,50,21250
20240205,11:37:57,11.45,100,21250
20240205,11:38:30,11.3,100,21250
20240205,11:39:12,11.3,50,21250
20240205,11:39:26,11.2,50,21250
20240205,11:40:28,11.2,50,21250
20240205,11:41:49,11.2,50,21100
20240205,11:41:54,11.45,50,21100
20240205,11:42:04,11.4,650,21100
20240205,11:42:19,11.45,150,21100
20240205,11:47:29,11.95,200,20500
20240205,11:48:58,11.75,50,20500
20240205,11:55:10,11.4,250,20350
20240205,11:59:50,11.05,50,20250
20240205,12:01:52,11.05,200,20250
20240205,12:02:29,11.55,100,20250
20240205,12:04:10,11.7,50,20250
20240205,12:06:08,11.85,50,20300
20240205,12:06:18,12.0,50,20300
20240205,12:06:27,12.15,2400,20300
20240205,12:06:47,12.05,50,20300
20240205,12:07:25,12.0,100,20300
20240205,12:07:37,12.05,50,18400
20240205,12:08:28,12.1,2400,18400
20240205,12:08:33,12.2,100,18400
20240205,12:08:56,12.45,4100,18400
20240205,12:09:02,12.15,50,18400
20240205,12:09:20,12.2,50,18400
20240205,12:09:32,12.35,100,18400
20240205,12:09:39,12.2,150,18400
20240205,12:10:17,11.85,50,18400
20240205,12:10:23,11.95,50,18400
20240205,12:10:52,12.1,50,18200
20240205,12:13:11,11.3,50,18200
20240205,12:15:22,11.0,100,18200
20240205,12:15:27,11.0,50,18200
20240205,12:15:32,11.0,50,18200
20240205,12:16:22,11.0,50,18200
20240205,12:19:07,10.85,50,18400
20240205,12:20:03,10.85,100,18400
20240205,12:20:17,10.8,50,18400
20240205,12:20:25,10.8,50,18400
20240205,12:20:33,10.8,50,18400
20240205,12:21:14,11.0,50,18400
20240205,12:21:35,10.95,50,18400
20240205,12:22:08,10.8,100,18400
20240205,12:22:34,10.9,200,18400
20240205,12:22:49,11.0,150,18650
20240205,12:24:14,11.1,50,18650
20240205,12:25:22,11.2,50,18650
20240205,12:26:28,11.55,100,18750
20240205,12:27:58,11.4,50,18750
20240205,12:33:30,11.9,100,18550
20240205,12:33:57,12.05,300,18550
20240205,12:34:11,12.0,3250,18550
20240205,12:34:15,11.85,50,18550
20240205,12:34:29,11.95,750,18550
20240205,12:34:38,11.85,150,19000
20240205,12:34:53,11.85,50,19000
20240205,12:35:02,11.85,200,19000
20240205,12:35:06,11.8,50,19000
20240205,12:35:16,11.8,100,19000
20240205,12:35:20,11.85,100,19000
20240205,12:35:25,11.8,300,19000
20240205,12:35:45,11.55,50,19000
20240205,12:37:13,11.3,150,19000
20240205,12:37:28,11.4,50,19000
20240205,12:37:41,11.5,150,18750
20240205,12:38:26,11.35,50,18750
20240205,12:38:35,11.2,50,18750
20240205,12:38:39,11.25,50,18750
20240205,12:39:03,11.3,50,18750
20240205,12:39:10,11.3,1100,18750
20240205,12:39:14,11.45,50,18750
20240205,12:39:23,11.45,100,18750
20240205,12:39:30,11.45,100,18750
20240205,12:39:38,11.55,50,18750
20240205,12:40:01,11.55,50,18750
20240205,12:40:31,11.65,50,18750
20240205,12:40:55,11.4,200,18750
20240205,12:41:03,11.35,50,18750
20240205,12:41:07,11.4,50,18750
20240205,12:41:20,11.35,50,18750
20240205,12:41:24,11.35,50,18750
20240205,12:41:29,11.35,50,18750
20240205,12:44:37,11.05,50,18850
20240205,12:45:24,11.1,50,18850
20240205,12:45:42,11.1,50,18850
20240205,12:45:56,11.05,50,18850
20240205,12:46:41,11.35,50,18850
20240205,12:49:03,11.05,50,19550
20240205,12:52:26,11.0,50,18750
20240205,12:55:49,11.05,100,18650
20240205,12:56:05,11.15,200,18650
20240205,12:56:19,11.05,100,18650
20240205,12:56:37,10.95,50,18650
20240205,12:57:05,11.05,50,18650
20240205,12:58:23,10.9,100,18650
20240205,13:01:00,10.9,50,18750
20240205,13:01:41,10.75,100,18750
20240205,13:03:42,10.75,250,18750
20240205,13:03:59,10.9,50,18650
20240205,13:04:18,11.1,50,18650
20240205,13:04:30,11.1,50,18650
20240205,13:05:00,10.85,250,18950
20240205,13:07:00,10.45,50,18950
20240205,13:07:07,10.35,50,18950
20240205,13:07:23,10.35,50,18950
20240205,13:07:33,10.4,50,18950
20240205,13:09:16,9.95,150,19250
20240205,13:12:24,10.4,50,19200
20240205,13:13:42,10.65,1850,19200
20240205,13:13:58,10.55,50,20000
20240205,13:14:11,10.55,100,20000
20240205,13:14:14,10.55,50,20000
20240205,13:14:22,10.55,100,20000
20240205,13:14:35,10.65,50,20000
20240205,13:14:39,10.65,50,20000
20240205,13:14:43,10.65,50,20000
20240205,13:15:20,10.5,100,20000
20240205,13:15:24,10.55,50,20000
20240205,13:16:33,10.5,50,20000
20240205,13:16:57,10.55,50,19950
20240205,13:17:09,10.55,50,19950
20240205,13:17:19,10.55,50,19950
20240205,13:17:27,10.6,250,19950
20240205,13:17:44,10.6,50,19950
20240205,13:19:14,10.4,100,19950
20240205,13:21:49,10.4,550,20100
20240205,13:21:57,10.35,50,20100
20240205,13:24:22,10.45,50,20550
20240205,13:25:09,10.75,50,20550
20240205,13:25:44,10.7,50,20550
20240205,13:26:13,10.85,100,19800
20240205,13:26:52,10.8,50,19800
20240205,13:27:03,10.75,50,19800
20240205,13:28:28,10.95,50,19800
20240205,13:29:48,11.05,50,19850
20240205,13:29:54,11.2,50,19850
20240205,13:30:01,11.15,50,19850
20240205,13:33:59,10.5,50,19750
20240205,13:34:24,10.3,550,19750
20240205,13:34:31,10.5,50,19750
20240205,13:35:19,10.45,50,19450
20240205,13:35:31,10.5,200,19450
20240205,13:36:49,10.2,850,19450
20240205,13:36:54,10.2,150,19450
20240205,13:36:59,10.3,150,19450
20240205,13:37:04,10.2,250,19450
20240205,13:37:09,10.15,2200,19450
20240205,13:37:13,10.2,100,19450
20240205,13:37:17,10.2,50,19450
20240205,13:37:21,10.2,100,19450
20240205,13:37:36,10.2,50,19450
20240205,13:38:36,10.65,50,20950
20240205,13:38:40,10.45,50,20950
20240205,13:39:08,10.45,100,20950
20240205,13:40:26,10.8,100,20950
20240205,13:40:56,10.65,100,20750
20240205,13:41:26,10.65,50,20750
20240205,13:41:30,10.55,50,20750
20240205,13:44:12,10.75,100,20650
20240205,13:46:56,10.65,50,20450
20240205,13:48:57,10.35,50,20450
20240205,13:50:01,10.2,50,20450
20240205,13:50:35,10.15,250,20500
20240205,13:51:12,10.05,50,20500
20240205,13:51:19,10.0,350,20500
20240205,13:51:21,9.9,200,20500
20240205,13:51:24,10.05,300,20500
20240205,13:51:36,9.95,100,20500
20240205,13:51:41,10.05,50,20500
20240205,13:52:00,10.05,50,20500
20240205,13:52:03,10.1,50,20500
20240205,13:54:20,9.75,350,21150
20240205,13:54:23,9.85,50,21150
20240205,13:54:49,9.85,50,21150
20240205,13:55:07,9.9,50,21150
20240205,13:56:12,9.95,400,21450
20240205,13:56:46,9.85,50,21450
20240205,13:56:55,9.9,200,21450
20240205,13:56:58,10.0,50,21450
20240205,13:57:02,10.05,100,21450
20240205,13:57:06,10.05,100,21450
20240205,13:57:08,10.0,500,21450
20240205,13:57:22,10.05,50,21450
20240205,13:57:47,10.15,50,21450
20240205,13:57:50,10.15,50,21450
20240205,13:58:07,10.1,50,21450
20240205,13:58:57,9.8,2500,22400
20240205,13:59:05,9.95,50,22400
20240205,13:59:13,9.95,50,22400
20240205,13:59:20,9.9,200,22400
20240205,13:59:32,10.0,100,22400
20240205,14:03:32,10.25,100,23650
20240205,14:03:36,10.25,50,23650
20240205,14:03:48,10.2,50,23650
20240205,14:04:21,10.25,50,23650
20240205,14:04:25,10.25,50,23650
20240205,14:04:54,10.35,50,23650
20240205,14:04:57,10.25,150,23650
20240205,14:05:34,10.2,50,23650
20240205,14:07:19,10.65,50,23650
20240205,14:07:52,10.55,100,23650
20240205,14:08:00,10.65,50,23650
20240205,14:08:32,10.85,100,23650
20240205,14:08:45,10.95,50,23650
20240205,14:09:19,11.05,50,23650
20240205,14:09:37,11.2,50,23650
20240205,14:10:16,11.2,100,23650
20240205,14:10:22,11.25,50,23650
20240205,14:10:48,11.65,450,23650
20240205,14:11:11,11.9,50,23550
20240205,14:11:18,12.0,50,23550
20240205,14:11:24,11.95,100,23550
20240205,14:11:38,11.95,100,23550
20240205,14:12:16,11.3,50,23550
20240205,14:13:07,11.15,100,23550
20240205,14:14:28,10.45,200,23550
20240205,14:15:04,10.35,50,23550
20240205,14:15:06,10.45,50,23550
20240205,14:15:17,10.45,50,23550
20240205,14:16:20,10.35,50,23550
20240205,14:16:43,10.35,50,23550
20240205,14:16:58,10.25,50,23550
20240205,14:17:41,10.15,100,23550
20240205,14:17:46,10.2,50,23550
20240205,14:17:50,10.1,100,23550
20240205,14:19:40,10.0,50,23550
20240205,14:19:44,10.1,50,23550
20240205,14:19:54,10.1,100,23550
20240205,14:21:38,10.7,50,23550
20240205,14:21:44,10.7,50,23550
20240205,14:22:02,10.8,150,23550
20240205,14:22:25,10.85,50,23550
20240205,14:23:28,10.75,50,23450
20240205,14:23:43,10.75,150,23450
20240205,14:25:06,11.05,100,23450
20240205,14:25:12,11.45,2400,23450
20240205,14:26:05,11.5,150,23350
20240205,14:26:23,11.65,50,23350
20240205,14:26:30,11.75,50,23350
20240205,14:26:35,11.7,2100,23350
20240205,14:26:53,11.7,50,23350
20240205,14:27:07,11.9,50,23350
20240205,14:27:52,11.85,50,23350
20240205,14:28:36,11.65,50,23350
20240205,14:29:33,11.5,50,23350
20240205,14:31:10,11.1,50,23350
20240205,14:31:40,11.6,100,23350
20240205,14:31:46,11.55,50,23350
20240205,14:31:53,11.75,50,23350
20240205,14:32:08,11.75,50,23350
20240205,14:32:35,12.0,50,23350
20240205,14:32:44,12.0,100,23350
20240205,14:33:28,12.1,200,23350
20240205,14:33:36,11.65,300,23350
20240205,14:33:52,11.95,500,23350
20240205,14:34:18,12.05,100,23350
20240205,14:34:27,12.05,50,23350
20240205,14:34:44,12.15,100,23350
20240205,14:34:53,12.2,50,23350
20240205,14:35:01,12.2,100,23550
20240205,14:35:10,12.1,50,23550
20240205,14:35:26,11.9,50,23550
20240205,14:35:52,12.8,600,23550
20240205,14:36:10,12.65,50,23550
20240205,14:36:38,12.95,150,23550
20240205,14:36:48,12.7,100,23550
20240205,14:37:18,12.75,50,23550
20240205,14:37:27,12.6,150,23550
20240205,14:37:45,12.85,50,23550
20240205,14:38:13,12.65,100,23650
20240205,14:38:39,12.9,50,23650
20240205,14:38:58,13.55,750,23650
20240205,14:39:08,13.4,500,23650
20240205,14:39:17,13.05,250,23650
20240205,14:39:27,13.25,50,23650
20240205,14:39:35,13.25,150,23650
20240205,14:40:11,13.35,50,23650
20240205,14:40:20,13.0,100,23650
20240205,14:40:29,13.3,350,23650
20240205,14:41:04,13.15,50,23400
20240205,14:41:12,13.15,50,23400
20240205,14:41:30,12.75,100,23400
20240205,14:41:39,13.05,50,23400
20240205,14:41:47,13.15,50,23400
20240205,14:41:56,13.0,100,23400
20240205,14:42:15,13.45,300,23400
20240205,14:42:25,13.45,1150,23400
20240205,14:42:37,14.15,450,23400
20240205,14:42:49,14.2,250,23400
20240205,14:43:00,14.6,400,23400
20240205,14:43:09,14.9,1500,23400
20240205,14:43:20,15.6,600,23400
20240205,14:43:29,16.2,650,23400
20240205,14:43:40,16.3,950,23400
20240205,14:43:50,16.0,600,23400
20240205,14:44:00,16.05,500,22550
20240205,14:44:02,16.2,100,22550
20240205,14:44:11,16.45,150,22550
20240205,14:44:12,16.6,300,22550
20240205,14:44:14,16.55,150,22550
20240205,14:44:16,16.4,50,22550
20240205,14:44:17,15.75,50,22550
20240205,14:44:19,15.75,400,22550
20240205,14:44:21,15.55,50,22550
20240205,14:44:24,15.55,250,22550
20240205,14:44:26,15.6,150,22550
20240205,14:44:32,15.1,400,22550
20240205,14:44:34,14.8,100,22550
20240205,14:44:37,14.45,200,22550
20240205,14:44:39,14.5,150,22550
20240205,14:44:41,14.45,150,22550
20240205,14:44:44,14.6,100,22550
20240205,14:44:46,14.55,50,22550
20240205,14:44:47,14.45,200,22550
20240205,14:44:49,14.5,150,22550
20240205,14:44:51,14.4,200,22550
20240205,14:44:52,14.6,200,22550
20240205,14:45:01,15.3,200,22550
20240205,14:45:04,15.4,50,22550
20240205,14:45:06,15.7,100,22550
20240205,14:45:07,15.95,100,22550
20240205,14:45:09,16.15,100,22550
20240205,14:45:11,16.35,100,22550
20240205,14:45:12,16.6,200,22550
20240205,14:45:14,16.7,250,22550
20240205,14:45:17,16.85,1250,22550
20240205,14:45:19,17.0,50,22550
20240205,14:45:22,17.1,50,22550
20240205,14:45:26,17.1,150,22550
20240205,14:45:28,17.1,100,22550
20240205,14:45:29,17.1,100,22550
20240205,14:45:31,17.2,50,22550
20240205,14:45:38,17.4,100,22550
20240205,14:45:39,17.4,200,22550
20240205,14:45:41,17.65,1100,22550
20240205,14:45:43,17.55,50,22550
20240205,14:45:44,17.7,50,22550
20240205,14:45:46,17.7,100,22550
20240205,14:45:51,17.9,100,22550
20240205,14:45:53,17.95,100,22550
20240205,14:45:54,17.95,50,22550
20240205,14:45:56,18.0,250,22550
20240205,14:45:59,18.25,200,22550
20240205,14:46:02,18.25,100,22550
20240205,14:46:04,17.7,50,22550
20240205,14:46:06,17.1,700,22550
20240205,14:46:07,17.0,150,22550
20240205,14:46:09,17.1,50,22550
20240205,14:46:11,17.4,100,22550
20240205,14:46:12,17.5,100,22550
20240205,14:46:17,16.75,900,22550
20240205,14:46:19,16.55,550,22550
20240205,14:46:21,16.5,150,22550
20240205,14:46:22,16.45,100,22550
20240205,14:46:24,16.6,50,22550
20240205,14:46:26,16.7,50,22550
20240205,14:46:27,16.75,50,22550
20240205,14:46:41,16.5,200,22550
20240205,14:46:42,16.6,100,22550
20240205,14:46:46,16.5,100,22550
20240205,14:46:56,16.65,100,22550
20240205,14:47:01,17.0,100,20150
20240205,14:47:04,17.2,50,20150
20240205,14:47:05,17.05,100,20150
20240205,14:47:24,15.5,50,20150
20240205,14:47:27,15.25,100,20150
20240205,14:47:29,15.25,200,20150
20240205,14:47:30,15.3,150,20150
20240205,14:47:32,15.45,50,20150
20240205,14:47:44,15.0,200,20150
20240205,14:47:45,15.05,100,20150
20240205,14:47:47,15.1,50,20150
20240205,14:47:51,15.05,50,20150
20240205,14:47:54,15.0,100,20150
20240205,14:47:56,15.0,50,20150
20240205,14:47:57,15.0,50,20150
20240205,14:47:59,14.55,300,20150
20240205,14:48:01,14.45,50,20150
20240205,14:48:04,14.05,50,20150
20240205,14:48:06,14.0,100,20150
20240205,14:48:07,13.7,350,20150
20240205,14:48:09,13.75,50,20150
20240205,14:48:11,13.75,250,20150
20240205,14:48:14,13.8,50,20150
20240205,14:48:16,13.8,50,20150
20240205,14:48:17,13.75,50,20150
20240205,14:48:21,13.65,100,20150
20240205,14:48:26,13.8,100,20150
20240205,14:48:29,13.75,50,20150
20240205,14:48:37,13.7,50,20150
20240205,14:48:39,13.9,50,20150
20240205,14:48:42,14.0,500,20150
20240205,14:48:49,14.2,100,20150
20240205,14:48:51,14.35,400,20150
20240205,14:48:52,14.4,50,20150
20240205,14:48:54,14.65,100,20150
20240205,14:48:59,15.0,50,20150
20240205,14:49:01,14.9,50,20150
20240205,14:49:03,14.8,200,20150
20240205,14:49:12,14.95,600,20150
20240205,14:49:23,14.7,300,20150
20240205,14:49:33,14.7,500,20150
20240205,14:49:43,14.75,400,20150
20240205,14:49:53,14.9,50,20150
20240205,14:50:03,14.95,50,20150
20240205,14:50:22,14.65,650,19450
20240205,14:50:32,15.05,100,19450
20240205,14:50:42,15.5,150,19450
20240205,14:50:53,15.65,50,19450
20240205,14:51:02,16.15,400,19450
20240205,14:51:04,16.0,50,19450
20240205,14:51:06,15.85,50,19450
20240205,14:51:07,16.0,100,19450
20240205,14:51:11,16.35,200,19450
20240205,14:51:19,16.55,100,19450
20240205,14:51:21,16.6,50,19450
20240205,14:51:22,16.5,150,19450
20240205,14:51:24,16.55,150,19450
20240205,14:51:34,16.45,100,19450
20240205,14:51:37,16.85,50,19450
20240205,14:51:39,16.85,50,19450
20240205,14:51:42,16.7,500,19450
20240205,14:51:46,16.75,150,19450
20240205,14:51:49,16.55,50,19450
20240205,14:51:51,16.35,50,19450
20240205,14:52:07,16.1,150,19450
20240205,14:52:09,16.3,100,19450
20240205,14:52:12,16.3,100,19450
20240205,14:52:22,16.3,100,19450
20240205,14:52:24,16.15,100,19450
20240205,14:52:28,15.75,50,19450
20240205,14:52:31,15.7,150,19450
20240205,14:52:33,15.8,100,19450
20240205,14:52:34,15.65,100,19450
20240205,14:52:44,15.05,100,19450
20240205,14:52:48,15.1,150,19450
20240205,14:52:53,15.35,100,19450
20240205,14:52:54,15.4,50,19450
20240205,14:52:59,15.8,150,19250
20240205,14:53:01,15.8,50,19250
20240205,14:53:04,15.95,100,19250
20240205,14:53:06,15.85,50,19250
20240205,14:53:09,16.05,50,19250
20240205,14:53:11,16.05,150,19250
20240205,14:53:17,16.05,50,19250
20240205,14:53:36,15.15,50,19250
20240205,14:53:41,15.2,50,19250
20240205,14:53:42,15.4,250,19250
20240205,14:53:44,15.3,50,19250
20240205,14:53:52,15.55,250,19250
20240205,14:53:54,15.55,50,19250
20240205,14:54:01,15.65,50,19250
20240205,14:54:03,15.7,50,19250
20240205,14:54:11,15.3,50,19250
20240205,14:54:14,15.4,100,19250
20240205,14:54:21,15.25,50,19250
20240205,14:54:29,15.05,100,19250
20240205,14:54:31,14.9,50,19250
20240205,14:54:38,14.85,100,19250
20240205,14:54:39,14.85,150,19250
20240205,14:54:46,15.0,1200,19250
20240205,14:54:51,15.05,300,19250
20240205,14:54:58,14.9,50,19250
20240205,14:55:01,15.0,100,19250
20240205,14:55:03,15.0,50,19250
20240205,14:55:08,14.75,100,19250
20240205,14:55:14,15.05,50,19250
20240205,14:55:23,15.3,50,19250
20240205,14:55:24,15.25,350,19250
20240205,14:55:28,15.4,50,19250
20240205,14:55:48,15.75,50,19250
20240205,14:55:49,15.55,100,19250
20240205,14:55:53,15.85,100,19250
20240205,14:56:02,16.3,250,20200
20240205,14:56:04,16.2,50,20200
20240205,14:56:06,16.2,50,20200
20240205,14:56:07,16.25,800,20200
20240205,14:56:09,16.25,350,20200
20240205,14:56:11,16.2,600,20200
20240205,14:56:12,16.3,1200,20200
20240205,14:56:14,16.15,150,20200
20240205,14:56:21,16.45,50,20200
20240205,14:56:22,16.45,200,20200
20240205,14:56:26,16.45,100,20200
20240205,14:56:27,16.4,50,20200
20240205,14:56:37,16.5,200,20200
20240205,14:56:44,16.75,350,20200
20240205,14:56:47,16.7,1000,20200
20240205,14:56:49,16.95,1300,20200
20240205,14:56:54,17.1,50,20200
20240205,14:56:57,17.05,550,20200
20240205,14:57:07,16.7,300,20200
20240205,14:57:09,16.7,50,20200
20240205,14:57:11,16.85,200,20200
20240205,14:57:17,16.55,100,20200
20240205,14:57:19,16.5,200,20200
20240205,14:57:21,16.5,200,20200
20240205,14:57:24,16.85,100,20200
20240205,14:57:27,16.85,50,20200
20240205,14:57:32,16.8,100,20200
20240205,14:57:39,16.65,100,20200
20240205,14:57:42,16.55,50,20200
20240205,14:57:49,16.3,100,20200
20240205,14:57:51,16.3,50,20200
20240205,14:57:54,16.55,50,20200
20240205,14:57:56,16.85,100,20200
20240205,14:58:01,16.9,100,20200
20240205,14:58:12,16.55,200,20200
20240205,14:58:19,16.85,50,20200
20240205,14:58:20,17.1,100,20200
20240205,14:58:22,17.2,200,20200
20240205,14:58:24,17.35,50,20200
20240205,14:58:32,17.35,50,20200
20240205,14:58:37,17.15,100,20200
20240205,14:58:39,17.05,150,20200
20240205,14:58:40,17.1,50,20200
20240205,14:58:42,17.4,50,20200
20240205,14:58:45,17.25,50,20200
20240205,14:58:49,17.15,50,20200
20240205,14:58:52,17.3,250,20200
20240205,14:58:56,17.3,200,20200
20240205,14:58:57,17.45,50,20200
20240205,14:59:02,17.2,100,16050
20240205,14:59:07,17.1,150,16050
20240205,14:59:11,16.9,50,16050
20240205,14:59:16,16.7,100,16050
20240205,14:59:22,16.95,200,16050
20240205,14:59:27,17.25,50,16050
20240205,14:59:31,17.2,50,16050
20240205,14:59:32,17.0,250,16050
20240205,15:00:05,17.35,50,16050
20240205,15:00:07,17.3,100,16050
20240205,15:00:17,16.65,200,16050
20240205,15:00:19,16.65,250,16050
20240205,15:00:20,16.55,100,16050
20240205,15:00:25,16.35,50,16050
20240205,15:00:30,16.2,100,16050
20240205,15:00:35,15.45,100,16050
20240205,15:00:38,15.55,100,16050
20240205,15:00:43,16.0,50,16050
20240205,15:00:58,16.8,200,16050
20240205,15:01:02,17.15,200,16050
20240205,15:01:07,17.05,150,16050
20240205,15:01:10,16.9,100,16050
20240205,15:01:20,16.4,150,16050
20240205,15:01:22,16.25,50,16050
20240205,15:01:24,16.3,100,16050
20240205,15:01:25,16.5,100,16050
20240205,15:01:32,16.65,50,16050
20240205,15:01:34,16.95,400,16050
20240205,15:01:35,16.85,150,16050
20240205,15:01:37,17.0,250,16050
20240205,15:01:40,16.8,50,16050
20240205,15:02:15,16.6,50,16850
20240205,15:02:20,16.6,50,16850
20240205,15:02:24,16.65,50,16850
20240205,15:02:35,16.75,100,16850
20240205,15:02:37,16.85,100,16850
20240205,15:02:52,16.3,50,16850
20240205,15:02:59,16.3,50,16850
20240205,15:03:04,16.35,50,16850
20240205,15:03:14,15.65,50,16850
20240205,15:03:19,15.7,100,16850
20240205,15:03:29,15.75,50,16850
20240205,15:03:39,15.95,50,16850
20240205,15:04:02,15.5,50,16850
20240205,15:04:33,15.45,100,16850
20240205,15:04:35,15.55,50,16850
20240205,15:04:37,15.5,50,16850
20240205,15:04:40,15.4,50,16850
20240205,15:04:55,14.9,100,16850
20240205,15:05:00,14.85,50,17400
20240205,15:05:05,14.75,50,17400
20240205,15:05:07,14.9,50,17400
20240205,15:05:17,15.35,100,17400
20240205,15:05:19,15.3,250,17400
20240205,15:05:27,15.35,50,17400
20240205,15:05:30,15.25,50,17400
20240205,15:05:49,15.05,50,17400
20240205,15:05:54,14.95,50,17400
20240205,15:05:57,14.7,100,17400
20240205,15:05:59,14.85,100,17400
20240205,15:06:03,14.8,50,17400
20240205,15:06:14,14.4,250,17400
20240205,15:06:23,14.5,200,17400
20240205,15:06:33,14.4,200,17400
20240205,15:06:43,14.95,50,17400
20240205,15:06:53,14.75,200,17400
20240205,15:07:02,14.9,50,17400
20240205,15:07:11,14.85,1000,17400
20240205,15:07:21,14.7,50,17400
20240205,15:07:31,14.4,50,17400
20240205,15:08:01,14.35,150,17950
20240205,15:08:10,14.4,50,17950
20240205,15:08:19,14.45,50,17950
20240205,15:08:46,13.65,500,17950
20240205,15:08:56,13.3,50,17950
20240205,15:09:15,13.05,50,17950
20240205,15:09:23,12.9,1150,17950
20240205,15:09:31,13.0,50,17950
20240205,15:09:48,13.0,100,17950
20240205,15:09:57,12.8,650,17950
20240205,15:10:05,13.0,700,17950
20240205,15:10:14,13.05,300,17950
20240205,15:10:23,13.05,750,17950
20240205,15:10:33,12.9,900,17950
20240205,15:10:42,13.0,50,17950
20240205,15:11:11,13.4,150,17650
20240205,15:11:22,13.65,200,17650
20240205,15:11:33,13.75,850,17650
20240205,15:11:43,13.85,50,17650
20240205,15:12:11,14.0,150,17650
20240205,15:13:01,14.35,250,17650
20240205,15:13:20,14.65,50,17650
20240205,15:13:49,14.5,50,17650
20240205,15:13:58,14.3,50,17650
20240205,15:14:06,14.35,50,17650
20240205,15:14:16,14.75,350,17850
20240205,15:14:34,14.6,300,17850
20240205,15:14:52,14.9,100,17850
20240205,15:15:01,15.0,150,17850
20240205,15:15:10,15.2,50,17850
20240205,15:15:30,15.05,950,17850
20240205,15:15:40,15.0,100,17850
20240205,15:15:50,15.15,200,17850
20240205,15:16:00,15.15,100,17850
20240205,15:16:10,15.25,50,17850
20240205,15:16:19,14.95,50,17850
20240205,15:16:29,14.9,50,17850
20240205,15:16:39,15.0,100,17850
20240205,15:16:48,15.1,50,17850
20240205,15:17:17,14.3,400,17850
20240205,15:17:27,14.35,100,17850
20240205,15:17:46,14.25,50,17850
20240205,15:18:23,14.2,100,17850
20240205,15:18:32,14.4,50,17850
20240205,15:18:42,14.8,150,17850
20240205,15:18:50,14.85,350,17850
20240205,15:18:59,14.7,50,17850
20240205,15:19:10,14.8,100,17850
20240205,15:19:19,14.7,300,17850
20240205,15:20:03,15.0,100,18200
20240205,15:20:12,14.9,350,18200
20240205,15:20:21,15.15,400,18200
20240205,15:20:49,15.35,350,18200
20240205,15:20:58,15.45,50,18200
20240205,15:21:53,15.35,50,18200
20240205,15:22:02,15.15,50,18200
20240205,15:22:10,14.85,100,18200
20240205,15:22:20,14.8,250,18200
20240205,15:24:24,15.15,150,19050
20240205,15:24:33,15.1,50,19050
20240205,15:25:07,15.1,50,19050
20240205,15:25:25,15.2,200,19050
20240205,15:25:52,15.3,150,19050
20240205,15:26:55,15.65,50,19050
20240205,15:27:11,15.65,150,19050
20240205,15:27:19,15.6,1150,19050
20240205,15:27:28,15.25,850,19050
20240205,15:28:12,15.4,150,19050
20240205,15:28:20,15.35,100,19050
20240205,15:28:38,15.25,100,19050
20240205,15:28:47,15.25,400,19050
20240205,15:29:14,15.4,1150,18400
20240205,15:29:22,15.35,50,18400
20240205,15:29:59,15.35,150,18400
20240206,09:15:00,15.35,1,19350
20240206,09:15:00,15.35,150,19350
20240206,09:15:10,14.8,200,19350
20240206,09:15:23,13.25,1900,19350
20240206,09:15:44,14.0,1800,19350
20240206,09:15:54,14.05,50,19350
20240206,09:16:03,14.3,50,19350
20240206,09:16:25,13.0,50,19350
20240206,09:16:46,13.0,50,21100
20240206,09:17:21,14.3,50,21100
20240206,09:17:40,14.75,750,21100
20240206,09:17:50,15.0,1800,21100
20240206,09:18:09,15.25,100,21100
20240206,09:18:19,15.65,350,21100
20240206,09:18:28,16.15,550,21100
20240206,09:18:39,16.25,350,21100
20240206,09:18:49,16.1,350,21100
20240206,09:18:58,15.95,300,21100
20240206,09:19:07,15.75,100,21100
20240206,09:19:16,15.65,100,21100
20240206,09:19:26,15.2,250,21100
20240206,09:19:35,14.9,50,21900
20240206,09:19:45,14.75,50,21900
20240206,09:20:04,15.05,50,21900
20240206,09:20:12,15.4,100,21900
20240206,09:20:21,15.85,950,21900
20240206,09:20:31,16.1,500,21900
20240206,09:20:40,15.8,750,21900
20240206,09:20:59,16.1,350,21900
20240206,09:21:08,15.85,250,21900
20240206,09:21:26,16.0,1050,21900
20240206,09:21:34,15.9,50,21900
20240206,09:21:58,15.9,50,21900
20240206,09:22:15,16.45,50,21900
20240206,09:22:32,16.45,350,21700
20240206,09:22:52,15.65,150,21700
20240206,09:23:02,15.5,100,21700
20240206,09:23:12,15.05,50,21700
20240206,09:23:21,14.85,100,21700
20240206,09:23:31,14.85,300,21700
20240206,09:23:39,14.85,200,21700
20240206,09:23:56,14.55,1050,21700
20240206,09:24:22,15.05,50,21700
20240206,09:24:30,14.9,450,21700
20240206,09:24:47,14.75,150,21700
20240206,09:24:56,14.7,50,21700
20240206,09:25:07,14.65,250,21700
20240206,09:25:18,14.65,1150,21700
20240206,09:25:42,14.4,50,22150
20240206,09:25:54,14.2,300,22150
20240206,09:26:06,14.1,1700,22150
20240206,09:26:18,13.85,800,22150
20240206,09:26:41,14.45,150,22150
20240206,09:26:53,14.25,1650,22150
20240206,09:27:04,13.9,400,22150
20240206,09:27:15,14.25,500,22150
20240206,09:27:27,14.2,400,22150
20240206,09:27:39,14.0,900,22150
20240206,09:27:50,14.05,400,22150
20240206,09:28:13,13.45,1100,22150
20240206,09:28:24,13.5,500,22150
20240206,09:28:36,13.85,400,25550
20240206,09:28:47,13.8,450,25550
20240206,09:29:07,13.8,250,25550
20240206,09:29:40,14.0,50,25550
20240206,09:30:01,14.15,450,25550
20240206,09:30:11,13.9,150,25550
20240206,09:30:20,13.9,50,25550
20240206,09:30:30,13.8,400,25550
20240206,09:31:51,13.75,50,26000
20240206,09:32:01,13.75,150,26000
20240206,09:32:22,13.35,50,26000
20240206,09:32:44,13.5,1100,26000
20240206,09:32:56,13.35,50,26000
20240206,09:33:07,13.15,50,26000
20240206,09:33:19,12.85,50,26000
20240206,09:33:44,12.85,150,26000
20240206,09:34:06,13.5,200,26000
20240206,09:34:17,13.35,50,26000
20240206,09:34:27,13.35,50,26000
20240206,09:35:11,13.05,50,25100
20240206,09:35:43,13.3,100,25100
20240206,09:35:53,13.4,150,25100
20240206,09:36:34,13.2,50,25100
20240206,09:36:45,13.15,100,25100
20240206,09:36:55,13.2,50,25100
20240206,09:37:05,13.15,100,25100
20240206,09:37:14,13.15,100,25100
20240206,09:37:24,13.05,100,25100
20240206,09:37:55,12.9,50,25050
20240206,09:38:43,12.7,50,25050
20240206,09:38:55,12.5,100,25050
20240206,09:39:20,12.3,50,25050
20240206,09:40:07,12.3,150,25050
20240206,09:40:53,12.95,100,25250
20240206,09:41:26,13.1,50,25250
20240206,09:41:49,13.1,200,25250
20240206,09:42:01,13.0,250,25250
20240206,09:42:13,13.05,100,25250
20240206,09:42:24,12.95,50,25250
20240206,09:42:46,12.95,100,25250
20240206,09:43:07,13.05,350,25250
20240206,09:43:28,13.15,300,25250
20240206,09:44:19,13.15,600,24850
20240206,09:45:32,12.85,250,24850
20240206,09:47:12,12.95,150,24150
20240206,09:48:47,12.85,50,24150
20240206,09:49:07,12.65,150,24150
20240206,09:49:16,12.45,50,24150
20240206,09:49:27,12.5,150,24150
20240206,09:50:25,12.35,50,24200
20240206,09:50:47,12.45,100,24200
20240206,09:51:09,12.4,50,24200
20240206,09:51:20,12.5,300,24200
20240206,09:51:30,12.45,50,24200
20240206,09:52:03,12.5,300,24200
20240206,09:52:13,12.6,500,24200
20240206,09:52:56,12.6,50,24350
20240206,09:54:30,12.85,100,24350
20240206,09:55:43,13.0,100,24350
20240206,09:58:20,12.1,50,24350
20240206,09:59:06,12.1,200,24400
20240206,10:02:29,12.4,50,24300
20240206,10:03:13,12.0,750,24300
20240206,10:03:38,12.0,50,24300
20240206,10:04:01,12.05,100,24300
20240206,10:04:12,11.95,100,24300
20240206,10:04:23,11.9,50,24300
20240206,10:05:08,11.9,200,24350
20240206,10:05:20,12.3,350,24350
20240206,10:05:31,12.25,550,24350
20240206,10:05:42,12.4,50,24350
20240206,10:05:54,12.45,300,24350
20240206,10:06:05,12.5,50,24350
20240206,10:06:58,12.45,50,24350
20240206,10:07:19,12.4,50,24350
20240206,10:07:39,12.55,650,24350
20240206,10:07:59,12.55,50,23550
20240206,10:08:31,12.6,50,23550
20240206,10:08:52,12.5,50,23550
20240206,10:09:51,12.45,100,23550
20240206,10:11:02,12.25,100,23500
20240206,10:12:03,12.25,50,23500
20240206,10:14:33,12.3,50,23550
20240206,10:15:14,12.3,50,23550
20240206,10:15:57,12.65,50,23550
20240206,10:16:08,12.5,50,23550
20240206,10:16:19,12.45,50,23550
20240206,10:16:42,12.65,50,23550
20240206,10:17:03,12.7,50,23550
20240206,10:18:01,12.3,750,23550
20240206,10:18:53,12.7,50,23550
20240206,10:21:03,12.55,100,23600
20240206,10:21:41,12.35,100,23600
20240206,10:21:50,12.25,50,23600
20240206,10:23:22,12.4,50,23650
20240206,10:24:11,12.4,50,23650
20240206,10:25:29,13.0,750,23650
20240206,10:25:40,13.0,350,23000
20240206,10:26:01,12.95,200,23000
20240206,10:26:21,13.05,50,23000
20240206,10:26:31,13.05,50,23000
20240206,10:26:42,13.1,50,23000
20240206,10:26:52,13.05,100,23000
20240206,10:27:02,12.9,50,23000
20240206,10:27:40,13.05,50,23000
20240206,10:27:49,12.95,50,23000
20240206,10:28:16,13.0,250,23000
20240206,10:29:05,13.2,50,23300
20240206,10:29:16,13.15,50,23300
20240206,10:29:37,13.15,50,23300
20240206,10:30:08,13.1,500,23300
20240206,10:30:19,13.5,650,23300
20240206,10:30:29,13.95,150,23300
20240206,10:30:40,13.9,50,23300
20240206,10:31:00,14.0,200,23300
20240206,10:31:10,13.75,650,23300
20240206,10:31:31,13.45,100,23300
20240206,10:31:41,13.3,100,23300
20240206,10:32:01,13.4,100,24000
20240206,10:32:11,14.1,200,24000
20240206,10:32:21,14.15,200,24000
20240206,10:32:30,14.25,50,24000
20240206,10:32:39,14.3,50,24000
20240206,10:33:35,14.35,300,24000
20240206,10:33:44,13.85,1550,24000
20240206,10:34:23,14.25,50,24000
20240206,10:35:10,14.35,950,24400
20240206,10:35:19,14.35,200,24400
20240206,10:35:28,14.4,50,24400
20240206,10:35:57,13.8,100,24400
20240206,10:36:07,14.15,50,24400
20240206,10:36:16,13.9,50,24400
20240206,10:36:25,14.05,50,24400
20240206,10:36:44,13.9,50,24400
20240206,10:36:54,14.1,50,24400
20240206,10:37:13,13.85,50,24400
20240206,10:37:22,14.2,50,24400
20240206,10:37:32,14.15,50,24400
20240206,10:38:00,13.6,100,23600
20240206,10:38:09,13.7,250,23600
20240206,10:38:19,13.65,100,23600
20240206,10:38:45,13.45,150,23600
20240206,10:38:55,13.35,650,23600
20240206,10:39:03,13.3,50,23600
20240206,10:39:13,13.4,100,23600
20240206,10:39:23,13.35,50,23600
20240206,10:39:32,13.2,100,23600
20240206,10:39:50,13.25,100,23600
20240206,10:40:15,13.4,50,23600
20240206,10:41:13,13.8,50,23550
20240206,10:42:23,14.2,50,23550
20240206,10:42:32,14.35,50,23550
20240206,10:44:30,13.1,150,22850
20240206,10:44:58,12.9,50,22850
20240206,10:45:09,12.9,1750,22850
20240206,10:45:20,12.9,100,22850
20240206,10:45:30,12.85,50,22850
20240206,10:46:07,12.85,50,22850
20240206,10:46:15,12.95,50,22850
20240206,10:47:07,12.85,50,23800
20240206,10:47:24,13.1,300,23800
20240206,10:48:12,13.05,50,23800
20240206,10:49:06,12.8,50,23800
20240206,10:49:31,12.75,50,23800
20240206,10:50:01,12.75,50,24100
20240206,10:50:17,12.75,50,24100
20240206,10:50:56,12.75,100,24100
20240206,10:51:04,12.7,200,24100
20240206,10:51:26,12.6,150,24100
20240206,10:52:03,12.3,50,24100
20240206,10:52:14,12.35,100,24100
20240206,10:52:50,12.65,150,24000
20240206,10:52:59,12.65,50,24000
20240206,10:53:33,12.6,300,24000
20240206,10:54:01,12.3,100,24000
20240206,10:55:05,12.2,50,24000
20240206,10:55:23,12.25,100,24000
20240206,10:56:12,12.5,300,23850
20240206,10:56:50,12.5,150,23850
20240206,10:57:04,12.5,150,23850
20240206,10:57:26,12.4,50,23850
20240206,10:58:21,12.25,200,23850
20240206,10:58:30,12.25,100,23850
20240206,10:58:39,12.3,50,23850
20240206,10:59:00,12.1,50,23600
20240206,10:59:10,12.15,400,23600
20240206,10:59:29,12.0,300,23600
20240206,10:59:49,11.8,50,23600
20240206,10:59:59,11.75,100,23600
20240206,11:00:09,11.85,50,23600
20240206,11:00:20,11.9,100,23600
20240206,11:00:31,11.8,100,23600
20240206,11:00:42,11.65,50,23600
20240206,11:00:53,11.65,50,23600
20240206,11:01:03,12.0,50,23600
20240206,11:01:22,11.95,50,23600
20240206,11:02:42,11.95,50,23250
20240206,11:05:12,12.25,100,22950
20240206,11:05:39,12.25,50,22950
20240206,11:05:48,12.25,50,22950
20240206,11:05:56,12.3,50,22950
20240206,11:06:05,12.3,50,22950
20240206,11:06:43,12.2,100,22950
20240206,11:08:38,12.2,100,22850
20240206,11:08:59,12.15,100,22850
20240206,11:09:26,12.1,1200,22850
20240206,11:09:35,12.1,150,22850
20240206,11:09:43,12.05,50,22850
20240206,11:10:18,12.0,150,22850
20240206,11:11:58,11.95,50,24200
20240206,11:12:33,12.0,300,24200
20240206,11:12:47,12.0,50,24200
20240206,11:13:12,12.0,50,24200
20240206,11:14:02,11.8,100,24650
20240206,11:16:46,11.7,50,24650
20240206,11:17:15,11.6,50,24750
20240206,11:17:24,11.55,200,24750
20240206,11:18:47,11.5,100,24750
20240206,11:18:53,11.5,50,24750
20240206,11:19:14,11.5,50,24750
20240206,11:22:16,11.5,50,24600
20240206,11:22:25,11.55,150,24600
20240206,11:23:23,11.8,50,24900
20240206,11:23:36,11.8,50,24900
20240206,11:23:43,11.8,200,24900
20240206,11:23:49,11.8,150,24900
20240206,11:24:01,11.8,100,24900
20240206,11:25:04,11.85,1250,24900
20240206,11:25:09,11.85,50,24900
20240206,11:25:26,11.75,100,24900
20240206,11:26:05,11.8,50,26400
20240206,11:26:10,11.85,50,26400
20240206,11:27:01,11.75,50,26400
20240206,11:30:19,12.15,50,26150
20240206,11:30:25,12.0,100,26150
20240206,11:30:42,11.9,150,26150
20240206,11:30:59,11.9,50,26150
20240206,11:31:11,11.95,50,26150
20240206,11:31:18,11.9,400,26150
20240206,11:31:23,12.0,50,26150
20240206,11:31:34,11.95,50,26150
20240206,11:31:47,12.05,100,26150
20240206,11:32:24,12.05,50,25900
20240206,11:32:32,11.9,50,25900
20240206,11:32:41,11.75,400,25900
20240206,11:33:28,11.5,500,25900
20240206,11:33:42,11.65,200,25900
20240206,11:33:54,11.6,850,25900
20240206,11:34:07,11.45,1150,25900
20240206,11:34:22,11.3,450,25900
20240206,11:34:36,11.4,50,25900
20240206,11:34:50,11.45,50,25900
20240206,11:35:03,11.45,100,26200
20240206,11:35:17,11.45,100,26200
20240206,11:35:30,11.45,250,26200
20240206,11:35:43,11.55,100,26200
20240206,11:36:21,11.65,50,26200
20240206,11:36:33,11.7,50,26200
20240206,11:36:45,11.6,100,26200
20240206,11:37:10,11.6,50,26200
20240206,11:39:39,11.6,50,25850
20240206,11:40:23,11.7,50,25850
20240206,11:41:04,11.6,50,25850
20240206,11:41:37,11.8,50,25850
20240206,11:41:48,11.7,150,25850
20240206,11:43:32,12.0,100,25850
20240206,11:43:43,12.1,50,25850
20240206,11:45:08,11.85,50,25750
20240206,11:46:59,11.9,50,25750
20240206,11:47:20,12.0,50,25750
20240206,11:48:17,12.05,150,25750
20240206,11:49:25,12.0,50,25750
20240206,11:50:41,12.05,100,25750
20240206,11:51:06,11.9,50,25750
20240206,11:51:13,11.95,50,25750
20240206,11:53:45,11.85,100,25850
20240206,11:54:08,11.9,50,25850
20240206,11:54:59,11.85,50,25850
20240206,11:55:20,11.8,1350,25850
20240206,11:55:40,11.85,1300,25850
20240206,11:56:05,11.9,150,28450
20240206,11:56:13,11.9,150,28450
20240206,11:56:21,11.9,250,28450
20240206,11:57:33,11.9,50,28450
20240206,11:57:53,11.8,150,28450
20240206,11:58:44,11.75,50,28450
20240206,11:58:56,11.65,50,28350
20240206,11:59:30,11.6,800,28350
20240206,11:59:54,11.55,150,28350
20240206,12:00:06,11.55,250,28350
20240206,12:01:16,11.7,50,28350
20240206,12:01:28,11.6,50,28350
20240206,12:01:40,11.6,100,28350
20240206,12:01:52,11.6,50,28350
20240206,12:02:16,11.7,100,27950
20240206,12:02:28,11.7,150,27950
20240206,12:06:38,11.85,50,27950
20240206,12:07:20,11.75,50,27950
20240206,12:08:56,11.65,50,27950
20240206,12:09:10,11.4,100,27950
20240206,12:09:16,11.45,100,27950
20240206,12:09:23,11.55,200,27950
20240206,12:09:44,11.5,250,27950
20240206,12:09:51,11.35,50,27950
20240206,12:10:09,11.55,100,27950
20240206,12:10:33,11.5,100,27950
20240206,12:10:51,11.5,100,27950
20240206,12:11:00,11.6,50,28000
20240206,12:11:10,11.45,100,28000
20240206,12:11:20,11.45,100,28000
20240206,12:11:33,11.55,50,28000
20240206,12:11:44,11.75,100,28000
20240206,12:11:54,11.75,100,28000
20240206,12:12:51,11.5,50,28000
20240206,12:13:04,11.55,100,28000
20240206,12:13:27,11.6,50,28000
20240206,12:13:54,11.65,100,28000
20240206,12:14:09,11.65,50,28050
20240206,12:14:43,11.45,200,28050
20240206,12:15:08,11.4,100,28050
20240206,12:17:24,11.5,50,28050
20240206,12:21:56,11.5,50,27950
20240206,12:22:26,11.85,50,27950
20240206,12:22:34,11.85,50,27950
20240206,12:22:41,11.8,50,27950
20240206,12:22:59,11.85,100,27900
20240206,12:23:10,11.85,50,27900
20240206,12:24:46,12.15,50,27900
20240206,12:25:13,12.3,150,27900
20240206,12:25:23,12.25,150,27900
20240206,12:25:30,12.25,100,27900
20240206,12:25:40,12.1,150,27900
20240206,12:25:57,11.8,50,27900
20240206,12:29:42,12.0,50,28050
20240206,12:29:50,12.0,50,28050
20240206,12:30:18,11.85,50,28050
20240206,12:30:52,11.65,100,28050
20240206,12:31:11,11.6,50,28050
20240206,12:31:41,11.7,50,28050
20240206,12:32:16,11.5,50,28000
20240206,12:32:45,11.6,550,28000
20240206,12:33:31,11.45,50,28000
20240206,12:34:06,11.5,50,28000
20240206,12:35:07,11.55,50,28350
20240206,12:35:31,11.6,50,28350
20240206,12:35:38,11.55,50,28350
20240206,12:36:02,11.45,150,28350
20240206,12:36:27,11.5,50,28350
20240206,12:36:48,11.4,150,28350
20240206,12:36:57,11.35,100,28350
20240206,12:39:09,11.35,150,28150
20240206,12:39:50,11.25,50,28150
20240206,12:40:56,11.25,50,28150
20240206,12:41:30,11.2,50,28150
20240206,12:41:35,11.2,50,28150
20240206,12:42:01,11.3,100,28150
20240206,12:42:36,11.35,50,28150
20240206,12:42:54,11.35,150,28150
20240206,12:43:06,11.3,50,28150
20240206,12:43:29,11.25,50,28150
20240206,12:44:00,11.3,150,28150
20240206,12:44:45,11.25,50,27950
20240206,12:47:57,11.25,50,27950
20240206,12:48:04,11.35,100,27950
20240206,12:48:12,11.3,50,27950
20240206,12:48:38,11.4,350,27950
20240206,12:48:55,11.85,100,27950
20240206,12:49:03,11.9,50,27950
20240206,12:49:09,11.75,1250,27950
20240206,12:49:17,11.9,300,27950
20240206,12:49:24,11.85,100,27950
20240206,12:49:46,11.85,50,27950
20240206,12:50:56,11.65,50,28250
20240206,12:51:01,11.7,50,28250
20240206,12:51:18,11.7,50,28250
20240206,12:51:59,11.75,50,28250
20240206,12:52:37,11.85,150,28250
20240206,12:52:44,11.7,50,28250
20240206,12:53:15,11.75,50,28200
20240206,12:53:54,12.0,50,28200
20240206,12:54:10,11.85,50,28200
20240206,12:54:46,11.6,100,28200
20240206,12:54:53,11.5,50,28200
20240206,13:00:07,11.8,100,28000
20240206,13:00:32,11.4,50,28000
20240206,13:00:39,11.45,100,28000
20240206,13:01:39,11.45,50,28000
20240206,13:01:45,11.4,100,28000
20240206,13:01:53,11.4,1050,28000
20240206,13:02:00,11.4,1750,28000
20240206,13:02:05,11.4,600,28500
20240206,13:02:11,11.4,100,28500
20240206,13:02:26,11.45,150,28500
20240206,13:02:45,11.4,50,28500
20240206,13:02:52,11.5,300,28500
20240206,13:03:14,11.4,400,28500
20240206,13:03:27,11.45,50,28500
20240206,13:04:39,11.3,50,28500
20240206,13:07:01,11.1,50,29850
20240206,13:07:08,11.05,150,29850
20240206,13:08:10,11.1,150,29700
20240206,13:08:54,11.0,100,29700
20240206,13:09:23,11.0,100,29700
20240206,13:09:27,11.05,300,29700
20240206,13:09:31,11.05,200,29700
20240206,13:09:37,11.0,200,29700
20240206,13:09:43,11.0,100,29700
20240206,13:10:03,11.05,100,29700
20240206,13:10:43,11.1,50,29700
20240206,13:10:52,11.1,50,29700
20240206,13:12:07,11.0,1400,30150
20240206,13:16:06,11.25,50,31300
20240206,13:16:22,11.2,50,31300
20240206,13:20:37,11.35,50,31300
20240206,13:21:10,11.15,150,31300
20240206,13:21:43,11.15,50,31300
20240206,13:23:45,11.15,50,31250
20240206,13:25:44,11.1,50,31250
20240206,13:27:05,11.05,100,31300
20240206,13:27:35,11.0,50,31300
20240206,13:27:43,11.0,100,31300
20240206,13:27:49,10.95,50,31300
20240206,13:28:03,10.95,50,31300
20240206,13:28:18,10.9,1750,31300
20240206,13:28:25,10.9,950,31300
20240206,13:28:35,10.9,150,31300
20240206,13:28:53,11.0,50,31300
20240206,13:29:31,10.9,50,33700
20240206,13:30:27,10.8,100,33700
20240206,13:30:38,10.8,250,33700
20240206,13:32:31,10.8,100,33800
20240206,13:33:22,11.0,1200,33800
20240206,13:33:34,10.95,50,33800
20240206,13:34:22,10.85,50,33800
20240206,13:34:39,10.85,150,33800
20240206,13:34:47,10.8,1100,33800
20240206,13:34:53,10.8,50,33800
20240206,13:35:01,10.8,1550,33800
20240206,13:35:08,10.75,150,33800
20240206,13:36:24,10.75,50,32950
20240206,13:36:30,10.9,50,32950
20240206,13:36:40,11.1,100,32950
20240206,13:36:52,11.15,50,32950
20240206,13:37:04,11.25,250,32950
20240206,13:37:27,11.4,800,32950
20240206,13:37:54,11.4,50,32950
20240206,13:39:00,11.15,50,33000
20240206,13:40:11,11.2,50,33000
20240206,13:40:31,11.2,50,33000
20240206,13:41:18,11.15,50,33100
20240206,13:41:28,11.1,50,33100
20240206,13:41:48,11.15,50,33100
20240206,13:42:09,11.05,100,33100
20240206,13:42:21,11.1,200,33100
20240206,13:42:40,11.2,1000,33100
20240206,13:42:49,11.15,50,33100
20240206,13:43:07,11.2,450,33100
20240206,13:43:17,11.2,100,33100
20240206,13:43:54,11.05,50,33100
20240206,13:45:53,11.1,50,33100
20240206,13:46:18,11.05,50,33100
20240206,13:46:43,11.2,100,33100
20240206,13:46:51,11.2,50,33100
20240206,13:46:59,11.05,50,33100
20240206,13:47:07,11.2,650,33100
20240206,13:47:16,11.2,650,33100
20240206,13:47:24,11.2,50,33100
20240206,13:48:06,11.2,700,33100
20240206,13:48:14,11.2,450,33100
20240206,13:49:18,11.3,50,33100
20240206,13:51:11,11.15,200,32300
20240206,13:51:23,11.05,400,32300
20240206,13:51:34,11.25,1900,32300
20240206,13:53:19,11.05,50,34350
20240206,13:53:47,11.0,50,34350
20240206,13:54:12,10.95,50,34350
20240206,13:54:51,11.15,50,34350
20240206,13:55:12,11.2,50,34350
20240206,13:55:21,11.25,100,34350
20240206,13:56:14,11.2,100,34400
20240206,13:56:47,11.2,50,34400
20240206,13:57:04,11.2,50,34400
20240206,14:00:05,11.15,50,34150
20240206,14:00:53,11.2,50,34150
20240206,14:01:08,11.2,100,34150
20240206,14:01:16,11.1,50,34150
20240206,14:01:39,11.1,50,34150
20240206,14:01:48,11.15,50,34150
20240206,14:01:57,11.15,50,34150
20240206,14:02:14,11.05,50,34150
20240206,14:03:26,11.0,50,34150
20240206,14:06:31,11.05,50,34150
20240206,14:06:59,11.15,50,34150
20240206,14:07:41,11.2,50,34150
20240206,14:08:15,11.15,50,34150
20240206,14:09:03,11.25,50,34200
20240206,14:10:37,11.25,50,34200
20240206,14:11:42,11.5,250,34200
20240206,14:13:40,11.85,150,34200
20240206,14:15:40,11.35,50,34150
20240206,14:15:57,11.35,50,34150
20240206,14:17:03,11.4,50,34150
20240206,14:19:49,11.35,250,34200
20240206,14:19:57,11.4,250,34200
20240206,14:20:06,11.3,250,34200
20240206,14:20:14,11.35,50,34200
20240206,14:24:23,11.65,100,34750
20240206,14:24:37,11.6,50,34750
20240206,14:24:44,11.55,50,34750
20240206,14:25:27,11.45,50,34750
20240206,14:25:51,11.4,50,34750
20240206,14:28:05,11.65,250,34750
20240206,14:30:10,11.85,50,34750
20240206,14:32:02,11.5,500,34750
20240206,14:32:38,11.35,50,34400
20240206,14:34:48,11.3,100,34400
20240206,14:35:07,11.2,50,34400
20240206,14:38:30,11.2,50,34300
20240206,14:38:40,11.2,250,34300
20240206,14:38:49,11.1,50,34300
20240206,14:39:16,10.8,150,34300
20240206,14:40:41,10.95,100,34300
20240206,14:40:57,10.85,300,34300
20240206,14:41:06,10.95,50,34300
20240206,14:43:36,10.95,100,34650
20240206,14:44:05,11.0,150,34650
20240206,14:45:50,11.3,50,34500
20240206,14:46:06,11.15,50,34500
20240206,14:46:22,11.15,50,34500
20240206,14:46:39,11.1,50,34500
20240206,14:46:45,11.1,50,34500
20240206,14:47:02,11.1,50,34500
20240206,14:49:21,11.0,100,34500
20240206,14:49:35,11.1,100,34500
20240206,14:49:42,11.15,50,34500
20240206,14:50:02,11.15,50,34500
20240206,14:50:15,11.1,50,34500
20240206,14:51:15,11.2,50,34450
20240206,14:51:31,11.1,50,34450
20240206,14:51:51,11.05,50,34450
20240206,14:52:24,11.1,100,34450
20240206,14:52:38,11.3,250,34450
20240206,14:53:13,11.25,550,34450
20240206,14:53:34,11.3,50,34450
20240206,14:53:46,11.25,100,34450
20240206,14:54:26,11.5,50,34450
20240206,14:54:48,11.6,50,34450
20240206,14:55:02,11.55,50,34450
20240206,14:55:17,11.8,50,34450
20240206,14:55:40,11.95,50,34450
20240206,14:55:47,11.7,50,34450
20240206,14:57:39,11.0,50,34350
20240206,14:57:48,11.05,50,34350
20240206,14:58:01,10.95,1000,34350
20240206,14:58:08,11.1,250,34350
20240206,14:58:14,11.2,300,34350
20240206,14:58:48,11.1,250,34350
20240206,15:00:18,11.05,50,35200
20240206,15:00:33,10.65,150,35200
20240206,15:00:51,10.55,50,35200
20240206,15:00:59,10.55,50,35200
20240206,15:03:03,10.8,100,35200
20240206,15:04:46,10.5,50,35200
20240206,15:04:52,10.5,50,35200
20240206,15:05:17,10.5,1250,35200
20240206,15:05:23,10.4,50,35200
20240206,15:05:29,10.4,50,34050
20240206,15:06:07,10.4,200,34050
20240206,15:06:13,10.35,200,34050
20240206,15:06:36,10.15,250,34050
20240206,15:07:03,10.1,100,34050
20240206,15:07:15,10.1,50,34050
20240206,15:07:31,10.55,50,34050
20240206,15:08:27,10.4,50,34900
20240206,15:08:33,10.5,50,34900
20240206,15:08:49,10.5,100,34900
20240206,15:08:54,10.55,50,34900
20240206,15:09:15,10.4,250,34900
20240206,15:09:19,10.4,50,34900
20240206,15:09:40,10.45,50,34900
20240206,15:10:51,10.35,50,34900
20240206,15:10:57,10.4,150,34900
20240206,15:11:07,10.6,550,34900
20240206,15:13:27,10.75,50,35200
20240206,15:13:48,10.75,50,35200
20240206,15:14:41,10.85,50,35150
20240206,15:15:10,10.9,50,35150
20240206,15:15:19,10.9,100,35150
20240206,15:15:35,10.85,100,35150
20240206,15:16:16,10.9,50,35150
20240206,15:17:15,10.95,250,35150
20240206,15:17:55,11.05,50,35250
20240206,15:18:40,10.95,50,35250
20240206,15:18:53,11.0,50,35250
20240206,15:19:03,10.95,100,35250
20240206,15:19:21,11.05,50,35250
20240206,15:19:46,11.05,50,35250
20240206,15:20:01,11.1,50,35250
20240206,15:20:46,11.1,100,35350
20240206,15:20:52,11.05,50,35350
20240206,15:21:16,11.3,1500,35350
20240206,15:21:41,10.95,300,35350
20240206,15:21:52,11.0,50,35350
20240206,15:21:58,10.95,50,35350
20240206,15:22:16,11.1,250,35350
20240206,15:22:28,10.9,50,35350
20240206,15:22:33,10.8,250,35350
20240206,15:22:39,10.75,100,35350
20240206,15:22:45,10.85,550,35350
20240206,15:22:51,10.8,300,35350
20240206,15:23:02,10.8,100,35350
20240206,15:23:09,10.8,350,35350
20240206,15:23:39,10.75,250,36750
20240206,15:23:52,10.7,550,36750
20240206,15:24:06,10.7,800,36750
20240206,15:24:28,10.65,250,36750
20240206,15:24:36,10.7,400,36750
20240206,15:24:44,10.7,250,36750
20240206,15:25:35,10.95,350,36750
20240206,15:25:47,10.95,550,36750
20240206,15:25:57,10.9,650,36750
20240206,15:26:08,10.95,1200,36750
20240206,15:26:18,11.05,1100,36750
20240206,15:26:38,11.25,1250,41500
20240206,15:26:49,11.15,350,41500
20240206,15:27:01,11.35,1000,41500
20240206,15:27:20,11.35,300,41500
20240206,15:27:27,11.3,1000,41500
20240206,15:27:34,11.25,750,41500
20240206,15:27:43,11.2,550,41500
20240206,15:27:52,11.05,3950,41500
20240206,15:28:02,11.15,2250,41500
20240206,15:28:22,11.15,350,41500
20240206,15:28:33,11.2,350,41500
20240206,15:28:45,11.3,300,41500
20240206,15:28:56,11.0,350,41500
20240206,15:29:08,10.9,350,41500
20240206,15:29:22,10.85,400,41500
20240206,15:29:35,10.95,150,49850
20240206,15:29:49,10.4,150,49850
20240206,15:30:01,9.05,400,49850
20240207,09:15:22,7.65,1,50050
20240207,09:15:22,7.7,1,50050
20240207,09:15:22,7.65,150,50050
20240207,09:15:33,7.3,350,50050
20240207,09:15:48,7.85,150,50050
20240207,09:15:48,7.3,150,50050
20240207,09:16:01,7.7,150,50050
20240207,09:16:15,8.0,350,50050
20240207,09:16:29,7.6,250,50050
20240207,09:16:43,7.4,650,50650
20240207,09:16:54,7.45,50,50650
20240207,09:17:06,7.55,150,50650
20240207,09:17:17,7.6,250,50650
20240207,09:17:41,7.6,300,50650
20240207,09:17:53,7.65,400,50650
20240207,09:18:06,7.65,300,50650
20240207,09:18:16,7.85,350,50650
20240207,09:18:28,7.8,50,50650
20240207,09:18:39,7.75,250,50650
20240207,09:18:50,7.9,200,50650
20240207,09:19:01,8.0,50,50650
20240207,09:19:11,8.15,450,50650
20240207,09:19:20,8.2,150,50650
20240207,09:19:38,8.2,100,51150
20240207,09:20:07,8.2,50,51150
20240207,09:20:28,8.25,600,51150
20240207,09:20:47,8.35,200,51150
20240207,09:21:57,8.6,50,51150
20240207,09:22:08,8.6,100,51150
20240207,09:22:18,8.6,50,51150
20240207,09:22:38,8.8,100,50450
20240207,09:22:48,8.8,100,50450
20240207,09:22:59,8.8,550,50450
20240207,09:23:48,8.9,100,50450
20240207,09:23:58,8.9,150,50450
20240207,09:24:09,8.7,100,50450
20240207,09:24:19,8.65,100,50450
20240207,09:24:30,8.5,350,50450
20240207,09:24:41,8.4,100,50450
20240207,09:25:03,8.2,150,50450
20240207,09:25:15,8.3,250,50450
20240207,09:25:26,8.4,350,50450
20240207,09:25:38,8.4,50,50450
20240207,09:25:49,8.55,50,50100
20240207,09:26:00,8.6,200,50100
20240207,09:27:04,8.7,50,50100
20240207,09:27:16,8.65,100,50100
20240207,09:27:27,8.6,50,50100
20240207,09:27:49,8.65,50,50100
20240207,09:28:11,8.6,300,50100
20240207,09:28:22,8.5,100,50100
20240207,09:28:53,8.6,50,49550
20240207,09:29:24,8.65,50,49550
20240207,09:29:34,8.55,550,49550
20240207,09:29:44,8.55,100,49550
20240207,09:30:04,8.5,250,49550
20240207,09:30:15,8.5,100,49550
20240207,09:30:25,8.45,150,49550
20240207,09:30:35,8.65,100,49550
20240207,09:30:45,8.5,650,49550
20240207,09:30:54,8.45,50,49550
20240207,09:31:05,8.3,250,49550
20240207,09:31:16,8.2,250,49550
20240207,09:31:26,8.25,200,49550
20240207,09:31:37,8.15,50,50200
20240207,09:31:58,8.35,100,50200
20240207,09:32:09,8.25,400,50200
20240207,09:32:48,8.45,200,50200
20240207,09:32:58,8.45,250,50200
20240207,09:33:16,8.4,50,50200
20240207,09:33:26,8.4,350,50200
20240207,09:33:43,8.35,950,50200
20240207,09:33:54,8.3,1450,50200
20240207,09:34:03,8.3,100,50200
20240207,09:34:12,8.2,3450,50200
20240207,09:34:22,8.05,300,50200
20240207,09:34:31,8.1,100,50200
20240207,09:34:40,8.0,250,53950
20240207,09:34:50,8.0,500,53950
20240207,09:35:10,7.85,50,53950
20240207,09:35:42,7.85,150,53950
20240207,09:36:21,7.7,950,53950
20240207,09:36:50,7.85,100,53950
20240207,09:37:57,7.8,200,55450
20240207,09:38:28,7.75,50,55450
20240207,09:38:50,7.75,300,55450
20240207,09:39:21,7.75,100,55450
20240207,09:39:42,7.75,50,55450
20240207,09:39:53,7.75,500,55450
20240207,09:41:00,7.7,50,55600
20240207,09:41:11,7.7,800,55600
20240207,09:41:29,7.75,100,55600
20240207,09:41:39,7.8,50,55600
20240207,09:41:50,7.85,150,55600
20240207,09:42:00,7.85,1800,55600
20240207,09:42:42,8.15,50,55600
20240207,09:43:02,8.05,1400,55600
20240207,09:43:23,8.15,1950,55600
20240207,09:43:43,8.05,50,57900
20240207,09:43:53,8.0,50,57900
20240207,09:44:03,8.0,50,57900
20240207,09:44:14,8.3,200,57900
20240207,09:44:24,8.4,50,57900
20240207,09:44:35,8.4,1800,57900
20240207,09:44:45,8.15,50,57900
20240207,09:45:05,8.35,50,57900
20240207,09:45:17,8.35,100,57900
20240207,09:45:28,8.15,100,57900
20240207,09:45:38,8.1,150,57900
20240207,09:46:06,7.9,50,57900
20240207,09:46:15,8.0,700,57900
20240207,09:46:24,8.1,50,57900
20240207,09:46:33,8.0,50,57900
20240207,09:46:42,8.05,350,59800
20240207,09:46:51,8.1,50,59800
20240207,09:47:01,8.25,50,59800
20240207,09:47:40,8.3,100,59800
20240207,09:48:06,8.25,800,59800
20240207,09:48:16,8.1,100,59800
20240207,09:48:42,8.15,50,59800
20240207,09:48:50,8.15,50,59800
20240207,09:50:15,8.05,450,60200
20240207,09:50:25,8.0,50,60200
20240207,09:51:04,8.1,1800,60200
20240207,09:51:14,8.0,50,60200
20240207,09:51:24,8.0,50,60200
20240207,09:51:42,8.1,50,60200
20240207,09:52:00,8.0,100,60200
20240207,09:52:10,8.0,50,60200
20240207,09:52:29,8.1,50,60200
20240207,09:52:37,7.95,1500,61250
20240207,09:53:02,8.0,200,61250
20240207,09:53:11,8.0,300,61250
20240207,09:53:44,8.0,150,61250
20240207,09:54:13,7.9,50,61250
20240207,09:54:39,8.1,50,61250
20240207,09:54:47,8.0,100,61250
20240207,09:55:51,7.8,100,61300
20240207,09:56:41,7.65,100,61300
20240207,09:57:40,7.65,1000,61300
20240207,09:57:49,7.75,350,61300
20240207,09:58:19,7.9,1000,61300
20240207,09:58:29,7.75,350,61300
20240207,09:58:58,7.55,150,60450
20240207,09:59:27,7.6,50,60450
20240207,10:00:01,7.55,100,60450
20240207,10:00:10,7.6,50,60450
20240207,10:00:39,7.7,100,60450
20240207,10:01:04,7.65,1800,60450
20240207,10:01:13,7.7,300,60450
20240207,10:01:23,7.8,150,60450
20240207,10:01:32,7.7,150,60450
20240207,10:01:41,7.65,100,60400
20240207,10:02:15,7.75,150,60400
20240207,10:02:32,7.8,200,60400
20240207,10:03:18,7.85,50,60400
20240207,10:03:28,7.8,50,60400
20240207,10:03:45,7.75,150,60400
20240207,10:04:12,7.8,50,60400
20240207,10:04:31,7.75,200,60400
20240207,10:05:07,7.95,150,60400
20240207,10:05:29,7.95,50,60400
20240207,10:05:57,7.7,150,60400
20240207,10:08:30,7.7,950,60450
20240207,10:08:39,7.55,250,60450
20240207,10:08:56,7.5,100,60450
20240207,10:09:21,7.5,150,60450
20240207,10:09:54,7.5,50,60450
20240207,10:10:42,7.5,50,60200
20240207,10:10:50,7.55,100,60200
20240207,10:12:52,7.65,100,60200
20240207,10:13:34,7.6,50,60200
20240207,10:13:58,7.65,50,60250
20240207,10:14:14,7.7,50,60250
20240207,10:14:44,7.6,50,60250
20240207,10:14:52,7.6,50,60250
20240207,10:14:59,7.5,100,60250
20240207,10:15:14,7.35,50,60250
20240207,10:16:06,7.45,50,60250
20240207,10:17:28,7.5,50,60350
20240207,10:19:27,7.3,50,60350
20240207,10:19:45,7.3,50,60300
20240207,10:20:01,7.3,50,60300
20240207,10:20:17,7.35,50,60300
20240207,10:20:32,7.3,250,60300
20240207,10:20:45,7.3,50,60300
20240207,10:20:53,7.25,350,60300
20240207,10:21:08,7.25,150,60300
20240207,10:22:42,7.35,150,60300
20240207,10:22:51,7.25,100,60300
20240207,10:25:00,7.3,50,60300
20240207,10:25:08,7.3,50,60300
20240207,10:27:03,7.2,200,60350
20240207,10:27:25,7.15,50,60350
20240207,10:28:54,7.05,600,60400
20240207,10:29:09,7.05,550,60400
20240207,10:29:29,7.05,250,60400
20240207,10:29:35,7.05,250,60400
20240207,10:29:42,7.0,250,60400
20240207,10:29:55,6.95,500,60400
20240207,10:30:01,6.95,250,60400
20240207,10:30:14,7.0,100,60400
20240207,10:31:22,7.1,50,60400
20240207,10:32:02,7.1,450,58650
20240207,10:32:08,7.0,250,58650
20240207,10:32:15,7.1,500,58650
20240207,10:32:22,7.05,750,58650
20240207,10:32:29,7.1,550,58650
20240207,10:32:55,6.9,300,58650
20240207,10:33:04,6.9,150,58650
20240207,10:33:31,6.9,250,58650
20240207,10:34:14,7.05,50,58650
20240207,10:34:33,7.1,50,58650
20240207,10:35:26,7.15,50,57600
20240207,10:35:34,7.1,50,57600
20240207,10:35:54,7.0,600,57600
20240207,10:36:02,7.0,350,57600
20240207,10:36:09,7.0,100,57600
20240207,10:36:17,6.95,250,57600
20240207,10:36:24,7.05,250,57600
20240207,10:36:31,7.0,100,57600
20240207,10:36:39,7.05,500,57600
20240207,10:36:46,7.05,100,57600
20240207,10:36:54,7.1,50,57600
20240207,10:37:01,7.0,50,57600
20240207,10:37:16,6.95,150,57600
20240207,10:37:23,7.0,50,57600
20240207,10:37:30,7.0,850,57600
20240207,10:37:53,7.0,100,56900
20240207,10:38:38,7.15,250,56900
20240207,10:38:39,7.25,50,56900
20240207,10:38:48,7.15,200,56900
20240207,10:38:51,7.15,50,56900
20240207,10:38:56,7.1,250,56900
20240207,10:39:04,7.2,250,56900
20240207,10:39:15,7.25,150,56900
20240207,10:39:56,7.05,250,56900
20240207,10:40:26,7.1,300,56900
20240207,10:40:48,7.25,450,56750
20240207,10:40:55,7.1,450,56750
20240207,10:41:03,7.1,50,56750
20240207,10:41:09,7.1,450,56750
20240207,10:41:34,7.05,200,56750
20240207,10:41:45,7.1,50,56750
20240207,10:41:51,7.1,300,56750
20240207,10:42:07,7.4,450,56750
20240207,10:42:16,7.25,500,56750
20240207,10:42:24,7.15,800,56750
20240207,10:42:52,7.2,100,56750
20240207,10:42:59,7.15,250,56750
20240207,10:43:05,7.15,50,56750
20240207,10:43:10,7.15,50,56750
20240207,10:43:17,7.25,550,56750
20240207,10:43:32,7.35,250,56750
20240207,10:43:39,7.3,500,56750
20240207,10:43:53,7.4,350,55050
20240207,10:44:00,7.5,200,55050
20240207,10:44:14,7.25,250,55050
20240207,10:44:28,7.35,50,55050
20240207,10:44:34,7.35,50,55050
20240207,10:44:41,7.25,100,55050
20240207,10:44:48,7.2,250,55050
20240207,10:44:54,7.15,200,55050
20240207,10:45:06,7.25,250,55050
20240207,10:45:19,7.2,250,55050
20240207,10:45:28,7.15,50,55050
20240207,10:45:40,7.1,200,55050
20240207,10:45:45,7.15,50,55050
20240207,10:45:48,7.15,50,55050
20240207,10:45:50,7.05,250,55050
20240207,10:45:53,7.05,100,55050
20240207,10:46:24,7.1,250,55050
20240207,10:46:31,7.1,50,55050
20240207,10:46:54,7.05,50,54900
20240207,10:47:01,7.05,50,54900
20240207,10:47:08,7.1,100,54900
20240207,10:47:37,6.95,500,54900
20240207,10:47:44,7.05,50,54900
20240207,10:47:57,6.95,250,54900
20240207,10:48:05,7.05,200,54900
20240207,10:48:19,7.15,50,54900
20240207,10:48:26,7.15,100,54900
20240207,10:48:43,7.15,50,54900
20240207,10:48:49,7.3,50,54900
20240207,10:49:01,7.25,50,54900
20240207,10:49:56,7.15,200,54550
20240207,10:50:09,7.15,50,54550
20240207,10:51:26,7.1,150,54550
20240207,10:52:30,7.2,100,54550
20240207,10:53:04,7.3,950,54500
20240207,10:53:10,7.35,1450,54500
20240207,10:53:34,7.4,550,54500
20240207,10:53:41,7.3,250,54500
20240207,10:53:49,7.3,800,54500
20240207,10:53:55,7.4,1600,54500
20240207,10:54:01,7.3,300,54500
20240207,10:54:07,7.3,150,54500
20240207,10:54:29,7.4,250,54500
20240207,10:54:33,7.45,150,54500
20240207,10:54:37,7.35,250,54500
20240207,10:54:41,7.4,50,54500
20240207,10:54:46,7.4,250,54500
20240207,10:54:51,7.3,250,54500
20240207,10:54:57,7.3,250,54500
20240207,10:55:01,7.3,50,54500
20240207,10:55:07,7.35,100,54500
20240207,10:55:14,7.4,200,54500
20240207,10:56:33,7.35,50,52400
20240207,10:58:07,7.55,50,52400
20240207,10:58:21,7.6,100,52400
20240207,10:58:26,7.6,100,52400
20240207,10:58:38,7.7,100,52400
20240207,10:58:44,7.7,50,52400
20240207,10:58:56,7.7,50,52950
20240207,10:59:11,7.7,50,52950
20240207,10:59:15,7.75,50,52950
20240207,10:59:20,7.65,50,52950
20240207,10:59:58,7.75,50,52950
20240207,11:00:05,7.8,100,52950
20240207,11:00:50,7.8,100,52950
20240207,11:00:59,7.7,100,52950
20240207,11:01:04,7.75,50,52950
20240207,11:01:30,7.7,100,52950
20240207,11:03:36,7.85,50,52700
20240207,11:03:49,7.7,250,52700
20240207,11:03:55,7.8,200,52700
20240207,11:04:15,7.65,100,52700
20240207,11:04:53,7.65,100,52450
20240207,11:05:07,7.7,300,52450
20240207,11:05:21,7.75,100,52450
20240207,11:05:29,7.6,450,52450
20240207,11:06:13,7.7,100,52450
20240207,11:06:21,7.85,50,52450
20240207,11:06:28,7.9,50,52450
20240207,11:06:34,7.85,50,52450
20240207,11:07:41,7.6,50,52450
20240207,11:08:02,7.65,50,52850
20240207,11:08:17,7.7,150,52850
20240207,11:09:12,7.55,50,52850
20240207,11:09:19,7.65,50,52850
20240207,11:09:28,7.85,150,52850
20240207,11:09:38,7.85,50,52850
20240207,11:10:08,7.8,50,52850
20240207,11:10:28,7.7,100,52850
20240207,11:11:03,7.65,50,52850
20240207,11:11:13,7.6,300,53050
20240207,11:11:58,7.65,100,53050
20240207,11:12:22,7.55,50,53050
20240207,11:12:40,7.5,400,53050
20240207,11:13:25,7.45,50,53050
20240207,11:14:16,7.4,50,53000
20240207,11:15:51,7.3,50,53000
20240207,11:17:10,7.25,50,53000
20240207,11:18:20,7.25,50,53000
20240207,11:18:52,7.25,50,53000
20240207,11:19:17,7.15,50,53000
20240207,11:19:29,7.25,50,53000
20240207,11:19:48,7.3,100,52900
20240207,11:21:38,7.2,150,52900
20240207,11:22:14,7.25,200,52900
20240207,11:22:42,7.25,50,52900
20240207,11:23:38,7.25,50,52550
20240207,11:24:46,7.45,50,52550
20240207,11:25:09,7.45,50,52550
20240207,11:25:23,7.4,50,52550
20240207,11:25:30,7.45,50,52550
20240207,11:26:49,7.5,100,52500
20240207,11:26:59,7.6,50,52500
20240207,11:27:14,7.6,50,52500
20240207,11:27:22,7.6,200,52500
20240207,11:27:57,7.3,250,52500
20240207,11:28:49,7.45,150,52500
20240207,11:28:56,7.55,50,53000
20240207,11:29:09,7.6,150,53000
20240207,11:29:22,7.6,100,53000
20240207,11:29:42,7.5,100,53000
20240207,11:29:58,7.35,150,53000
20240207,11:30:10,7.45,150,53000
20240207,11:30:24,7.5,50,53000
20240207,11:31:07,7.65,50,53000
20240207,11:32:21,8.05,350,53300
20240207,11:32:30,8.2,550,53300
20240207,11:32:39,8.4,250,53300
20240207,11:32:47,8.35,150,53300
20240207,11:33:14,8.45,250,53300
20240207,11:33:34,8.45,100,53300
20240207,11:33:44,8.45,50,53300
20240207,11:33:52,8.5,100,53300
20240207,11:34:00,8.6,50,53300
20240207,11:34:07,8.55,100,53300
20240207,11:34:25,8.7,100,53300
20240207,11:34:33,8.85,100,53300
20240207,11:34:48,8.75,50,53300
20240207,11:35:04,8.5,150,53400
20240207,11:35:21,8.75,50,53400
20240207,11:35:56,8.3,50,53400
20240207,11:36:05,8.25,100,53400
20240207,11:37:24,8.45,300,53400
20240207,11:37:33,8.75,350,53400
20240207,11:37:42,8.8,100,53400
20240207,11:37:51,8.75,350,53400
20240207,11:38:10,9.0,50,53400
20240207,11:38:21,9.15,100,53300
20240207,11:38:30,9.15,50,53300
20240207,11:38:47,8.9,50,53300
20240207,11:38:56,9.0,150,53300
20240207,11:39:05,8.85,100,53300
20240207,11:39:15,9.0,50,53300
20240207,11:39:25,9.05,150,53300
20240207,11:39:44,8.85,500,53300
20240207,11:39:52,9.0,100,53300
20240207,11:40:00,9.05,50,53300
20240207,11:40:08,9.2,150,53300
20240207,11:40:24,9.2,50,53300
20240207,11:40:31,9.3,100,53300
20240207,11:41:31,9.3,50,53200
20240207,11:41:39,9.3,50,53200
20240207,11:41:47,9.1,250,53200
20240207,11:42:13,9.1,150,53200
20240207,11:42:53,8.65,50,53200
20240207,11:43:02,8.6,50,53200
20240207,11:43:44,8.65,50,53200
20240207,11:44:16,8.65,200,52950
20240207,11:44:24,8.5,50,52950
20240207,11:44:32,8.4,150,52950
20240207,11:44:49,8.45,50,52950
20240207,11:44:58,8.5,50,52950
20240207,11:45:06,8.5,100,52950
20240207,11:45:23,8.6,100,52950
20240207,11:45:40,8.55,450,52950
20240207,11:45:48,8.35,50,52950
20240207,11:46:13,8.0,200,52950
20240207,11:46:21,8.05,200,52950
20240207,11:46:29,7.95,50,52950
20240207,11:46:37,8.05,50,52950
20240207,11:47:09,7.9,50,53400
20240207,11:47:25,7.8,100,53400
20240207,11:47:57,7.9,200,53400
20240207,11:48:18,7.85,50,53400
20240207,11:48:33,7.7,100,53400
20240207,11:48:56,7.65,150,53400
20240207,11:49:12,7.6,1100,53400
20240207,11:49:53,7.8,100,52850
20240207,11:50:00,7.8,200,52850
20240207,11:50:17,8.0,200,52850
20240207,11:51:19,7.75,50,52850
20240207,11:51:27,7.85,100,52850
20240207,11:51:47,7.85,2000,52850
20240207,11:51:54,7.8,250,52850
20240207,11:52:02,7.9,1050,52850
20240207,11:52:31,8.0,50,52850
20240207,11:52:45,8.15,550,52850
20240207,11:52:59,8.05,100,51500
20240207,11:53:06,8.05,200,51500
20240207,11:53:13,8.0,800,51500
20240207,11:53:20,8.05,800,51500
20240207,11:53:28,8.15,1900,51500
20240207,11:53:36,8.15,200,51500
20240207,11:53:43,8.15,100,51500
20240207,11:53:50,8.15,400,51500
20240207,11:53:58,8.15,250,51500
20240207,11:54:06,8.2,400,51500
20240207,11:54:37,8.3,50,51500
20240207,11:54:45,8.4,100,51500
20240207,11:55:08,8.4,200,51500
20240207,11:55:15,8.45,50,51500
20240207,11:55:22,8.5,1000,51500
20240207,11:55:31,8.6,50,51500
20240207,11:55:40,8.65,50,51500
20240207,11:56:22,8.8,200,50750
20240207,11:56:31,8.9,50,50750
20240207,11:57:07,8.95,100,50750
20240207,11:57:15,8.95,50,50750
20240207,11:57:24,9.0,1350,50750
20240207,11:57:32,9.0,250,50750
20240207,11:57:41,9.15,200,50750
20240207,11:57:58,9.3,100,50750
20240207,11:58:06,9.25,350,50750
20240207,11:58:15,9.15,300,50750
20240207,11:58:32,9.05,50,50750
20240207,11:58:40,9.05,350,50750
20240207,11:59:04,9.1,500,49750
20240207,11:59:12,9.0,50,49750
20240207,11:59:19,9.15,1100,49750
20240207,11:59:27,9.1,150,49750
20240207,11:59:34,9.1,150,49750
20240207,11:59:42,8.95,700,49750
20240207,11:59:50,8.95,500,49750
20240207,11:59:57,8.9,500,49750
20240207,12:00:05,9.0,300,49750
20240207,12:00:12,9.0,200,49750
20240207,12:00:19,8.95,100,49750
20240207,12:00:26,9.05,450,49750
20240207,12:00:33,8.9,250,49750
20240207,12:00:41,9.0,50,49750
20240207,12:00:55,8.95,150,49750
20240207,12:01:04,8.75,50,49750
20240207,12:01:19,8.65,50,49750
20240207,12:01:35,8.85,1100,49750
20240207,12:01:42,9.0,250,49750
20240207,12:01:50,9.0,100,49750
20240207,12:01:57,9.0,50,49750
20240207,12:02:12,8.85,50,48700
20240207,12:02:20,8.8,50,48700
20240207,12:02:35,8.65,50,48700
20240207,12:02:52,8.65,450,48700
20240207,12:03:00,8.55,650,48700
20240207,12:03:07,8.55,150,48700
20240207,12:03:30,8.55,250,48700
20240207,12:03:45,8.35,350,48700
20240207,12:03:53,8.35,250,48700
20240207,12:04:01,8.3,350,48700
20240207,12:04:26,8.3,300,48700
20240207,12:05:18,8.25,50,48950
20240207,12:05:35,8.5,50,48950
20240207,12:05:51,8.55,50,48950
20240207,12:05:58,8.5,550,48950
20240207,12:06:06,8.4,50,48950
20240207,12:07:25,8.35,50,48950
20240207,12:07:49,8.4,50,48950
20240207,12:08:05,8.3,50,49050
20240207,12:08:22,8.3,100,49050
20240207,12:08:30,8.2,100,49050
20240207,12:08:37,8.2,50,49050
20240207,12:08:45,8.25,50,49050
20240207,12:08:53,8.1,50,49050
20240207,12:09:02,8.1,100,49050
20240207,12:09:10,8.2,50,49050
20240207,12:09:17,8.25,50,49050
20240207,12:09:25,8.3,100,49050
20240207,12:09:32,8.35,100,49050
20240207,12:09:39,8.35,400,49050
20240207,12:09:52,8.35,50,49050
20240207,12:10:05,8.25,50,49050
20240207,12:10:31,8.3,100,49050
20240207,12:10:57,8.45,250,49000
20240207,12:11:21,8.35,50,49000
20240207,12:11:35,8.2,50,49000
20240207,12:12:02,8.15,50,49000
20240207,12:12:55,8.6,50,49000
20240207,12:13:34,8.45,50,49000
20240207,12:14:28,8.75,50,49400
20240207,12:14:50,8.75,50,49400
20240207,12:15:31,8.6,200,49400
20240207,12:15:46,8.45,100,49400
20240207,12:16:09,8.5,100,49400
20240207,12:16:36,8.55,50,49400
20240207,12:17:07,8.5,50,49550
20240207,12:17:26,8.55,50,49550
20240207,12:18:22,8.35,50,49550
20240207,12:18:42,8.3,50,49550
20240207,12:19:23,8.3,50,49550
20240207,12:19:51,8.25,50,49550
20240207,12:19:58,8.25,100,49550
20240207,12:20:06,8.25,50,49650
20240207,12:20:46,8.15,50,49650
20240207,12:21:17,8.15,100,49650
20240207,12:21:29,8.2,100,49650
20240207,12:21:48,8.2,50,49650
20240207,12:21:56,8.25,50,49650
20240207,12:22:02,8.2,50,49650
20240207,12:22:20,8.1,50,49650
20240207,12:23:07,8.3,50,49700
20240207,12:23:13,8.3,50,49700
20240207,12:23:20,8.3,50,49700
20240207,12:23:54,8.2,50,49700
20240207,12:24:19,8.25,50,49700
20240207,12:24:32,8.25,100,49700
20240207,12:24:52,8.2,50,49700
20240207,12:25:29,8.2,50,49700
20240207,12:25:44,8.2,50,49700
20240207,12:25:50,8.25,50,49700
20240207,12:26:02,8.2,50,49650
20240207,12:26:12,8.15,50,49650
20240207,12:26:32,8.15,50,49650
20240207,12:26:38,8.15,1300,49650
20240207,12:26:49,8.05,1450,49650
20240207,12:26:54,8.0,600,49650
20240207,12:27:00,8.0,100,49650
20240207,12:27:14,7.95,100,49650
20240207,12:27:49,8.1,50,49650
20240207,12:27:55,8.1,50,49650
20240207,12:28:31,8.0,50,49650
20240207,12:28:37,8.05,100,49650
20240207,12:28:59,7.95,50,48400
20240207,12:29:05,8.0,50,48400
20240207,12:29:58,7.9,100,48400
20240207,12:30:15,7.9,50,48400
20240207,12:30:27,7.95,200,48400
20240207,12:30:39,7.95,50,48400
20240207,12:31:15,7.85,50,48400
20240207,12:31:30,7.85,50,48400
20240207,12:31:35,7.85,250,48400
20240207,12:32:13,7.75,50,47850
20240207,12:32:34,7.65,50,47850
20240207,12:32:41,7.7,50,47850
20240207,12:32:48,7.7,50,47850
20240207,12:33:08,7.6,100,47850
20240207,12:33:16,7.45,50,47850
20240207,12:33:25,7.45,250,47850
20240207,12:33:32,7.5,50,47850
20240207,12:33:40,7.55,350,47850
20240207,12:33:47,7.55,50,47850
20240207,12:34:32,7.45,50,47850
20240207,12:35:45,7.4,150,47950
20240207,12:36:13,7.35,50,47950
20240207,12:36:20,7.4,50,47950
20240207,12:36:33,7.4,50,47950
20240207,12:36:45,7.4,50,47950
20240207,12:37:03,7.45,350,47950
20240207,12:37:58,7.6,50,47950
20240207,12:38:28,7.6,50,47650
20240207,12:38:41,7.6,50,47650
20240207,12:39:05,7.6,100,47650
20240207,12:39:15,7.65,250,47650
20240207,12:39:25,7.7,100,47650
20240207,12:39:40,7.7,150,47650
20240207,12:39:50,7.8,50,47650
20240207,12:40:01,7.8,50,47650
20240207,12:40:14,7.9,50,47650
20240207,12:40:28,7.9,50,47650
20240207,12:40:41,8.0,100,47650
20240207,12:40:48,7.85,50,47650
20240207,12:41:01,7.9,50,48300
20240207,12:41:08,7.75,50,48300
20240207,12:41:14,7.7,50,48300
20240207,12:41:38,7.6,50,48300
20240207,12:42:39,7.85,250,48300
20240207,12:42:45,7.85,50,48300
20240207,12:42:58,7.75,200,48300
20240207,12:43:05,7.75,50,48300
20240207,12:43:27,7.7,150,48300
20240207,12:44:17,7.7,100,48450
20240207,12:44:22,7.65,200,48450
20240207,12:44:28,7.75,50,48450
20240207,12:44:52,7.75,50,48450
20240207,12:46:04,7.85,50,48450
20240207,12:46:33,7.8,150,48450
20240207,12:47:04,7.7,50,49100
20240207,12:47:20,7.9,50,49100
20240207,12:47:25,7.9,50,49100
20240207,12:47:55,8.0,50,49100
20240207,12:48:19,8.05,100,49100
20240207,12:48:26,7.95,50,49100
20240207,12:49:32,8.15,50,49100
20240207,12:49:37,8.15,50,49100
20240207,12:49:43,8.1,50,49100
20240207,12:50:17,8.05,50,49100
20240207,12:51:15,8.1,1050,49100
20240207,12:51:21,8.2,50,49100
20240207,12:51:34,8.15,50,49100
20240207,12:51:57,8.1,50,49100
20240207,12:52:09,8.1,50,49100
20240207,12:52:14,8.05,50,49100
20240207,12:53:38,8.1,50,50000
20240207,12:54:01,8.0,50,50000
20240207,12:54:07,8.1,200,50000
20240207,12:54:14,8.2,1000,50000
20240207,12:54:35,8.2,150,50000
20240207,12:54:41,8.15,100,50000
20240207,12:54:55,8.1,50,50000
20240207,12:55:02,8.1,200,50000
20240207,12:55:37,8.0,2200,50000
20240207,12:55:42,8.0,300,50000
20240207,12:55:53,7.95,100,50000
20240207,12:56:09,7.8,1800,52200
20240207,12:56:20,7.7,1100,52200
20240207,12:56:25,7.85,450,52200
20240207,12:57:52,7.75,50,52200
20240207,12:58:49,7.75,50,52200
20240207,12:59:47,7.65,100,55150
20240207,13:00:26,7.75,100,55150
20240207,13:00:52,7.7,50,55150
20240207,13:01:26,7.7,50,55150
20240207,13:02:01,7.7,100,55150
20240207,13:02:46,7.6,50,55050
20240207,13:02:53,7.65,50,55050
20240207,13:02:59,7.65,50,55050
20240207,13:03:11,7.6,1500,55050
20240207,13:03:17,7.65,100,55050
20240207,13:03:27,7.7,100,55050
20240207,13:03:54,7.7,300,55050
20240207,13:05:25,7.7,250,56100
20240207,13:05:37,7.65,50,56100
20240207,13:07:13,7.55,50,56100
20240207,13:07:48,7.6,200,56100
20240207,13:08:46,7.5,50,55650
20240207,13:10:53,7.5,450,55650
20240207,13:11:20,7.5,50,55750
20240207,13:12:33,7.3,2200,55750
20240207,13:13:15,7.25,850,55750
20240207,13:13:27,7.25,1550,55750
20240207,13:13:33,7.35,50,55750
20240207,13:13:55,7.35,1050,55750
20240207,13:14:00,7.35,50,55750
20240207,13:14:34,7.5,550,57100
20240207,13:14:44,7.5,50,57100
20240207,13:15:14,7.45,50,57100
20240207,13:15:54,7.5,100,57100
20240207,13:17:47,7.25,100,57800
20240207,13:17:52,7.2,150,57800
20240207,13:18:13,7.25,50,57800
20240207,13:19:02,7.3,50,57800
20240207,13:19:08,7.3,100,57800
20240207,13:19:20,7.3,50,57800
20240207,13:19:42,7.2,50,57800
20240207,13:20:05,7.2,50,57800
20240207,13:20:15,7.2,50,58250
20240207,13:20:51,7.0,50,58250
20240207,13:21:00,7.0,100,58250
20240207,13:21:29,7.0,250,58250
20240207,13:21:35,7.0,50,58250
20240207,13:22:02,7.0,100,58250
20240207,13:23:02,7.15,50,58250
20240207,13:23:08,7.15,100,58550
20240207,13:25:31,7.1,50,58550
20240207,13:26:57,7.05,200,58550
20240207,13:28:13,7.05,50,58550
20240207,13:29:59,7.2,50,58550
20240207,13:30:23,7.3,50,58550
20240207,13:30:36,7.2,350,58550
20240207,13:32:10,7.15,150,58550
20240207,13:32:28,6.85,150,58150
20240207,13:32:38,6.85,50,58150
20240207,13:33:38,6.75,200,58150
20240207,13:33:46,6.75,50,58150
20240207,13:33:53,6.75,100,58150
20240207,13:34:52,6.75,350,58150
20240207,13:35:01,6.75,50,58150
20240207,13:36:04,6.8,1250,57850
20240207,13:36:10,6.9,300,57850
20240207,13:36:17,6.85,50,57850
20240207,13:36:24,6.75,250,57850
20240207,13:36:38,6.85,400,57850
20240207,13:37:31,6.6,100,57850
20240207,13:37:47,6.6,100,57850
20240207,13:37:58,6.55,1100,57850
20240207,13:38:08,6.55,1900,57850
20240207,13:38:16,6.6,450,58150
20240207,13:38:38,6.7,450,58150
20240207,13:38:44,6.65,50,58150
20240207,13:38:52,6.7,1150,58150
20240207,13:39:30,6.55,100,58150
20240207,13:39:45,6.45,150,58150
20240207,13:40:07,6.4,50,58150
20240207,13:40:17,6.35,50,58150
20240207,13:40:27,6.35,50,58150
20240207,13:41:05,6.2,150,58150
20240207,13:41:16,6.2,200,58700
20240207,13:41:24,6.2,50,58700
20240207,13:41:49,6.15,100,58700
20240207,13:42:00,6.15,300,58700
20240207,13:42:09,6.25,50,58700
20240207,13:42:18,6.2,450,58700
20240207,13:42:28,6.0,150,58700
20240207,13:42:38,5.95,150,58700
20240207,13:42:46,5.95,2700,58700
20240207,13:42:54,5.9,4150,58700
20240207,13:43:02,5.9,1700,58700
20240207,13:43:10,5.95,650,58700
20240207,13:43:18,5.95,450,58700
20240207,13:43:26,5.95,50,58700
20240207,13:43:34,5.9,500,58700
20240207,13:43:46,5.95,400,58700
20240207,13:43:51,5.8,50,58700
20240207,13:43:57,5.8,50,58700
20240207,13:44:08,5.7,550,58700
20240207,13:45:13,5.9,50,50550
20240207,13:45:34,6.0,100,50550
20240207,13:45:40,6.0,150,50550
20240207,13:45:46,6.1,100,50550
20240207,13:46:29,6.25,150,50550
20240207,13:46:44,6.3,150,50550
20240207,13:46:59,6.3,250,50550
20240207,13:47:08,6.3,350,50550
20240207,13:47:13,6.3,50,50550
20240207,13:48:16,6.35,150,50600
20240207,13:48:22,6.35,50,50600
20240207,13:48:41,6.4,50,50600
20240207,13:48:52,6.5,50,50600
20240207,13:48:57,6.45,800,50600
20240207,13:49:08,6.4,600,50600
20240207,13:49:14,6.45,100,50600
20240207,13:50:07,6.45,400,50600
20240207,13:50:12,6.4,100,51450
20240207,13:50:23,6.35,100,51450
20240207,13:51:05,6.4,50,51450
20240207,13:52:02,6.45,50,51450
20240207,13:52:24,6.45,100,51450
20240207,13:52:56,6.4,50,51450
20240207,13:53:25,6.45,100,50850
20240207,13:56:30,6.4,100,50850
20240207,13:57:45,6.15,50,50850
20240207,13:58:02,6.15,50,50850
20240207,13:58:12,6.15,100,50850
20240207,13:58:34,6.25,50,50850
20240207,13:58:38,6.25,50,50850
20240207,13:58:47,6.2,50,50850
20240207,13:58:52,6.2,50,50850
20240207,14:01:20,6.1,50,51050
20240207,14:01:52,6.05,700,51050
20240207,14:02:04,6.05,100,51050
20240207,14:02:09,6.15,50,51050
20240207,14:05:10,6.1,1500,51500
20240207,14:05:40,6.1,1500,53000
20240207,14:05:46,6.1,50,53000
20240207,14:06:15,6.1,100,53000
20240207,14:06:29,6.15,200,53000
20240207,14:07:43,6.2,250,53000
20240207,14:08:14,6.0,500,53000
20240207,14:08:21,5.9,50,53750
20240207,14:08:27,5.95,250,53750
20240207,14:08:34,5.95,250,53750
20240207,14:09:25,5.95,1000,53750
20240207,14:11:07,5.85,1050,53750
20240207,14:11:41,5.75,50,51950
20240207,14:12:55,5.7,100,51950
20240207,14:13:25,5.65,100,51950
20240207,14:13:32,5.65,500,51950
20240207,14:14:38,5.65,300,51600
20240207,14:14:51,5.75,50,51600
20240207,14:15:19,5.65,50,51600
20240207,14:15:26,5.65,200,51600
20240207,14:15:39,5.6,1500,51600
20240207,14:15:46,5.6,100,51600
20240207,14:15:59,5.55,100,51600
20240207,14:16:05,5.55,1100,51600
20240207,14:16:11,5.6,100,51600
20240207,14:16:18,5.55,500,51600
20240207,14:16:26,5.5,1100,51600
20240207,14:16:33,5.55,150,51600
20240207,14:17:04,5.45,100,51600
20240207,14:17:38,5.45,50,49350
20240207,14:17:57,5.45,350,49350
20240207,14:18:26,5.45,400,49350
20240207,14:19:32,5.3,700,49350
20240207,14:19:41,5.3,300,49350
20240207,14:19:48,5.3,50,49350
20240207,14:19:57,5.3,600,49350
20240207,14:20:12,5.25,300,49350
20240207,14:20:20,5.25,100,51000
20240207,14:20:28,5.25,100,51000
20240207,14:20:36,5.25,550,51000
20240207,14:20:46,5.2,800,51000
20240207,14:21:05,5.2,250,51000
20240207,14:21:29,5.2,250,51000
20240207,14:21:36,5.15,50,51000
20240207,14:22:22,5.15,50,51000
20240207,14:22:29,5.15,50,51000
20240207,14:23:12,5.2,50,51000
20240207,14:24:01,5.1,100,51000
20240207,14:25:06,5.1,450,50950
