date,time,tick_price,volume,open_interest
20231221,09:20:33,433.05,50,50
20231221,12:31:13,521.0,50,50
20231221,12:54:27,564.4,50,50
20240108,09:41:44,690.4,1,50
20240108,09:41:44,690.4,50,50
20240108,09:43:10,651.3,50,50
20240108,10:16:47,651.3,50,100
20240108,10:19:53,697.05,50,100
20240108,10:26:16,690.0,50,100
20240108,14:11:16,615.0,50,100
20240109,14:20:17,620.0,1,100
20240109,14:20:17,620.0,50,100
20240109,15:29:41,560.2,250,150
20240109,15:29:43,562.55,200,150
20240109,15:29:45,561.6,450,150
20240110,10:32:51,540.0,1,300
20240110,10:32:51,540.0,50,300
20240110,10:46:25,537.85,50,300
20240110,11:09:47,530.0,50,350
20240110,11:45:14,530.0,50,400
20240110,12:48:17,551.0,50,350
20240110,12:54:31,515.4,50,350
20240110,12:56:04,510.0,50,350
20240110,13:15:32,510.0,150,450
20240110,13:18:01,517.8,50,450
20240110,13:28:06,510.65,50,650
20240110,13:53:08,515.55,50,700
20240110,13:54:57,520.0,100,700
20240110,13:55:11,525.0,50,700
20240110,13:57:06,540.0,100,700
20240110,14:06:07,533.05,50,850
20240110,14:17:30,560.0,100,900
20240110,14:43:41,584.5,50,1000
20240110,14:54:18,600.0,100,1050
20240110,14:56:07,600.0,50,1100
20240111,09:28:44,666.3,1,1150
20240111,09:28:44,666.3,50,1150
20240111,09:29:20,688.9,50,1150
20240111,09:35:27,688.9,50,1200
20240111,09:44:32,664.7,50,1200
20240111,09:55:01,644.75,300,1250
20240111,10:23:31,640.0,50,1450
20240111,10:23:33,640.0,50,1450
20240111,10:24:18,640.0,50,1450
20240111,10:24:39,639.0,50,1450
20240111,11:54:39,639.0,50,1500
20240111,12:33:47,641.25,50,1550
20240111,12:37:08,643.45,50,1550
20240111,12:37:29,647.55,50,1550
20240111,14:28:31,620.0,50,1550
20240111,14:49:05,619.95,100,1600
20240111,14:58:34,619.95,50,1600
20240111,15:07:17,606.5,50,1650
20240111,15:08:12,604.5,50,1650
20240111,15:10:57,604.5,50,1700
20240111,15:27:23,616.55,100,1750
20240112,09:19:46,685.45,1,1850
20240112,09:19:46,685.45,50,1850
20240112,09:20:56,708.9,100,1850
20240112,09:21:10,708.9,50,1850
20240112,09:21:13,710.0,50,1850
20240112,09:23:45,713.45,50,1850
20240112,09:24:47,713.45,50,1850
20240112,09:30:53,720.6,50,1850
20240112,09:36:24,720.6,100,1850
20240112,09:37:27,704.0,100,1850
20240112,09:58:07,727.45,50,1950
20240112,10:16:09,785.15,50,1950
20240112,10:20:44,785.15,100,1950
20240112,10:21:35,785.0,100,1950
20240112,10:35:37,794.55,50,1900
20240112,11:10:35,804.3,150,1900
20240112,11:34:16,805.55,150,2000
20240112,12:27:51,808.45,50,1900
20240112,12:50:10,815.0,100,1900
20240112,12:50:14,815.0,50,1900
20240112,12:52:10,828.0,100,1900
20240112,12:55:42,846.65,50,2000
20240112,12:55:50,851.35,50,2000
20240112,13:40:39,872.0,50,2000
20240112,13:41:15,872.0,50,2000
20240112,13:41:17,873.05,50,2000
20240112,13:42:59,892.0,150,1950
20240112,14:01:38,892.0,50,1950
20240112,14:06:25,866.9,100,2000
20240112,14:38:22,925.0,150,2000
20240112,15:06:12,925.0,50,2000
20240112,15:20:05,886.5,50,2000
20240112,15:26:45,905.0,200,1950
20240115,11:25:05,1020.0,1,1950
20240115,11:25:05,1020.0,200,1950
20240115,11:51:44,1012.7,50,2000
20240115,11:57:43,1003.85,50,2000
20240115,12:06:29,1003.85,50,2000
20240115,12:06:38,1010.2,50,2000
20240115,14:18:03,1046.8,50,2000
20240116,10:20:56,1040.0,1,1950
20240116,10:20:56,1040.0,50,1950
20240116,10:36:13,1048.0,50,1950
20240116,11:40:42,1057.45,50,1900
20240116,11:43:25,1057.45,50,1900
20240116,14:13:52,1000.9,50,1900
20240116,15:00:00,992.0,100,1950
20240117,10:06:58,743.0,1,1850
20240117,10:06:58,743.0,200,1850
20240117,10:07:04,736.85,150,1850
20240117,10:47:24,705.0,1000,1600
20240117,10:49:59,705.0,1000,2250
20240117,10:54:44,710.0,1000,3250
20240117,10:55:18,708.0,500,3250
20240117,11:03:22,707.0,1500,4750
20240117,11:04:30,710.0,1000,4750
20240117,11:09:32,718.0,300,2250
20240117,11:09:36,718.0,700,2250
20240117,12:04:07,603.6,50,1600
20240117,12:19:42,603.6,50,1650
20240117,12:20:14,642.1,50,1650
20240117,12:47:35,608.55,50,1650
20240117,12:50:54,613.55,50,1650
20240117,13:05:20,624.55,350,1700
20240117,13:08:14,622.15,200,1850
20240117,13:08:40,614.75,200,1850
20240117,13:43:47,615.1,350,1700
20240117,14:03:25,615.0,200,1650
20240117,14:10:53,617.0,50,1800
20240117,14:18:42,607.6,50,1850
20240117,14:20:04,604.95,50,1850
20240117,14:23:32,589.7,200,1850
20240117,14:24:02,589.7,1000,1850
20240117,14:24:28,595.8,500,2900
20240117,14:24:36,596.75,200,2900
20240117,14:25:23,590.0,1500,2900
20240117,14:25:44,575.5,1500,2900
20240117,14:27:02,575.5,1500,2900
20240117,15:00:59,513.0,1350,3700
20240117,15:06:46,510.55,50,4950
20240117,15:07:58,497.3,50,4950
20240117,15:12:02,497.3,50,4950
20240117,15:12:51,540.0,100,4950
20240117,15:15:03,535.95,50,4950
20240117,15:17:22,526.0,100,4950
20240117,15:18:25,516.8,50,4950
20240117,15:25:02,519.45,50,4950
20240117,15:25:24,521.05,50,4950
20240117,15:26:57,527.4,50,4950
20240117,15:29:18,522.5,100,4850
20240118,09:15:51,406.25,1,4750
20240118,09:15:51,406.3,200,4750
20240118,09:16:08,381.65,300,4750
20240118,09:16:10,381.65,100,4750
20240118,09:16:11,379.05,700,4750
20240118,09:16:15,379.05,100,4750
20240118,09:16:22,379.25,200,4750
20240118,09:16:23,376.5,50,4750
20240118,09:16:37,376.45,200,4750
20240118,09:16:39,376.45,200,4750
20240118,09:16:40,372.2,300,4750
20240118,09:17:50,372.2,50,4900
20240118,09:17:55,396.55,50,4900
20240118,09:18:17,402.35,50,4900
20240118,09:18:22,398.95,100,4900
20240118,09:18:33,404.05,400,4900
20240118,09:18:58,392.6,150,4900
20240118,09:19:01,392.8,350,4900
20240118,09:19:03,396.75,100,4900
20240118,09:19:13,389.85,100,4900
20240118,09:19:33,389.0,100,4900
20240118,09:20:05,382.55,100,4900
20240118,09:20:06,383.5,100,4900
20240118,09:20:10,385.55,100,4900
20240118,09:20:26,394.95,100,4900
20240118,09:20:29,393.4,300,4900
20240118,09:21:02,399.35,100,4550
20240118,09:21:23,395.95,50,4550
20240118,09:21:50,389.45,50,4550
20240118,09:21:51,391.5,100,4550
20240118,09:22:10,389.15,250,4550
20240118,09:23:07,382.25,100,4550
20240118,09:25:00,392.6,50,4600
20240118,09:25:45,386.95,50,4600
20240118,09:26:32,373.05,100,4650
20240118,09:27:01,377.8,100,4650
20240118,09:27:07,374.45,100,4650
20240118,09:27:39,379.9,200,4650
20240118,09:28:21,374.05,100,4650
20240118,09:28:54,370.65,100,4650
20240118,09:29:58,370.65,50,4650
20240118,09:30:04,369.1,200,4650
20240118,09:31:01,364.55,100,4650
20240118,09:31:24,361.95,100,4650
20240118,09:31:27,357.0,100,4650
20240118,09:32:41,354.1,150,4850
20240118,09:32:42,354.1,100,4850
20240118,09:33:52,351.45,50,4850
20240118,09:35:40,343.95,1450,4850
20240118,09:35:44,343.95,250,4850
20240118,09:35:46,348.0,50,4850
20240118,09:35:56,347.45,50,4850
20240118,09:36:03,339.8,750,4850
20240118,09:36:04,337.65,200,4850
20240118,09:36:05,337.65,100,4850
20240118,09:36:07,339.15,100,4850
20240118,09:36:09,338.85,200,4850
20240118,09:36:15,340.8,50,4850
20240118,09:36:20,340.55,250,4850
20240118,09:36:37,333.3,100,4850
20240118,09:36:41,326.05,50,4850
20240118,09:36:42,323.0,150,4850
20240118,09:36:49,323.0,200,4850
20240118,09:36:51,330.25,50,4850
20240118,09:36:56,325.85,100,4850
20240118,09:37:02,322.95,100,4850
20240118,09:37:13,322.95,50,4850
20240118,09:37:14,325.95,150,4850
20240118,09:37:17,326.05,50,4850
20240118,09:37:33,324.2,50,4850
20240118,09:38:09,319.55,50,4850
20240118,09:38:25,319.55,50,4850
20240118,09:38:32,332.7,50,4850
20240118,09:38:33,334.1,50,4850
20240118,09:38:44,328.1,50,5500
20240118,09:39:31,319.9,250,5500
20240118,09:39:46,321.45,250,5500
20240118,09:39:47,322.35,50,5500
20240118,09:41:15,327.0,50,5500
20240118,09:41:56,326.6,100,5500
20240118,09:42:12,334.6,50,5900
20240118,09:42:33,325.55,300,5900
20240118,09:42:58,329.5,100,5900
20240118,09:43:17,325.65,50,5900
20240118,09:43:18,325.2,50,5900
20240118,09:43:36,327.95,100,5900
20240118,09:43:56,326.5,200,5900
20240118,09:43:57,326.1,200,5900
20240118,09:44:12,329.15,100,5900
20240118,09:45:08,328.2,100,6550
20240118,09:45:12,328.15,100,6550
20240118,09:46:26,323.75,300,6550
20240118,09:46:32,323.0,250,6550
20240118,09:46:44,316.65,400,6550
20240118,09:46:46,317.05,100,6550
20240118,09:46:48,314.25,50,6550
20240118,09:46:50,313.8,100,6550
20240118,09:46:56,313.8,100,6550
20240118,09:46:57,315.3,100,6550
20240118,09:47:00,305.25,1550,6550
20240118,09:47:01,305.25,100,6550
20240118,09:47:02,306.15,100,6550
20240118,09:47:03,306.2,200,6550
20240118,09:47:04,308.4,300,6550
20240118,09:47:08,304.95,300,6550
20240118,09:47:20,304.95,100,6550
20240118,09:47:41,308.0,100,7350
20240118,09:47:44,307.25,100,7350
20240118,09:48:06,309.3,50,7350
20240118,09:48:09,307.25,100,7350
20240118,09:48:10,307.35,50,7350
20240118,09:48:15,305.85,100,7350
20240118,09:48:17,303.9,200,7350
20240118,09:48:26,300.65,100,7350
20240118,09:48:56,299.3,50,7350
20240118,09:49:07,297.9,50,7350
20240118,09:49:11,297.9,150,7350
20240118,09:49:57,299.2,100,7350
20240118,09:49:59,298.9,100,7350
20240118,09:50:11,295.35,200,7350
20240118,09:50:13,294.55,200,7350
20240118,09:50:19,292.45,150,7350
20240118,09:50:20,292.45,50,7350
20240118,09:50:21,291.55,50,7350
20240118,09:50:32,291.55,150,7350
20240118,09:50:34,294.45,300,7350
20240118,09:50:51,291.65,100,7750
20240118,09:50:57,295.2,100,7750
20240118,09:51:02,288.55,350,7750
20240118,09:51:03,286.55,400,7750
20240118,09:51:05,286.55,300,7750
20240118,09:51:06,291.9,100,7750
20240118,09:51:16,288.75,100,7750
20240118,09:51:22,286.85,200,7750
20240118,09:51:23,282.95,250,7750
20240118,09:51:25,282.05,100,7750
20240118,09:51:27,282.05,200,7750
20240118,09:51:32,282.7,100,7750
20240118,09:51:35,284.45,100,7750
20240118,09:51:49,284.15,100,7750
20240118,09:51:51,283.8,200,7750
20240118,09:52:02,281.7,100,7750
20240118,09:52:05,281.7,150,7750
20240118,09:52:12,283.3,50,7750
20240118,09:52:16,281.0,1000,7750
20240118,09:52:19,279.0,50,7750
20240118,09:52:22,279.0,150,7750
20240118,09:52:23,280.95,100,7750
20240118,09:52:26,280.0,50,7750
20240118,09:52:38,273.55,250,7750
20240118,09:52:40,271.25,400,7750
20240118,09:52:41,273.25,100,7750
20240118,09:52:42,270.2,500,7750
20240118,09:52:43,269.4,350,7750
20240118,09:52:44,267.2,50,7750
20240118,09:52:46,265.8,700,7750
20240118,09:52:48,262.9,100,7750
20240118,09:52:49,262.9,50,7750
20240118,09:52:50,260.6,550,7750
20240118,09:52:51,263.65,100,7750
20240118,09:52:52,263.25,200,7750
20240118,09:52:53,265.85,500,7750
20240118,09:52:57,263.6,50,7750
20240118,09:53:00,267.4,1700,7750
20240118,09:53:01,268.8,600,7750
20240118,09:53:03,270.45,200,7750
20240118,09:53:03,271.3,450,7750
20240118,09:53:04,273.7,100,7750
20240118,09:53:05,274.95,50,7750
20240118,09:53:06,274.15,300,7750
20240118,09:53:14,275.9,250,7750
20240118,09:53:15,272.8,150,7750
20240118,09:53:16,272.5,50,7750
20240118,09:53:17,271.65,250,7750
20240118,09:53:18,270.2,50,7750
20240118,09:53:39,269.8,50,12250
20240118,09:53:51,269.55,100,12250
20240118,09:54:03,269.1,50,12250
20240118,09:54:09,269.0,250,12250
20240118,09:54:29,269.85,300,12250
20240118,09:54:33,273.0,650,12250
20240118,09:55:01,270.0,100,12250
20240118,09:55:04,268.0,150,12250
20240118,09:55:07,264.8,400,12250
20240118,09:55:55,272.65,50,12250
20240118,09:56:02,271.55,200,12250
20240118,09:56:06,273.55,200,12250
20240118,09:56:15,273.3,200,12250
20240118,09:56:20,269.6,50,12250
20240118,09:56:37,265.9,50,13450
20240118,09:56:38,264.8,200,13450
20240118,09:56:43,264.9,150,13450
20240118,09:56:55,259.15,100,13450
20240118,09:56:59,259.15,100,13450
20240118,09:57:02,256.0,200,13450
20240118,09:57:03,255.45,1850,13450
20240118,09:57:05,258.6,50,13450
20240118,09:57:06,256.25,50,13450
20240118,09:57:07,255.0,50,13450
20240118,09:57:09,251.95,150,13450
20240118,09:57:09,249.25,50,13450
20240118,09:57:10,249.1,200,13450
20240118,09:57:12,251.15,50,13450
20240118,09:57:15,256.55,50,13450
20240118,09:57:55,256.4,50,13450
20240118,09:58:07,256.05,100,13450
20240118,09:58:09,255.75,50,13450
20240118,09:58:11,257.05,50,13450
20240118,09:58:19,251.9,100,13450
20240118,09:58:21,251.25,50,13450
20240118,09:58:29,251.0,450,13450
20240118,09:58:30,252.05,100,13450
20240118,09:58:38,254.75,1600,13450
20240118,09:58:43,253.95,150,13450
20240118,09:58:54,250.45,50,13450
20240118,09:59:04,250.5,50,13450
20240118,09:59:19,249.95,100,13450
20240118,09:59:30,257.45,50,13450
20240118,09:59:33,255.15,50,13450
20240118,09:59:38,252.6,150,17150
20240118,09:59:40,251.6,50,17150
20240118,09:59:44,253.05,50,17150
20240118,09:59:49,254.35,250,17150
20240118,09:59:50,255.0,50,17150
20240118,09:59:54,257.15,50,17150
20240118,10:00:09,262.0,150,17150
20240118,10:00:12,267.45,650,17150
20240118,10:00:13,268.8,200,17150
20240118,10:00:14,270.55,1950,17150
20240118,10:00:17,272.2,50,17150
20240118,10:00:18,268.15,150,17150
20240118,10:00:19,268.55,100,17150
20240118,10:00:23,263.0,50,17150
20240118,10:00:42,264.3,50,17150
20240118,10:00:47,263.1,50,17150
20240118,10:00:49,264.25,50,17150
20240118,10:00:50,263.3,100,17150
20240118,10:00:51,262.5,50,17150
20240118,10:00:53,263.35,100,17150
20240118,10:00:54,266.3,150,17150
20240118,10:00:55,266.35,100,17150
20240118,10:00:56,267.25,150,17150
20240118,10:00:57,267.25,50,17150
20240118,10:00:58,268.45,450,17150
20240118,10:01:00,269.25,50,17150
20240118,10:01:01,269.3,100,17150
20240118,10:01:04,273.75,100,17150
20240118,10:01:06,277.2,50,17150
20240118,10:01:11,283.4,50,17150
20240118,10:01:12,282.55,100,17150
20240118,10:01:15,280.5,300,17150
20240118,10:01:32,276.8,300,17150
20240118,10:01:37,278.5,250,17150
20240118,10:02:22,272.8,100,17150
20240118,10:02:23,272.7,50,17150
20240118,10:02:34,273.6,50,17150
20240118,10:02:59,279.5,350,17150
20240118,10:03:15,281.95,50,17450
20240118,10:03:47,271.8,50,17450
20240118,10:03:48,271.75,150,17450
20240118,10:04:06,280.1,100,17450
20240118,10:04:19,278.15,100,17450
20240118,10:04:41,278.0,50,17450
20240118,10:05:03,276.8,900,17450
20240118,10:05:47,281.25,50,16700
20240118,10:05:51,278.4,50,16700
20240118,10:05:56,280.95,50,16700
20240118,10:06:05,285.0,1300,16700
20240118,10:06:07,288.0,150,16700
20240118,10:06:08,289.35,50,16700
20240118,10:06:09,291.65,150,16700
20240118,10:06:15,288.95,100,16700
20240118,10:06:37,290.3,50,16700
20240118,10:06:42,290.8,1000,16700
20240118,10:06:43,290.0,200,16700
20240118,10:06:44,288.95,300,16700
20240118,10:06:46,289.9,50,16700
20240118,10:07:04,305.4,100,16700
20240118,10:07:05,308.0,150,16700
20240118,10:07:06,311.4,50,16700
20240118,10:07:08,318.0,150,16700
20240118,10:07:08,318.45,150,16700
20240118,10:07:10,321.9,50,16700
20240118,10:07:12,328.0,2200,16700
20240118,10:07:12,330.2,1900,16700
20240118,10:07:13,325.25,1250,16700
20240118,10:07:16,321.9,200,16700
20240118,10:07:17,321.45,200,16700
20240118,10:07:18,318.2,50,16700
20240118,10:07:19,316.5,350,16700
20240118,10:07:25,315.05,50,16700
20240118,10:07:26,314.1,100,16700
20240118,10:07:28,317.85,50,16700
20240118,10:07:31,314.9,50,16700
20240118,10:07:36,308.5,150,16700
20240118,10:07:48,297.1,100,16700
20240118,10:07:48,296.9,50,16700
20240118,10:07:53,301.8,200,16700
20240118,10:07:58,305.55,50,16700
20240118,10:08:03,312.45,200,16700
20240118,10:08:13,313.85,300,16700
20240118,10:08:30,313.4,250,16700
20240118,10:08:31,317.15,150,16700
20240118,10:08:32,318.85,400,16700
20240118,10:08:34,319.95,300,16700
20240118,10:08:36,321.5,50,16700
20240118,10:08:37,322.2,50,16700
20240118,10:08:51,319.55,200,16350
20240118,10:08:51,318.65,250,16350
20240118,10:08:53,319.65,450,16350
20240118,10:08:56,322.35,200,16350
20240118,10:09:03,330.05,150,16350
20240118,10:09:05,334.5,150,16350
20240118,10:09:08,334.8,600,16350
20240118,10:09:10,332.85,250,16350
20240118,10:09:12,335.85,350,16350
20240118,10:09:14,340.25,300,16350
20240118,10:09:14,342.0,50,16350
20240118,10:09:16,349.4,900,16350
20240118,10:09:17,355.45,550,16350
20240118,10:09:18,357.0,200,16350
20240118,10:09:22,346.4,50,16350
20240118,10:09:30,342.05,50,16350
20240118,10:09:31,340.0,50,16350
20240118,10:09:32,343.8,50,16350
20240118,10:09:35,347.3,50,16350
20240118,10:09:37,348.5,150,16350
20240118,10:09:40,346.7,50,16350
20240118,10:09:58,371.9,350,16350
20240118,10:10:00,372.2,50,16350
20240118,10:10:05,380.75,550,16350
20240118,10:10:06,380.85,650,16350
20240118,10:10:08,380.8,150,16350
20240118,10:10:16,390.8,100,16350
20240118,10:10:17,394.9,100,16350
20240118,10:10:18,395.75,450,16350
20240118,10:10:23,389.25,50,16350
20240118,10:10:25,388.95,250,16350
20240118,10:10:27,387.0,600,16350
20240118,10:10:29,389.7,50,16350
20240118,10:10:31,393.5,100,16350
20240118,10:10:33,390.7,200,16350
20240118,10:10:34,389.4,50,16350
20240118,10:10:35,391.8,250,16350
20240118,10:10:36,395.6,700,16350
20240118,10:10:38,393.35,450,16350
20240118,10:10:39,391.35,400,16350
20240118,10:10:40,394.2,1000,16350
20240118,10:10:41,398.5,500,16350
20240118,10:10:42,394.85,200,16350
20240118,10:10:45,386.5,350,16350
20240118,10:10:51,381.65,100,16350
20240118,10:10:57,377.9,100,16350
20240118,10:10:58,378.55,100,16350
20240118,10:11:02,378.2,200,16350
20240118,10:11:15,368.8,550,16350
20240118,10:11:16,370.55,250,16350
20240118,10:11:17,371.5,50,16350
20240118,10:11:18,372.9,200,16350
20240118,10:11:19,371.1,50,16350
20240118,10:11:20,371.4,100,16350
20240118,10:11:26,362.6,300,16350
20240118,10:11:27,359.1,150,16350
20240118,10:11:32,366.25,50,16350
20240118,10:11:36,361.7,600,16350
20240118,10:11:38,361.15,550,18300
20240118,10:11:40,357.65,250,18300
20240118,10:11:43,349.4,300,18300
20240118,10:11:44,344.95,450,18300
20240118,10:11:46,338.7,100,18300
20240118,10:11:47,339.1,100,18300
20240118,10:11:48,343.7,200,18300
20240118,10:11:50,342.8,150,18300
20240118,10:11:55,348.3,50,18300
20240118,10:12:03,359.8,150,18300
20240118,10:12:11,355.65,150,18300
20240118,10:12:13,351.7,550,18300
20240118,10:12:21,355.75,100,18300
20240118,10:12:30,360.0,150,18300
20240118,10:12:42,357.45,50,18300
20240118,10:12:43,357.55,50,18300
20240118,10:13:15,359.65,50,18300
20240118,10:13:20,356.5,50,18300
20240118,10:13:43,351.65,50,18300
20240118,10:14:10,343.0,1800,18300
20240118,10:14:12,342.4,1800,18300
20240118,10:14:13,340.6,150,18300
20240118,10:14:15,339.7,150,18300
20240118,10:14:22,341.8,50,18300
20240118,10:14:36,340.05,50,18300
20240118,10:14:57,343.8,50,17900
20240118,10:15:01,347.7,450,17900
20240118,10:15:02,349.45,50,17900
20240118,10:15:18,337.25,200,17900
20240118,10:15:38,323.1,200,17900
20240118,10:15:51,330.35,50,17900
20240118,10:15:56,329.3,50,17900
20240118,10:16:08,327.5,50,17900
20240118,10:16:20,324.6,250,17900
20240118,10:16:31,326.15,100,17900
20240118,10:16:36,321.05,50,17900
20240118,10:16:37,320.0,100,17900
20240118,10:16:38,316.3,150,17900
20240118,10:16:40,316.85,50,17900
20240118,10:16:50,317.5,100,17900
20240118,10:16:59,318.7,50,17900
20240118,10:17:19,327.8,250,17900
20240118,10:17:32,329.3,50,17900
20240118,10:17:35,329.55,150,17900
20240118,10:17:38,331.0,50,17900
20240118,10:18:14,331.5,150,17850
20240118,10:18:33,327.6,300,17850
20240118,10:18:54,322.45,750,17850
20240118,10:19:13,325.45,100,17850
20240118,10:19:48,325.2,700,17850
20240118,10:19:58,332.9,250,17850
20240118,10:20:07,330.55,50,17850
20240118,10:20:23,336.4,700,17850
20240118,10:20:44,339.6,150,19350
20240118,10:20:48,343.9,250,19350
20240118,10:20:51,340.0,50,19350
20240118,10:21:02,351.45,150,19350
20240118,10:21:09,341.0,50,19350
20240118,10:21:37,349.05,50,19350
20240118,10:21:39,350.75,100,19350
20240118,10:21:41,351.45,200,19350
20240118,10:21:47,356.0,50,19350
20240118,10:21:50,358.1,300,19350
20240118,10:21:52,360.4,3600,19350
20240118,10:21:54,356.25,300,19350
20240118,10:21:55,355.3,150,19350
20240118,10:22:07,349.35,50,19350
20240118,10:22:08,348.4,50,19350
20240118,10:22:39,350.95,50,19350
20240118,10:22:54,356.1,400,19350
20240118,10:23:02,353.5,250,19350
20240118,10:24:00,348.9,600,16650
20240118,10:24:04,344.55,50,16650
20240118,10:24:13,345.0,300,16650
20240118,10:24:18,345.75,50,16650
20240118,10:24:19,342.5,50,16650
20240118,10:24:29,345.9,150,16650
20240118,10:25:02,350.3,650,16650
20240118,10:25:35,353.35,50,16650
20240118,10:25:39,355.15,100,16650
20240118,10:25:56,352.6,50,16650
20240118,10:26:01,357.1,100,16650
20240118,10:26:06,355.3,200,16650
20240118,10:26:18,359.55,100,16650
20240118,10:26:19,363.1,700,16650
20240118,10:26:28,357.8,50,16650
20240118,10:26:38,366.0,400,16650
20240118,10:26:39,367.1,100,16650
20240118,10:26:40,368.3,100,15850
20240118,10:26:41,370.1,150,15850
20240118,10:26:43,370.35,50,15850
20240118,10:26:45,375.6,700,15850
20240118,10:26:46,374.9,150,15850
20240118,10:26:48,370.3,150,15850
20240118,10:26:50,369.2,300,15850
20240118,10:26:54,370.1,50,15850
20240118,10:26:59,370.8,250,15850
20240118,10:27:11,368.0,150,15850
20240118,10:27:16,369.15,100,15850
20240118,10:27:40,364.2,250,15850
20240118,10:27:59,370.0,50,15850
20240118,10:28:17,369.7,50,15850
20240118,10:29:29,376.05,50,15850
20240118,10:29:42,375.9,250,14950
20240118,10:29:44,374.95,50,14950
20240118,10:29:49,372.0,1000,14950
20240118,10:30:07,369.15,50,14950
20240118,10:30:13,370.65,950,14950
20240118,10:30:20,370.7,150,14950
20240118,10:30:26,371.7,50,14950
20240118,10:30:59,379.85,50,14950
20240118,10:31:11,376.9,400,14950
20240118,10:31:22,383.15,100,14950
20240118,10:31:39,388.0,150,14950
20240118,10:31:43,382.3,50,14950
20240118,10:31:46,381.1,300,14950
20240118,10:32:01,381.1,50,14950
20240118,10:32:21,374.35,200,14950
20240118,10:32:28,372.2,150,14950
20240118,10:32:40,376.0,150,14950
20240118,10:33:24,374.5,50,15550
20240118,10:33:36,375.2,50,15550
20240118,10:33:53,366.9,100,15550
20240118,10:34:00,365.0,150,15550
20240118,10:34:02,364.2,100,15550
20240118,10:34:03,363.15,100,15550
20240118,10:34:07,357.9,150,15550
20240118,10:34:09,358.5,100,15550
20240118,10:34:12,361.1,50,15550
20240118,10:34:39,348.5,100,15550
20240118,10:34:41,346.95,100,15550
20240118,10:34:43,341.45,150,15550
20240118,10:34:44,345.75,200,15550
20240118,10:34:47,352.0,150,15550
20240118,10:34:59,351.8,50,15550
20240118,10:35:20,349.8,100,15550
20240118,10:35:22,348.4,100,15550
20240118,10:35:24,346.3,100,15550
20240118,10:35:25,346.9,100,15550
20240118,10:35:27,347.2,150,15550
20240118,10:35:47,345.9,50,15350
20240118,10:36:02,349.8,100,15350
20240118,10:36:17,352.5,50,15350
20240118,10:36:37,362.55,100,15350
20240118,10:36:41,362.6,50,15350
20240118,10:36:42,361.65,50,15350
20240118,10:36:52,368.15,100,15350
20240118,10:36:53,368.15,100,15350
20240118,10:37:02,374.0,100,15350
20240118,10:37:03,374.15,100,15350
20240118,10:37:29,373.15,100,15350
20240118,10:37:33,371.8,100,15350
20240118,10:37:43,374.8,100,15350
20240118,10:38:10,377.9,250,15350
20240118,10:38:13,378.3,100,15350
20240118,10:38:33,376.7,250,15350
20240118,10:38:34,376.5,100,15350
20240118,10:38:37,378.2,300,15350
20240118,10:38:38,377.3,100,15350
20240118,10:38:39,377.75,50,15350
20240118,10:38:45,379.05,100,15050
20240118,10:38:50,379.5,200,15050
20240118,10:38:59,377.2,50,15050
20240118,10:39:09,373.95,50,15050
20240118,10:39:13,376.9,50,15050
20240118,10:39:15,381.05,150,15050
20240118,10:39:16,381.6,150,15050
20240118,10:39:17,381.2,150,15050
20240118,10:39:29,379.55,100,15050
20240118,10:39:39,385.75,550,15050
20240118,10:39:40,386.2,150,15050
20240118,10:39:45,381.9,100,15050
20240118,10:39:48,384.2,100,15050
20240118,10:39:53,379.85,100,15050
20240118,10:39:55,383.7,100,15050
20240118,10:40:01,384.95,150,15050
20240118,10:40:01,387.5,300,15050
20240118,10:40:02,389.45,450,15050
20240118,10:40:03,385.0,400,15050
20240118,10:40:05,383.0,100,15050
20240118,10:40:14,383.45,100,15050
20240118,10:40:21,383.95,100,15050
20240118,10:40:27,386.2,100,15050
20240118,10:40:28,385.45,100,15050
20240118,10:40:30,384.15,50,15050
20240118,10:40:58,376.85,50,15050
20240118,10:41:00,375.0,100,15050
20240118,10:41:03,373.0,200,15050
20240118,10:41:14,374.6,100,15050
20240118,10:41:26,379.95,100,15050
20240118,10:41:30,381.65,100,15050
20240118,10:42:01,384.05,50,13350
20240118,10:42:13,386.25,200,13350
20240118,10:42:32,383.4,150,13350
20240118,10:42:38,386.25,50,13350
20240118,10:42:42,391.0,1100,13350
20240118,10:42:43,394.35,200,13350
20240118,10:42:44,393.3,1050,13350
20240118,10:42:45,395.2,100,13350
20240118,10:42:47,392.95,50,13350
20240118,10:42:51,391.35,50,13350
20240118,10:43:00,394.95,150,13350
20240118,10:43:01,392.7,100,13350
20240118,10:43:02,394.05,100,13350
20240118,10:43:03,395.6,100,13350
20240118,10:43:19,390.3,100,13350
20240118,10:43:21,387.3,100,13350
20240118,10:43:52,381.85,100,13350
20240118,10:43:56,383.1,100,13350
20240118,10:43:57,383.2,100,13350
20240118,10:44:04,384.95,750,13350
20240118,10:44:11,390.75,100,13350
20240118,10:44:14,390.2,100,13350
20240118,10:44:34,400.8,100,13350
20240118,10:44:35,400.0,150,13350
20240118,10:44:38,400.15,50,13350
20240118,10:44:39,401.9,1200,13350
20240118,10:44:44,396.85,100,12150
20240118,10:44:47,399.5,50,12150
20240118,10:44:49,399.05,150,12150
20240118,10:44:52,399.6,100,12150
20240118,10:45:04,401.15,100,12150
20240118,10:45:05,400.7,100,12150
20240118,10:45:29,396.7,100,12150
20240118,10:45:31,394.2,100,12150
20240118,10:45:47,393.45,50,12150
20240118,10:45:48,392.3,100,12150
20240118,10:46:02,395.7,400,12150
20240118,10:46:45,386.9,150,12150
20240118,10:47:30,398.0,150,12150
20240118,10:47:46,400.7,200,12150
20240118,10:47:55,405.55,50,12350
20240118,10:47:56,404.6,150,12350
20240118,10:48:00,416.2,1300,12350
20240118,10:48:01,418.4,200,12350
20240118,10:48:03,418.4,100,12350
20240118,10:48:05,422.0,400,12350
20240118,10:48:06,422.0,100,12350
20240118,10:48:07,425.25,250,12350
20240118,10:48:09,418.25,100,12350
20240118,10:48:11,419.45,200,12350
20240118,10:48:35,420.6,50,12350
20240118,10:48:38,420.2,200,12350
20240118,10:48:53,423.9,1200,12350
20240118,10:49:05,426.5,150,12350
20240118,10:49:08,423.85,200,12350
20240118,10:49:46,420.0,150,12350
20240118,10:49:50,415.0,200,12350
20240118,10:49:51,413.7,50,12350
20240118,10:49:53,414.55,100,12350
20240118,10:50:02,414.9,50,12350
20240118,10:50:21,424.5,150,12350
20240118,10:50:29,419.75,50,12350
20240118,10:50:33,418.7,50,12350
20240118,10:50:40,423.25,50,12350
20240118,10:51:25,409.2,150,11750
20240118,10:51:37,415.6,250,11750
20240118,10:51:54,405.75,50,11750
20240118,10:51:58,404.6,50,11750
20240118,10:52:19,397.85,50,11750
20240118,10:52:43,407.3,50,11750
20240118,10:53:11,413.2,50,11750
20240118,10:54:17,407.4,50,11350
20240118,10:54:45,401.8,50,11350
20240118,10:54:59,401.3,100,11350
20240118,10:55:22,392.6,50,11350
20240118,10:55:27,390.0,300,11350
20240118,10:55:47,393.1,50,11350
20240118,10:55:52,389.75,50,11350
20240118,10:56:00,389.75,50,11350
20240118,10:56:07,397.35,150,11350
20240118,10:56:15,402.25,150,11350
20240118,10:56:17,401.15,200,11350
20240118,10:56:19,402.5,250,11350
20240118,10:56:20,402.7,100,11350
20240118,10:56:22,405.0,50,11350
20240118,10:56:32,405.85,100,11350
20240118,10:57:09,397.75,50,11350
20240118,10:57:35,396.25,350,11350
20240118,10:57:46,396.65,50,11350
20240118,10:57:53,397.45,50,11350
20240118,10:58:30,401.2,50,11350
20240118,10:58:46,404.75,50,11350
20240118,10:58:51,405.35,50,11350
20240118,10:59:17,408.9,200,11350
20240118,10:59:37,405.3,100,11350
20240118,11:00:08,403.3,50,11150
20240118,11:01:29,406.0,50,11150
20240118,11:01:46,400.0,50,11150
20240118,11:01:53,398.6,50,11150
20240118,11:02:25,394.0,100,11150
20240118,11:03:54,386.6,100,11250
20240118,11:04:56,394.7,50,11250
20240118,11:06:09,396.0,50,11300
20240118,11:06:42,402.25,100,11300
20240118,11:06:47,404.65,100,11300
20240118,11:07:05,408.65,50,11300
20240118,11:07:47,410.4,100,11300
20240118,11:08:21,406.0,100,11300
20240118,11:09:03,418.15,700,11450
20240118,11:09:05,417.95,100,11450
20240118,11:09:13,424.2,50,11450
20240118,11:09:14,424.2,50,11450
20240118,11:09:19,427.5,100,11450
20240118,11:09:20,427.5,50,11450
20240118,11:09:31,430.4,100,11450
20240118,11:09:41,430.4,100,11450
20240118,11:09:57,432.05,100,11450
20240118,11:10:07,432.05,50,11450
20240118,11:10:09,429.6,50,11450
20240118,11:10:19,423.95,50,11450
20240118,11:10:22,425.0,100,11450
20240118,11:11:02,431.4,50,11450
20240118,11:11:27,429.7,100,11450
20240118,11:12:24,438.85,200,11100
20240118,11:12:26,434.65,100,11100
20240118,11:12:27,433.8,100,11100
20240118,11:12:34,425.8,100,11100
20240118,11:12:40,426.4,100,11100
20240118,11:12:49,425.9,100,11100
20240118,11:12:57,422.0,50,11100
20240118,11:13:01,422.15,250,11100
20240118,11:13:04,417.75,750,11100
20240118,11:15:01,423.8,150,11200
20240118,11:15:15,413.9,100,11200
20240118,11:15:27,415.5,100,11200
20240118,11:15:31,408.8,250,11200
20240118,11:15:37,414.75,50,11200
20240118,11:15:38,413.45,150,11200
20240118,11:15:59,415.0,100,11200
20240118,11:16:23,418.3,50,11200
20240118,11:16:27,415.0,50,11200
20240118,11:16:36,410.25,100,11200
20240118,11:16:37,409.25,100,11200
20240118,11:16:44,409.6,50,11200
20240118,11:16:50,408.8,50,11200
20240118,11:17:01,401.8,50,11200
20240118,11:18:56,401.7,100,11200
20240118,11:18:59,402.2,100,11200
20240118,11:19:45,405.0,50,11200
20240118,11:19:51,407.2,200,11200
20240118,11:20:06,409.6,100,11200
20240118,11:20:51,405.3,100,11250
20240118,11:21:11,397.65,50,11250
20240118,11:21:43,400.8,50,11250
20240118,11:22:28,407.55,200,11250
20240118,11:22:57,413.0,50,11250
20240118,11:23:06,415.8,200,11250
20240118,11:23:07,416.2,100,11250
20240118,11:23:36,415.8,100,11250
20240118,11:23:48,416.9,200,11350
20240118,11:23:59,424.85,150,11350
20240118,11:25:08,426.7,100,11350
20240118,11:25:15,421.3,100,11350
20240118,11:26:00,420.6,50,11350
20240118,11:27:17,412.3,100,11450
20240118,11:27:20,411.35,150,11450
20240118,11:28:04,415.8,50,11450
20240118,11:29:38,417.05,200,11450
20240118,11:31:22,423.0,50,11350
20240118,11:32:01,427.6,50,11350
20240118,11:32:12,436.3,100,11350
20240118,11:32:13,436.4,100,11350
20240118,11:35:24,422.85,350,11150
20240118,11:35:49,416.5,100,11150
20240118,11:35:56,415.05,100,11150
20240118,11:37:37,410.95,100,11150
20240118,11:38:01,414.0,50,11150
20240118,11:39:28,411.0,50,11300
20240118,11:41:16,412.0,50,11300
20240118,11:42:14,406.35,300,11400
20240118,11:42:22,400.7,100,11400
20240118,11:42:27,401.0,100,11400
20240118,11:42:31,400.7,50,11400
20240118,11:42:34,395.0,150,11400
20240118,11:42:35,395.3,50,11400
20240118,11:42:52,390.65,50,11400
20240118,11:42:54,390.0,200,11400
20240118,11:42:56,391.5,100,11400
20240118,11:43:00,392.4,50,11400
20240118,11:43:10,393.65,100,11400
20240118,11:43:14,396.55,100,11400
20240118,11:43:45,399.7,50,11400
20240118,11:43:48,398.15,50,11400
20240118,11:46:12,409.0,50,11350
20240118,11:48:51,410.7,50,11350
20240118,11:49:27,409.8,50,11350
20240118,11:49:30,411.45,100,11350
20240118,11:51:34,410.8,50,11450
20240118,11:54:02,420.7,50,11450
20240118,11:54:04,422.6,150,11450
20240118,11:54:06,421.2,100,11450
20240118,11:54:11,421.85,50,11450
20240118,11:54:14,421.2,100,11450
20240118,11:54:46,425.4,100,11450
20240118,11:56:42,427.95,50,11450
20240118,11:57:00,434.95,100,11350
20240118,11:57:44,441.9,50,11350
20240118,11:57:56,441.9,250,11350
20240118,11:58:01,439.05,50,11350
20240118,11:58:05,441.5,100,11350
20240118,11:58:26,441.55,100,11350
20240118,11:58:55,450.5,700,11350
20240118,11:59:34,451.95,50,11350
20240118,11:59:37,451.95,100,11350
20240118,11:59:39,451.35,50,11350
20240118,12:00:01,449.95,50,10850
20240118,12:00:13,443.2,100,10850
20240118,12:00:45,449.65,100,10850
20240118,12:02:59,440.55,100,10750
20240118,12:03:16,441.45,250,10750
20240118,12:04:27,445.4,50,10750
20240118,12:08:27,450.45,50,10650
20240118,12:10:32,449.55,50,10650
20240118,12:10:39,450.65,50,10700
20240118,12:12:05,456.25,50,10700
20240118,12:12:07,456.25,50,10700
20240118,12:12:12,456.85,50,10700
20240118,12:12:14,456.85,50,10700
20240118,12:14:25,462.0,150,10700
20240118,12:18:44,462.0,100,11000
20240118,12:18:53,448.4,100,11000
20240118,12:20:03,460.8,200,11000
20240118,12:22:40,464.7,150,10800
20240118,12:22:41,467.4,200,10800
20240118,12:22:44,467.4,100,10800
20240118,12:22:46,470.4,200,10800
20240118,12:23:01,468.8,100,10800
20240118,12:24:06,476.3,100,10650
20240118,12:27:03,476.3,50,10600
20240118,12:28:38,476.3,50,10600
20240118,12:30:03,454.35,100,10600
20240118,12:32:50,452.25,50,10600
20240118,12:33:19,440.45,200,10450
20240118,12:33:20,442.45,50,10450
20240118,12:33:24,438.1,100,10450
20240118,12:33:25,437.45,100,10450
20240118,12:33:28,433.0,100,10450
20240118,12:33:35,436.05,200,10450
20240118,12:33:36,436.65,50,10450
20240118,12:33:38,434.7,100,10450
20240118,12:33:43,436.05,450,10450
20240118,12:33:44,435.95,100,10450
20240118,12:33:55,435.8,300,10450
20240118,12:33:57,434.9,450,10450
20240118,12:34:05,423.0,100,10450
20240118,12:34:10,421.6,100,10450
20240118,12:34:10,421.2,250,10450
20240118,12:34:44,420.05,100,10450
20240118,12:34:46,418.15,150,10450
20240118,12:34:52,416.15,50,10450
20240118,12:34:54,411.75,100,10450
20240118,12:34:56,408.6,150,10450
20240118,12:34:58,411.3,150,10450
20240118,12:35:00,412.05,250,10450
20240118,12:35:01,411.55,50,10450
20240118,12:35:05,413.25,100,10450
20240118,12:35:07,417.2,50,10450
20240118,12:35:11,418.3,100,10450
20240118,12:35:12,418.0,100,10450
20240118,12:37:03,416.2,50,10700
20240118,12:37:05,414.0,50,10700
20240118,12:37:15,413.0,50,10700
20240118,12:37:18,416.25,200,10700
20240118,12:37:20,416.5,50,10700
20240118,12:38:03,422.2,100,10700
20240118,12:40:16,416.35,150,10500
20240118,12:40:34,411.45,200,10500
20240118,12:40:47,418.05,50,10500
20240118,12:41:11,425.45,100,10500
20240118,12:41:14,427.0,100,10500
20240118,12:41:16,430.0,50,10500
20240118,12:41:55,418.3,100,10500
20240118,12:42:29,411.3,200,10450
20240118,12:42:31,408.35,500,10450
20240118,12:42:40,404.15,200,10450
20240118,12:42:55,400.85,400,10450
20240118,12:43:16,400.85,50,10450
20240118,12:44:24,399.3,100,10450
20240118,12:44:29,398.4,300,10450
20240118,12:45:07,399.6,50,11200
20240118,12:45:15,403.75,150,11200
20240118,12:45:16,405.0,300,11200
20240118,12:45:18,407.5,150,11200
20240118,12:45:20,408.7,50,11200
20240118,12:45:44,406.25,150,11200
20240118,12:45:48,406.25,200,11200
20240118,12:45:52,407.1,50,11200
20240118,12:47:25,402.55,50,11200
20240118,12:48:47,397.35,50,10350
20240118,12:48:55,393.95,100,10350
20240118,12:49:00,396.05,50,10350
20240118,12:49:05,393.05,100,10350
20240118,12:49:07,392.3,100,10350
20240118,12:49:12,388.9,100,10350
20240118,12:49:15,390.9,200,10350
20240118,12:49:18,390.1,100,10350
20240118,12:49:38,396.8,100,10350
20240118,12:49:40,399.25,50,10350
20240118,12:49:43,399.85,200,10350
20240118,12:50:57,407.1,50,10350
20240118,12:51:19,403.25,250,10500
20240118,12:51:34,402.6,50,10500
20240118,12:53:50,410.9,100,10500
20240118,12:53:51,411.0,250,10500
20240118,12:53:52,412.5,250,10500
20240118,12:54:04,410.8,100,10250
20240118,12:54:35,406.15,200,10250
20240118,12:54:48,402.1,50,10250
20240118,12:56:31,407.15,200,10250
20240118,12:57:17,405.15,300,10150
20240118,12:57:43,402.8,200,10150
20240118,12:58:06,399.3,300,10150
20240118,13:00:24,390.0,150,9950
20240118,13:00:44,396.0,100,9950
20240118,13:02:01,399.0,50,9950
20240118,13:03:40,391.25,500,9950
20240118,13:04:28,391.4,50,9950
20240118,13:05:02,395.0,200,9950
20240118,13:05:39,401.25,50,9950
20240118,13:10:56,405.95,100,10400
20240118,13:13:07,390.0,50,10400
20240118,13:13:57,400.0,50,10400
20240118,13:14:37,402.55,200,10400
20240118,13:14:43,398.55,50,10400
20240118,13:15:29,403.4,100,10400
20240118,13:15:56,400.05,50,10400
20240118,13:18:44,401.45,150,10400
20240118,13:19:52,404.9,50,10400
20240118,13:20:16,408.0,50,10400
20240118,13:20:26,411.75,150,10400
20240118,13:21:09,409.5,50,10400
20240118,13:21:45,410.3,150,10400
20240118,13:23:49,411.4,200,10400
20240118,13:24:01,418.5,150,10400
20240118,13:24:06,420.2,50,10350
20240118,13:28:18,406.75,150,10350
20240118,13:28:29,406.35,50,10350
20240118,13:31:02,402.2,350,10300
20240118,13:32:08,398.4,250,10300
20240118,13:32:11,398.4,350,10300
20240118,13:32:13,397.0,50,10300
20240118,13:32:14,396.0,4000,10300
20240118,13:34:25,398.4,250,13500
20240118,13:34:54,402.55,100,13500
20240118,13:36:01,402.55,200,13500
20240118,13:37:34,389.8,100,13350
20240118,13:37:48,393.25,100,13350
20240118,13:37:52,389.8,50,13350
20240118,13:38:42,391.95,50,13350
20240118,13:38:43,391.95,100,13350
20240118,13:40:53,392.3,200,13450
20240118,13:41:00,393.9,1200,13450
20240118,13:42:15,383.55,200,13300
20240118,13:42:25,387.0,4000,13300
20240118,13:42:39,387.6,450,13300
20240118,13:42:55,388.4,50,13300
20240118,13:44:16,393.3,50,13300
20240118,13:44:47,391.0,100,13300
20240118,13:45:55,388.8,350,13300
20240118,13:47:28,392.75,50,11750
20240118,13:49:05,397.3,150,11750
20240118,13:50:50,390.9,100,11750
20240118,13:50:57,391.7,1050,11750
20240118,13:53:40,401.35,200,10700
20240118,13:53:45,401.9,100,10700
20240118,13:53:46,402.65,450,10700
20240118,13:53:56,401.9,50,10700
20240118,13:54:14,408.0,50,10500
20240118,13:54:54,405.95,150,10500
20240118,13:55:27,409.2,100,10500
20240118,13:55:35,407.5,150,10500
20240118,13:55:43,407.55,50,10500
20240118,13:56:07,408.35,150,10500
20240118,13:56:13,407.55,200,10500
20240118,13:57:40,403.55,50,10650
20240118,14:01:15,398.4,300,10700
20240118,14:01:52,396.05,100,10700
20240118,14:02:04,398.0,100,10700
20240118,14:04:16,401.4,50,10550
20240118,14:04:19,399.5,50,10550
20240118,14:04:30,396.6,50,10550
20240118,14:06:41,395.05,50,10500
20240118,14:06:53,398.15,150,10500
20240118,14:07:26,392.3,50,10500
20240118,14:07:26,392.5,50,10500
20240118,14:07:34,393.1,50,10500
20240118,14:13:33,404.2,250,10500
20240118,14:13:51,407.9,50,10500
20240118,14:15:20,406.8,400,10300
20240118,14:15:33,408.4,350,10300
20240118,14:17:25,402.95,50,10300
20240118,14:17:47,397.55,150,10300
20240118,14:17:56,397.5,50,10300
20240118,14:18:01,395.7,50,10300
20240118,14:18:51,398.75,350,10150
20240118,14:21:06,396.85,150,10150
20240118,14:21:12,398.3,300,10150
20240118,14:21:18,396.85,150,10200
20240118,14:23:57,396.55,50,10200
20240118,14:25:23,392.3,450,10650
20240118,14:27:02,383.75,100,10650
20240118,14:27:04,384.4,100,10650
20240118,14:27:06,385.2,250,10650
20240118,14:27:09,382.7,50,10650
20240118,14:27:10,382.9,100,10650
20240118,14:27:13,379.5,400,10200
20240118,14:27:14,380.05,50,10200
20240118,14:27:57,386.4,350,10200
20240118,14:28:45,391.2,350,10200
20240118,14:29:29,388.8,350,10200
20240118,14:30:07,382.85,350,10200
20240118,14:30:37,379.4,550,10900
20240118,14:30:38,379.2,100,10900
20240118,14:30:40,379.95,100,10900
20240118,14:30:43,377.65,100,10900
20240118,14:30:44,378.0,200,10900
20240118,14:30:47,378.25,150,10900
20240118,14:30:49,378.25,150,10900
20240118,14:30:52,373.85,900,10900
20240118,14:30:53,372.25,350,10900
20240118,14:31:01,370.3,250,10900
20240118,14:31:10,374.65,50,10900
20240118,14:37:06,390.35,750,11600
20240118,14:37:23,391.8,50,11600
20240118,14:38:54,403.0,200,11600
20240118,14:38:58,405.9,150,11600
20240118,14:39:01,404.75,50,11600
20240118,14:39:03,403.15,50,11600
20240118,14:39:10,401.0,100,11600
20240118,14:40:19,396.45,50,10850
20240118,14:40:20,396.55,200,10850
20240118,14:40:25,398.4,250,10850
20240118,14:40:35,399.95,100,10850
20240118,14:40:36,400.9,150,10850
20240118,14:41:15,406.85,50,10850
20240118,14:41:18,408.7,550,10850
20240118,14:41:22,411.9,250,10850
20240118,14:41:24,408.8,100,10850
20240118,14:41:29,411.75,100,10850
20240118,14:41:30,411.25,200,10850
20240118,14:41:33,409.2,50,10850
20240118,14:41:41,412.45,200,10850
20240118,14:41:46,411.5,100,10850
20240118,14:41:50,412.75,750,10850
20240118,14:41:53,415.95,200,10850
20240118,14:41:54,413.05,350,10850
20240118,14:42:04,411.25,300,10850
20240118,14:42:16,419.9,300,11250
20240118,14:42:22,421.8,300,11250
20240118,14:42:23,425.1,450,11250
20240118,14:42:25,424.9,50,11250
20240118,14:42:30,420.85,200,11250
20240118,14:43:01,421.25,200,11250
20240118,14:43:04,419.9,350,11250
20240118,14:43:09,414.8,350,11250
20240118,14:43:24,417.3,150,11250
20240118,14:43:29,418.05,50,11250
20240118,14:43:42,416.45,50,11250
20240118,14:43:55,416.6,150,11250
20240118,14:43:56,417.65,50,11250
20240118,14:44:04,414.75,100,11250
20240118,14:44:23,416.5,300,11250
20240118,14:44:39,419.25,200,11250
20240118,14:45:01,415.8,200,11250
20240118,14:45:13,413.4,100,11250
20240118,14:45:33,411.15,100,10900
20240118,14:45:38,409.7,50,10900
20240118,14:46:02,411.2,200,10900
20240118,14:46:09,410.5,150,10900
20240118,14:47:05,415.7,150,10900
20240118,14:47:08,414.85,250,10900
20240118,14:47:13,413.75,200,10900
20240118,14:48:05,415.0,200,10900
20240118,14:48:19,415.0,250,10800
20240118,14:48:45,419.2,100,10800
20240118,14:49:11,415.65,200,10800
20240118,14:49:39,419.4,150,10800
20240118,14:50:12,417.95,150,10800
20240118,14:51:06,422.5,200,10800
20240118,14:51:19,428.3,100,10850
20240118,14:52:08,430.3,250,10850
20240118,14:52:09,431.05,100,10850
20240118,14:53:07,421.4,50,10850
20240118,14:53:40,416.45,50,10850
20240118,14:58:08,406.5,50,10250
20240118,14:58:43,403.6,50,10250
20240118,14:58:54,402.55,200,10250
20240118,15:00:23,408.35,50,10400
20240118,15:00:28,404.95,100,10400
20240118,15:00:30,405.1,100,10400
20240118,15:00:36,401.6,50,10400
20240118,15:00:38,401.9,150,10400
20240118,15:00:41,403.45,50,10400
20240118,15:00:59,400.65,50,10400
20240118,15:01:04,399.8,1350,10400
20240118,15:01:10,399.5,50,10400
20240118,15:01:13,400.75,600,10400
20240118,15:01:40,402.0,100,10400
20240118,15:02:40,399.9,700,10400
20240118,15:02:41,399.85,50,10400
20240118,15:03:10,400.65,100,10400
20240118,15:03:44,399.8,350,9600
20240118,15:04:05,400.65,600,9600
20240118,15:04:48,401.7,50,9600
20240118,15:05:54,400.3,150,9600
20240118,15:06:13,403.65,150,9600
20240118,15:06:19,405.7,300,9600
20240118,15:06:21,406.2,200,10550
20240118,15:06:24,405.35,100,10550
20240118,15:06:34,408.2,250,10550
20240118,15:06:41,406.75,100,10550
20240118,15:06:44,407.3,100,10550
20240118,15:06:51,411.35,100,10550
20240118,15:06:53,412.05,50,10550
20240118,15:06:56,412.6,50,10550
20240118,15:06:59,412.7,200,10550
20240118,15:07:04,414.15,250,10550
20240118,15:07:05,413.7,200,10550
20240118,15:07:06,411.9,450,10550
20240118,15:07:10,412.5,500,10550
20240118,15:07:11,411.65,100,10550
20240118,15:07:13,410.05,550,10550
20240118,15:07:15,410.1,300,10550
20240118,15:07:16,409.0,150,10550
20240118,15:07:17,408.45,50,10550
20240118,15:07:48,410.45,50,10550
20240118,15:07:50,410.05,450,10550
20240118,15:07:52,412.95,50,10550
20240118,15:07:59,413.35,150,10550
20240118,15:08:00,412.85,50,10550
20240118,15:08:01,412.55,150,10550
20240118,15:08:07,413.45,50,10550
20240118,15:08:10,413.65,50,10550
20240118,15:08:49,412.25,200,10550
20240118,15:09:19,410.7,50,10550
20240118,15:09:24,410.35,50,13500
20240118,15:09:28,409.4,50,13500
20240118,15:09:36,409.6,700,13500
20240118,15:09:38,409.55,450,13500
20240118,15:09:48,408.6,400,13500
20240118,15:09:52,408.6,200,13500
20240118,15:09:57,409.15,350,13500
20240118,15:09:59,409.8,350,13500
20240118,15:10:06,410.0,150,13500
20240118,15:10:09,410.0,600,13500
20240118,15:10:31,408.7,350,13500
20240118,15:10:36,408.7,350,13500
20240118,15:10:43,409.2,150,13500
20240118,15:10:48,409.9,50,13500
20240118,15:10:50,409.9,50,13500
20240118,15:10:55,411.7,100,13500
20240118,15:11:03,412.15,50,13500
20240118,15:11:07,411.55,400,13500
20240118,15:11:16,410.6,150,13500
20240118,15:11:52,409.15,100,13500
20240118,15:11:58,409.25,50,13500
20240118,15:13:00,407.5,100,10300
20240118,15:13:13,408.05,50,10300
20240118,15:13:47,405.3,50,10300
20240118,15:14:18,408.0,100,10300
20240118,15:14:29,407.85,100,10300
20240118,15:15:08,408.1,50,10300
20240118,15:15:32,408.0,50,10300
20240118,15:15:40,407.7,200,10300
20240118,15:16:08,407.5,250,10300
20240118,15:17:05,405.35,250,10300
20240118,15:18:17,406.3,50,10300
20240118,15:18:57,407.55,100,10300
20240118,15:20:04,409.95,300,9950
20240118,15:20:05,409.4,50,9950
20240118,15:22:05,410.2,250,9750
20240118,15:25:00,411.35,150,9500
20240118,15:25:54,412.4,150,9500
20240118,15:26:02,412.65,150,9500
20240118,15:26:03,413.1,600,9500
20240118,15:26:04,413.15,100,9500
20240118,15:26:06,412.75,200,9500
20240118,15:27:03,412.75,200,9500
20240118,15:27:05,412.7,50,9500
20240118,15:27:17,412.45,50,9500
20240118,15:27:41,411.8,100,9500
20240118,15:27:58,411.7,100,10250
20240118,15:27:59,411.7,350,10250
20240118,15:28:26,411.5,150,10250
20240118,15:28:27,411.5,50,10250
20240118,15:28:30,411.5,50,10250
20240118,15:29:31,413.4,100,10250
20240118,15:29:36,411.85,100,10250
