date,time,tick_price,volume,open_interest
20231221,12:42:55,3.05,50,50
20231221,14:07:21,3.05,50,50
20231221,14:07:30,3.05,50,50
20231221,14:44:59,3.05,150,150
20231221,14:46:18,3.05,200,300
20231221,14:46:49,3.05,50,300
20231221,14:46:59,3.05,50,300
20231221,14:47:09,3.05,50,300
20231221,14:50:17,3.05,250,650
20231221,14:50:56,3.05,250,650
20231221,14:51:16,3.05,200,650
20231221,14:51:35,3.05,50,650
20231221,14:53:17,3.05,100,1400
20231221,14:54:46,3.05,100,1500
20231221,14:55:16,3.05,100,1500
20231221,14:56:54,3.05,50,1500
20231221,14:57:04,3.05,200,1500
20231221,14:58:13,3.05,350,1950
20231222,09:40:38,3.05,1,2300
20231222,09:40:38,3.05,50,2300
20231222,09:50:07,3.05,50,2350
20231222,09:51:07,3.05,100,2400
20231222,09:57:45,3.05,200,2500
20231222,09:57:54,3.05,200,2500
20231222,09:58:02,3.05,50,2500
20231222,09:58:11,3.05,50,2500
20231222,09:59:26,3.05,50,2500
20231222,09:59:34,3.05,100,2500
20231222,09:59:57,3.05,50,3150
20231222,10:00:06,3.05,300,3150
20231222,10:00:14,3.05,50,3150
20231222,10:00:22,3.05,50,3150
20231222,10:00:45,3.05,100,3150
20231222,10:01:01,3.05,150,3150
20231222,10:01:09,3.05,50,3150
20231222,10:01:16,3.05,50,3150
20231222,10:01:47,3.05,200,3150
20231222,10:03:15,3.05,250,4150
20231222,10:03:31,3.05,250,4150
20231222,10:03:39,3.05,100,4150
20231222,10:03:46,3.05,100,4150
20231222,10:03:54,3.05,250,4150
20231222,10:04:02,3.05,150,4150
20231222,10:04:28,3.05,200,4150
20231222,10:04:45,3.05,50,4150
20231222,10:04:54,3.05,200,4150
20231222,10:05:44,3.05,100,5700
20231222,10:05:53,3.05,100,5700
20231222,10:06:01,3.05,300,5700
20231222,10:06:10,3.05,300,5700
20231222,10:06:27,3.05,200,5700
20231222,10:06:45,3.05,100,5700
20231222,10:07:04,3.05,500,5700
20231222,10:07:38,3.05,300,5700
20231222,10:07:47,3.05,300,5700
20231222,10:08:20,3.05,250,5700
20231222,10:09:21,3.05,350,8150
20231222,10:09:36,3.05,50,8150
20231222,10:09:44,3.05,100,8150
20231222,10:09:51,3.05,150,8150
20231222,10:09:59,3.05,350,8150
20231222,10:11:23,3.05,100,8150
20231222,10:14:18,3.05,100,9250
20231222,10:15:20,3.05,100,9350
20231222,10:15:29,3.05,100,9350
20231222,10:15:55,3.05,50,9350
20231222,10:16:03,3.05,100,9350
20231222,10:16:12,3.05,100,9350
20231222,10:16:20,3.05,150,9350
20231222,10:16:29,3.05,50,9350
20231222,10:16:55,3.05,50,9350
20231222,10:17:03,3.05,50,9350
20231222,10:17:36,3.05,50,9350
20231222,10:20:04,3.05,200,10150
20231222,10:20:12,3.05,300,10150
20231222,10:20:20,3.05,100,10150
20231222,10:20:28,3.05,100,10150
20231222,10:21:41,3.05,200,10850
20231222,10:21:57,3.05,300,10850
20231222,10:22:13,3.05,200,10850
20231222,10:23:34,3.05,50,10850
20231222,10:23:42,3.05,150,10850
20231222,10:31:21,3.05,50,11750
20231222,10:31:30,3.05,50,11750
20231222,10:31:39,3.05,50,11750
20231222,10:32:13,3.05,100,11750
20231222,10:32:30,3.05,100,11750
20231222,10:32:39,3.05,50,11750
20231222,10:32:47,3.05,200,12150
20231222,10:33:43,3.05,300,12150
20231222,10:33:51,3.05,100,12150
20231222,10:34:24,3.05,500,12150
20231222,10:34:32,3.05,150,12150
20231222,10:34:40,3.05,200,12150
20231222,10:34:56,3.05,50,12150
20231222,10:35:21,3.05,300,12150
20231222,10:36:46,3.05,50,13950
20231222,10:36:55,3.05,250,13950
20231222,10:37:03,3.05,300,13950
20231222,10:37:11,3.05,400,13950
20231222,10:37:27,3.05,100,13950
20231222,10:37:35,3.05,300,13950
20231222,10:37:52,3.05,350,13950
20231222,10:38:50,3.05,50,15700
20231222,10:38:58,3.05,350,15700
20231222,10:39:06,3.05,500,15700
20231222,10:39:21,3.05,50,15700
20231222,10:39:30,3.05,350,15700
20231222,10:41:40,3.05,50,15700
20231222,10:42:04,3.05,50,17050
20231222,10:42:20,3.05,50,17050
20231222,10:42:36,3.05,200,17050
20231222,10:43:29,3.05,50,17050
20231222,10:43:37,3.05,50,17050
20231222,10:43:45,3.05,50,17050
20231222,10:43:52,3.05,300,17050
20231222,10:44:22,3.05,50,17050
20231222,10:45:47,3.05,50,17850
20231222,10:46:10,3.05,150,17850
20231222,10:48:23,3.05,100,18050
20231222,10:48:40,3.05,50,18050
20231222,10:49:14,3.05,50,18050
20231222,10:49:54,3.05,100,18050
20231222,10:50:18,3.05,300,18050
20231222,10:50:33,3.05,350,18050
20231222,10:50:41,3.05,100,18050
20231222,10:51:18,3.05,100,19100
20231222,10:51:42,3.05,150,19100
20231222,10:51:50,3.05,50,19100
20231222,10:53:39,3.05,100,19100
20231222,10:53:47,3.05,450,19650
20231222,10:53:55,3.05,400,19650
20231222,10:54:11,3.05,50,19650
20231222,10:54:35,3.05,50,19650
20231222,10:54:43,3.05,50,19650
20231222,10:55:54,3.05,100,19650
20231222,10:56:03,3.05,100,19650
20231222,12:21:54,3.05,100,20700
20231222,12:22:03,3.05,200,20700
20231222,12:22:11,3.05,100,20700
20231222,12:22:19,3.05,150,20700
20231222,12:24:07,3.05,100,21250
20231222,12:24:16,3.05,50,21250
20231222,12:24:56,3.05,100,21250
20231222,12:26:24,3.05,100,21250
20231222,12:26:49,3.05,550,21250
20231222,12:26:57,3.05,550,21250
20231222,12:28:42,3.05,100,22700
20231222,12:31:00,3.05,50,22800
20231222,12:32:16,3.05,50,22800
20231222,12:35:19,3.05,100,22900
20231222,12:38:04,3.05,150,23000
20231222,12:41:28,3.05,50,23150
20231222,12:44:39,3.05,100,23200
20231222,12:47:13,3.05,50,23300
20231222,12:48:07,3.05,100,23350
20231222,13:11:24,3.05,200,23450
20231222,13:13:27,3.05,100,23650
20231222,13:19:58,3.05,50,23750
20231222,13:26:11,3.05,100,23800
20231222,13:31:35,3.05,100,23900
20231222,13:33:43,3.05,50,24000
20231222,13:33:51,3.05,150,24000
20231222,13:34:00,3.05,50,24000
20231222,13:34:24,3.05,50,24000
20231222,13:39:51,3.05,50,24300
20231222,13:40:01,3.05,150,24300
20231222,13:42:00,3.05,300,24300
20231222,13:44:46,3.05,350,24800
20231222,13:45:14,3.05,150,24800
20231222,13:46:20,3.05,300,25300
20231222,13:46:47,3.05,700,25300
20231222,13:48:38,3.05,50,26300
20231222,13:48:48,3.05,100,26300
20231222,13:49:48,3.05,500,26300
20231222,13:49:57,3.05,250,26300
20231222,13:50:14,3.05,50,26300
20231222,13:51:52,3.05,50,27250
20231222,13:58:03,3.05,50,27300
20231222,13:59:07,3.05,600,27300
20231222,13:59:38,3.05,100,27300
20231222,14:00:31,3.05,600,28050
20231222,14:01:59,3.05,50,28050
20231222,14:02:07,3.05,100,28050
20231222,14:02:37,3.05,100,28050
20231222,14:02:53,3.05,50,28050
20231222,14:03:23,3.05,100,28950
20231222,14:03:39,3.05,50,28950
20231222,14:03:47,3.05,50,28950
20231222,14:04:02,3.05,50,28950
20231222,14:04:10,3.05,50,28950
20231222,14:04:18,3.05,100,28950
20231222,14:05:13,3.05,400,28950
20231222,14:05:21,3.05,200,28950
20231222,14:06:15,3.05,300,29950
20231222,14:06:38,3.05,200,29950
20231222,14:06:46,3.05,200,29950
20231222,14:08:22,3.05,100,29950
20231222,14:08:38,3.05,100,29950
20231222,14:08:46,3.05,50,29950
20231222,14:08:54,3.05,50,29950
20231222,14:09:01,3.05,50,29950
20231222,14:46:34,3.05,1100,31000
20231222,14:47:41,3.05,50,31000
20231222,14:47:50,3.05,750,31000
20231222,14:47:58,3.05,200,31000
20231222,14:48:07,3.05,100,31000
20231222,14:48:24,3.05,50,33200
20231222,14:48:32,3.05,50,33200
20231222,14:48:48,3.05,50,33200
20231222,14:51:35,3.05,100,33350
20231222,14:52:54,3.05,100,33350
20231222,15:20:28,3.05,50,33550
20231222,15:21:31,3.05,50,33600
20231222,15:24:38,3.05,50,33650
20231222,15:27:12,3.05,150,33650
20231226,09:19:23,3.3,1,33850
20231226,09:19:23,3.3,50,33850
20231226,09:20:56,6.05,50,33900
20231226,09:23:00,6.05,50,33900
20231226,09:28:23,6.05,50,33900
20231226,09:35:39,6.05,50,33900
20231226,09:51:38,6.05,50,33950
20231226,09:58:16,6.05,700,34000
20231226,10:00:31,6.05,850,34000
20231226,10:03:21,6.05,100,34000
20231226,10:51:46,5.15,50,34000
20231226,10:51:55,4.05,50,34000
20231226,11:06:44,5.75,1000,34100
20231226,11:10:09,5.7,50,34100
20231226,11:10:45,5.7,50,34100
20231226,11:17:27,5.55,750,34100
20231226,11:37:03,5.5,200,34100
20231226,12:26:09,6.05,50,34100
20231226,12:56:15,6.05,100,34100
20231226,13:05:26,6.05,50,34100
20231226,13:14:47,5.05,100,34100
20231226,13:14:56,5.0,100,34100
20231226,13:18:39,4.5,100,34250
20231226,13:18:48,4.15,100,34250
20231226,13:20:21,4.2,100,34250
20231226,13:20:29,4.15,100,34250
20231226,13:20:37,4.05,50,34250
20231226,13:20:54,4.05,50,34250
20231226,13:23:30,4.05,50,34600
20231226,13:23:39,4.0,100,34600
20231226,13:23:57,3.95,50,34600
20231226,13:25:17,3.95,100,34800
20231226,13:25:25,3.95,50,34800
20231226,13:25:34,3.95,50,34800
20231226,13:25:53,3.95,50,34800
20231226,13:26:01,3.95,50,34800
20231226,13:29:18,4.0,50,35100
20231226,13:29:27,4.0,50,35100
20231226,13:29:36,4.0,50,35100
20231226,13:29:45,4.0,50,35100
20231226,13:30:02,4.0,50,35100
20231226,13:30:11,4.0,50,35100
20231226,13:32:59,4.0,50,35400
20231226,13:42:33,4.05,50,35450
20231226,13:49:22,4.6,50,35500
20231226,13:52:14,4.05,50,35550
20231226,14:02:09,4.0,50,35600
20231226,14:02:27,4.0,50,35600
20231226,14:13:03,4.5,50,35700
20231226,14:52:58,5.15,400,35700
20231226,14:56:33,4.25,100,35800
20231226,15:25:45,4.5,150,35900
20231226,15:26:45,5.0,100,35900
20231226,15:27:49,5.0,100,35850
20231226,15:28:36,5.0,50,35850
20231227,10:26:27,4.8,1,35850
20231227,10:26:27,4.8,50,35850
20231227,10:27:00,5.7,200,35850
20231227,11:20:17,5.7,50,35850
20231227,12:14:31,4.25,500,35850
20231227,12:21:51,4.5,50,35850
20231227,12:26:22,4.7,50,35850
20231227,12:48:13,4.35,50,35850
20231227,13:02:03,4.4,150,35900
20231227,13:03:39,5.0,50,36050
20231227,13:32:03,4.55,50,36050
20231227,13:46:43,4.5,50,36000
20231227,13:49:19,4.35,50,36050
20231227,13:50:16,4.35,50,36050
20231227,13:52:58,4.35,50,36150
20231227,14:03:36,4.4,50,36200
20231227,14:05:32,4.35,250,36200
20231227,14:06:30,4.4,250,36500
20231227,14:06:54,4.4,250,36500
20231227,14:07:43,4.4,250,36500
20231227,14:07:52,4.4,250,36500
20231227,14:08:32,4.4,250,36500
20231227,14:09:05,4.4,500,36500
20231227,14:09:13,4.35,250,36500
20231227,14:09:44,4.35,100,38500
20231227,14:09:52,4.35,100,38500
20231227,14:10:00,4.35,200,38500
20231227,14:10:08,4.35,250,38500
20231227,14:10:16,4.8,50,38500
20231227,14:10:24,4.35,300,38500
20231227,14:10:58,4.6,250,38500
20231227,14:11:13,4.35,300,38500
20231227,14:11:55,4.35,500,38500
20231227,14:12:43,4.35,250,40450
20231227,14:12:50,4.35,250,40450
20231227,14:12:58,4.35,250,40450
20231227,14:13:06,4.35,250,40450
20231227,14:13:23,4.35,300,40450
20231227,14:13:39,4.3,500,40450
20231227,14:13:47,4.3,150,40450
20231227,14:13:55,4.5,200,40450
20231227,14:14:56,4.35,50,40450
20231227,14:15:35,4.3,500,42550
20231227,14:16:01,4.5,50,42550
20231227,14:16:10,4.5,500,42550
20231227,14:16:19,4.5,100,42550
20231227,14:16:36,4.6,50,42550
20231227,14:17:59,5.15,1800,42550
20231227,14:18:08,4.55,2150,42550
20231227,14:18:17,4.5,250,42550
20231227,14:18:52,5.15,600,47500
20231227,14:20:21,4.6,50,47500
20231227,14:20:29,4.6,100,47500
20231227,14:20:45,4.5,200,47500
20231227,14:21:09,4.6,200,47500
20231227,14:21:18,4.9,50,47500
20231227,14:21:49,4.65,50,48450
20231227,14:22:37,4.6,250,48450
20231227,14:22:53,4.8,50,48450
20231227,14:23:40,4.65,100,48450
20231227,14:23:48,4.6,250,48450
20231227,14:24:11,4.6,50,48450
20231227,14:25:56,4.6,600,49150
20231227,14:26:04,4.6,250,49150
20231227,14:28:43,4.6,50,50000
20231227,14:38:42,4.6,50,50050
20231227,14:38:59,4.6,50,50050
20231227,14:39:31,4.6,150,50150
20231227,14:39:49,4.6,300,50150
20231227,14:39:59,4.6,100,50150
20231227,14:40:17,4.6,50,50150
20231227,14:41:14,4.6,200,50150
20231227,14:41:50,4.6,50,50150
20231227,14:42:16,4.6,100,50150
20231227,14:42:33,4.6,100,51100
20231227,14:42:50,4.5,300,51100
20231227,14:42:59,4.5,300,51100
20231227,14:43:28,4.5,50,51100
20231227,14:44:02,4.4,200,51100
20231227,14:44:20,4.4,150,51100
20231227,14:44:29,4.4,450,51100
20231227,14:44:39,4.4,50,51100
20231227,14:44:49,4.45,150,51100
20231227,14:44:58,4.65,100,51100
20231227,14:45:34,4.45,50,52850
20231227,14:45:52,4.45,100,52850
20231227,14:46:09,4.4,250,52850
20231227,14:46:18,4.4,500,52850
20231227,14:46:36,4.4,200,52850
20231227,14:46:54,4.4,100,52850
20231227,14:47:03,4.25,150,52850
20231227,14:47:12,4.5,50,52850
20231227,14:53:23,4.4,100,54200
20231227,14:55:03,4.45,100,54300
20231227,14:56:45,4.5,100,54300
20231227,14:58:09,4.45,50,54400
20231227,14:58:18,4.45,50,54400
20231227,14:58:26,4.4,50,54400
20231227,14:58:34,4.4,50,54400
20231227,14:59:00,4.2,1050,54400
20231227,14:59:18,4.2,500,54400
20231227,14:59:26,4.2,500,54400
20231227,15:00:19,4.1,1100,54400
20231227,15:00:28,4.1,150,54400
20231227,15:01:11,4.1,500,57750
20231227,15:01:42,4.2,500,57750
20231227,15:02:04,4.3,150,57750
20231227,15:02:16,4.3,50,57750
20231227,15:02:36,4.3,50,57750
20231227,15:05:16,4.3,750,59000
20231227,15:05:25,4.3,450,59000
20231227,15:09:44,4.3,100,60200
20231227,15:10:11,4.3,100,60200
20231227,15:10:20,4.3,650,60200
20231227,15:11:40,4.3,450,60200
20231227,15:11:49,4.3,250,60200
20231227,15:11:58,4.3,250,60200
20231227,15:12:26,4.3,50,60200
20231227,15:12:35,4.3,300,62050
20231227,15:12:45,4.3,250,62050
20231227,15:12:55,4.3,100,62050
20231227,15:14:47,4.3,100,62050
20231227,15:14:56,4.3,50,62050
20231227,15:15:05,4.3,50,62050
20231227,15:15:24,4.3,50,62050
20231227,15:23:55,4.5,50,62750
20231227,15:24:14,4.5,50,62750
20231227,15:28:21,4.3,200,62750
20231227,15:28:39,4.3,50,62750
20231228,09:16:21,4.1,1,62800
20231228,09:16:21,4.1,100,62800
20231228,09:16:56,4.1,100,62800
20231228,09:19:59,4.15,50,62800
20231228,09:24:13,4.25,300,62850
20231228,09:24:22,4.3,200,62850
20231228,09:24:58,4.3,250,62850
20231228,09:25:25,4.3,500,62850
20231228,09:25:34,4.3,250,62850
20231228,09:25:43,4.3,350,62850
20231228,09:25:52,4.3,450,62850
20231228,09:26:02,4.25,450,62850
20231228,09:26:29,4.3,50,62850
20231228,09:26:38,4.3,50,62850
20231228,09:26:46,4.3,200,62850
20231228,09:27:05,4.3,200,65900
20231228,09:27:33,4.3,700,65900
20231228,09:27:42,4.3,200,65900
20231228,09:27:51,4.3,100,65900
20231228,09:28:01,4.3,300,65900
20231228,09:28:13,4.25,150,65900
20231228,09:28:50,4.25,150,65900
20231228,09:28:59,4.25,450,65900
20231228,09:29:46,4.25,50,65900
20231228,09:29:55,4.25,450,65900
20231228,09:30:04,4.25,350,65900
20231228,09:30:13,4.25,100,68900
20231228,09:30:33,4.25,200,68900
20231228,09:42:08,4.25,50,69300
20231228,09:43:03,4.5,100,69300
20231228,09:45:45,4.5,100,69350
20231228,09:45:54,4.25,450,69350
20231228,09:48:18,4.25,300,69900
20231228,09:48:27,4.25,300,69900
20231228,09:48:37,4.25,200,69900
20231228,09:49:33,4.25,500,69900
20231228,09:49:42,4.25,200,69900
20231228,09:49:51,4.2,700,69900
20231228,09:50:00,4.2,250,69900
20231228,09:50:09,4.2,200,69900
20231228,09:51:25,4.2,50,72150
20231228,09:52:49,4.2,600,72150
20231228,09:52:58,4.2,150,72150
20231228,09:53:07,4.15,350,72150
20231228,09:53:17,4.2,650,72150
20231228,09:53:26,4.2,700,72150
20231228,09:53:36,4.4,200,72150
20231228,09:54:31,4.25,50,74750
20231228,09:54:49,4.2,200,74750
20231228,09:54:58,4.2,50,74750
20231228,09:55:07,4.15,1650,74750
20231228,09:55:16,4.15,50,74750
20231228,09:55:34,4.4,50,74750
20231228,09:56:05,4.5,50,74750
20231228,09:56:24,4.1,500,74750
20231228,09:56:34,4.1,50,74750
20231228,09:56:44,4.1,200,74750
20231228,09:56:53,4.1,50,74750
20231228,10:00:10,4.1,250,77550
20231228,10:00:19,4.1,500,77550
20231228,10:00:37,4.4,100,77550
20231228,10:01:13,4.1,500,77550
20231228,10:01:31,4.1,150,77550
20231228,10:01:49,4.1,50,77550
20231228,10:01:58,4.1,50,77550
20231228,10:02:51,4.4,50,77550
20231228,10:05:10,4.4,50,78900
20231228,10:07:39,4.5,50,78900
20231228,10:16:10,4.5,50,78900
20231228,10:17:35,4.15,50,78900
20231228,10:25:20,4.2,50,78950
20231228,10:25:30,4.15,500,78950
20231228,10:25:39,4.15,50,78950
20231228,10:27:04,4.15,250,78950
20231228,10:27:32,4.15,150,79750
20231228,10:28:09,4.15,50,79750
20231228,10:30:21,4.15,250,79950
20231228,10:30:32,4.15,450,79950
20231228,10:31:56,4.15,50,79950
20231228,10:32:42,4.15,200,79950
20231228,10:32:52,4.15,500,79950
20231228,10:33:01,4.15,150,79950
20231228,10:33:11,4.15,100,79950
20231228,10:33:20,4.15,400,81650
20231228,10:33:29,4.15,50,81650
20231228,10:35:58,4.15,150,81650
20231228,10:39:22,4.15,100,82250
20231228,10:41:19,4.15,50,82250
20231228,11:07:56,4.2,50,82400
20231228,11:08:58,4.15,300,82400
20231228,11:09:09,4.15,250,82400
20231228,11:17:53,4.15,50,82900
20231228,11:33:54,4.2,50,82950
20231228,11:34:03,4.2,150,82950
20231228,12:03:20,4.35,50,82950
20231228,12:06:27,4.8,900,82950
20231228,12:07:01,4.8,100,82950
20231228,12:11:09,4.8,50,83000
20231228,12:27:32,4.8,200,83000
20231228,12:27:40,4.75,150,83000
20231228,12:49:09,4.55,200,82800
20231228,12:49:18,4.25,600,82800
20231228,12:49:26,4.25,400,82800
20231228,12:55:41,4.6,100,83750
20231228,12:56:16,4.6,50,83750
20231228,12:56:24,4.6,150,83750
20231228,12:56:41,4.6,50,83750
20231228,12:56:58,4.65,100,83750
20231228,13:08:12,4.55,50,83500
20231228,13:09:29,4.55,50,83500
20231228,13:09:56,4.25,1000,83500
20231228,13:12:07,4.25,200,83500
20231228,13:12:15,4.25,150,83500
20231228,13:12:23,4.2,1100,83500
20231228,13:15:33,4.2,800,85650
20231228,13:21:40,4.2,50,86450
20231228,13:22:04,4.2,100,86450
20231228,13:50:50,4.2,150,86600
20231228,13:54:41,4.5,200,86750
20231228,13:55:48,4.6,450,86750
20231228,13:58:31,4.25,100,86950
20231228,14:02:11,4.3,250,86950
20231228,14:04:08,4.25,50,87100
20231228,14:04:17,4.15,450,87100
20231228,14:04:26,4.15,1500,87100
20231228,14:05:03,4.4,300,87100
20231228,14:21:09,4.2,250,88800
20231228,14:26:59,4.2,100,89050
20231228,14:28:02,4.45,50,89150
20231228,14:29:10,4.2,50,89150
20231228,14:29:43,4.15,150,89150
20231228,14:30:51,4.15,200,89350
20231228,14:33:21,4.15,250,89350
20231228,14:34:03,4.15,400,89800
20231228,14:35:19,4.15,350,89800
20231228,14:35:44,4.2,50,89800
20231228,14:36:00,4.2,50,89800
20231228,14:36:09,4.2,100,89800
20231228,14:36:17,4.2,50,89800
20231228,14:37:15,4.2,50,90200
20231228,14:37:23,4.15,300,90200
20231228,14:37:32,4.1,350,90200
20231228,14:39:31,4.1,150,90200
20231228,14:39:48,4.1,100,91050
20231228,14:44:27,4.5,800,91150
20231228,14:44:36,4.6,400,91150
20231228,14:45:33,4.25,50,91150
20231228,14:46:06,4.25,150,90150
20231228,14:46:14,4.2,600,90150
20231228,14:49:44,4.15,50,90750
20231228,14:50:46,4.15,100,90750
20231228,14:50:55,4.15,150,90750
20231228,15:05:12,4.15,50,91050
20231228,15:05:22,4.15,350,91050
20231228,15:05:33,4.15,50,91050
20231228,15:05:53,4.15,50,91050
20231228,15:10:33,4.4,50,91550
20231228,15:15:14,4.4,150,91500
20231228,15:15:42,4.55,100,91500
20231228,15:16:37,4.2,50,91250
20231228,15:17:09,4.15,1000,91250
20231228,15:18:05,4.15,50,91250
20231228,15:18:22,4.05,1950,91250
20231228,15:18:44,4.05,1000,91250
20231228,15:19:41,4.05,50,95300
20231228,15:20:21,4.0,100,95300
20231228,15:20:32,4.0,1050,95300
20231228,15:20:42,4.0,100,95300
20231228,15:29:04,4.0,400,96600
20231229,09:23:52,4.7,1,96600
20231229,09:23:52,4.7,50,96600
20231229,09:24:58,3.7,50,96600
20231229,09:39:27,3.7,50,96600
20231229,09:39:35,4.3,50,96600
20231229,09:58:26,3.85,50,96600
20231229,10:08:46,3.95,50,96650
20231229,10:12:37,4.35,100,96700
20231229,10:13:38,3.95,50,96700
20231229,10:20:11,4.0,100,96650
20231229,10:26:40,3.95,50,96700
20231229,10:41:05,4.0,50,96750
20231229,10:44:52,4.25,50,96800
20231229,10:49:08,4.0,100,96750
20231229,10:57:17,4.25,100,96850
20231229,10:58:04,4.15,50,96850
20231229,11:00:44,4.0,50,96750
20231229,11:14:05,4.0,100,96800
20231229,11:57:39,4.25,150,96900
20231229,12:11:35,4.25,100,96750
20231229,12:18:29,4.25,50,96750
20231229,12:19:29,4.35,50,96750
20231229,12:19:37,4.4,950,96750
20231229,12:26:13,4.35,900,96750
20231229,12:43:14,4.3,50,95850
20231229,12:53:01,3.95,500,95850
20231229,12:53:10,3.95,100,95850
20231229,13:15:13,4.25,200,96450
20231229,13:15:29,4.3,350,96450
20231229,13:23:19,4.35,50,95900
20231229,13:32:05,4.0,50,95900
20231229,13:34:22,4.4,50,95900
20231229,13:54:21,4.2,50,95900
20231229,14:01:18,4.0,200,95900
20231229,14:02:34,4.0,50,95900
20231229,14:06:33,3.95,350,96100
20231229,14:08:46,4.0,350,96100
20231229,14:09:02,4.25,200,96800
20231229,14:09:58,4.15,50,96800
20231229,14:12:11,4.25,150,96650
20231229,14:18:03,4.3,50,96550
20231229,14:25:56,4.35,100,96550
20231229,14:37:53,4.35,50,96450
20231229,14:53:02,4.1,50,96450
20231229,14:54:25,4.1,50,96500
20231229,15:10:02,4.35,100,96500
20231229,15:12:37,4.2,100,96500
20231229,15:18:57,4.25,100,96600
20231229,15:20:04,4.35,150,96600
20231229,15:20:15,4.35,100,96600
20231229,15:24:07,4.1,50,96600
20240101,09:32:50,4.3,1,96550
20240101,09:32:50,4.3,100,96550
20240101,09:40:30,4.3,250,96450
20240101,09:50:30,4.3,1800,96450
20240101,09:50:38,4.35,7000,96450
20240101,09:50:47,4.25,200,96450
20240101,09:51:05,4.25,3600,96450
20240101,09:51:39,4.2,50,96450
20240101,10:18:08,4.2,1050,96450
20240101,10:43:15,4.65,500,96500
20240101,10:48:49,4.25,50,96000
20240101,11:01:02,4.35,50,95950
20240101,11:04:37,4.5,1550,96000
20240101,11:35:51,4.4,50,96000
20240101,11:36:21,4.35,50,96000
20240101,11:42:41,4.3,1150,96000
20240101,11:42:48,4.3,350,96000
20240101,11:43:17,4.25,750,96000
20240101,12:02:27,4.3,100,93750
20240101,12:08:42,4.4,1000,93750
20240101,12:34:30,4.25,1100,93750
20240101,13:16:54,4.3,50,92650
20240101,13:27:01,4.55,1800,92650
20240101,13:27:25,4.5,1800,92650
20240101,13:29:09,4.5,1800,92650
20240101,13:29:24,4.35,100,92650
20240101,13:29:31,4.5,900,92650
20240101,13:29:39,4.5,900,92650
20240101,13:30:33,4.65,1800,92800
20240101,13:30:51,4.65,1800,92800
20240101,13:31:17,4.65,1800,92800
20240101,13:31:56,4.65,1800,92800
20240101,13:35:04,4.6,50,92800
20240101,13:39:37,4.65,1800,92850
20240101,13:39:59,4.7,1800,92850
20240101,13:40:07,4.7,1800,92850
20240101,13:40:21,4.8,1800,92850
20240101,13:40:36,4.9,1800,92850
20240101,13:40:51,5.0,1800,92850
20240101,13:41:12,5.0,1800,92850
20240101,13:41:19,5.15,1800,92850
20240101,13:41:34,5.15,1800,92850
20240101,13:45:03,5.3,1800,100500
20240101,13:45:10,5.3,50,101700
20240101,13:45:25,5.45,500,101700
20240101,14:19:40,5.45,200,101750
20240101,14:21:10,4.0,1550,101750
20240101,14:21:56,4.0,100,101700
20240101,14:23:57,5.0,50,101700
20240101,14:24:53,4.3,250,101450
20240101,14:40:16,4.9,50,101200
20240101,14:40:24,4.85,100,101200
20240101,14:40:32,4.85,50,101200
20240101,14:44:27,4.9,100,101300
20240101,14:47:38,5.0,50,101300
20240101,14:49:27,5.0,150,101300
20240101,14:50:00,5.25,150,101300
20240101,15:07:12,5.0,50,101450
20240101,15:23:12,5.0,700,101400
20240101,15:29:50,5.15,100,100700
20240102,09:16:25,5.2,1,100700
20240102,09:16:25,5.2,100,100700
20240102,09:19:49,5.15,200,100650
20240102,10:27:40,4.6,50,100650
20240102,10:49:48,4.6,50,100600
20240102,10:50:51,5.35,50,100550
20240102,10:58:05,5.25,100,100500
20240102,10:59:20,4.8,100,100500
20240102,11:26:35,5.0,50,100500
20240102,11:58:48,4.9,50,100500
20240102,12:47:54,5.25,50,100550
20240102,12:54:22,5.25,200,100500
20240102,13:27:46,5.0,150,100650
20240102,13:42:42,5.3,200,100500
20240102,13:46:04,5.4,500,100700
20240102,14:12:41,5.4,50,100900
20240102,14:12:50,5.05,50,100900
20240102,15:11:01,5.05,200,100900
20240102,15:12:43,4.9,500,100900
20240102,15:18:08,4.75,150,100900
20240103,09:15:05,4.95,1,100850
20240103,09:15:05,4.95,50,100850
20240103,09:52:06,5.45,50,100850
20240103,09:52:23,5.45,50,100850
20240103,09:56:19,5.35,50,100850
20240103,10:07:46,5.35,100,100850
20240103,10:12:23,5.35,100,100850
20240103,10:18:42,5.0,50,100850
20240103,10:48:58,5.45,50,100800
20240103,10:49:06,5.15,50,100800
20240103,10:50:03,5.5,100,100800
20240103,10:54:59,5.5,100,100700
20240103,11:44:24,5.6,200,100600
20240103,11:46:46,5.6,50,100600
20240103,13:43:25,5.05,100,100600
20240103,15:20:16,5.1,500,100500
20240103,15:24:59,5.05,100,100500
20240104,10:44:43,4.75,1,100400
20240104,10:44:43,4.75,50,100400
20240104,10:47:04,5.0,100,100400
20240104,10:50:28,5.0,50,100300
20240104,10:51:04,5.0,150,100250
20240104,10:55:29,5.0,100,100250
20240104,10:57:28,5.0,800,100000
20240104,10:59:57,5.35,50,100000
20240104,11:02:38,5.4,100,100000
20240104,11:06:22,5.4,100,99950
20240104,11:11:05,5.0,100,99950
20240104,11:12:33,5.45,50,99950
20240104,11:13:08,5.45,100,99950
20240104,11:13:25,5.45,50,99950
20240104,11:13:58,5.0,100,99950
20240104,11:17:27,4.75,100,99750
20240104,11:20:15,4.75,100,99750
20240104,11:20:24,4.75,100,99750
20240104,11:20:43,4.7,100,99750
20240104,11:21:30,4.2,200,99850
20240104,11:21:59,4.2,100,99850
20240104,11:22:08,5.4,50,99850
20240104,11:23:20,4.5,100,99850
20240104,11:23:29,4.5,100,99850
20240104,11:25:15,4.5,250,100050
20240104,11:25:24,5.0,200,100050
20240104,11:25:51,4.5,50,100050
20240104,11:27:37,4.5,150,100150
20240104,11:28:13,5.25,100,100150
20240104,11:28:40,4.5,250,100150
20240104,11:28:50,5.5,1350,100150
20240104,11:29:08,4.65,700,100150
20240104,11:29:17,5.4,100,100150
20240104,11:31:03,4.8,550,99800
20240104,11:44:25,4.9,450,99850
20240104,11:44:34,4.6,300,99850
20240104,11:52:50,4.9,100,100000
20240104,11:54:38,4.9,50,100000
20240104,11:55:40,5.05,300,100000
20240104,11:55:49,5.1,150,100000
20240104,11:55:58,5.4,250,100000
20240104,11:56:06,5.3,250,100000
20240104,11:56:22,5.25,100,100000
20240104,11:56:30,5.25,150,100000
20240104,11:56:39,5.3,200,100000
20240104,11:58:45,5.25,50,99200
20240104,12:00:29,5.0,200,99150
20240104,12:01:34,5.25,150,99150
20240104,12:01:43,5.3,150,99150
20240104,12:01:52,5.35,150,99150
20240104,12:02:01,5.3,150,99150
20240104,12:02:10,5.35,200,99150
20240104,12:17:32,5.1,450,98650
20240104,12:18:47,5.05,650,98500
20240104,12:21:28,4.9,50,98500
20240104,12:32:56,4.6,50,98500
20240104,12:33:15,4.55,100,98500
20240104,12:33:24,4.85,50,98500
20240104,12:34:50,4.9,100,98500
20240104,12:37:13,4.55,400,98600
20240104,12:48:42,4.55,2050,98600
20240104,13:48:43,4.45,300,96600
20240104,13:48:52,4.5,150,96600
20240104,13:49:26,4.5,100,96600
20240104,13:49:35,4.5,50,96600
20240104,13:54:10,4.5,50,97000
20240104,14:04:21,4.45,50,97000
20240104,14:06:13,4.4,100,97050
20240104,14:10:22,4.4,200,97050
20240104,14:10:31,4.8,100,97050
20240104,14:10:41,4.4,150,97050
20240104,14:10:50,4.4,150,97050
20240104,14:27:32,4.4,50,97150
20240104,14:27:40,4.4,200,97150
20240104,14:29:14,4.4,250,97150
20240104,14:29:41,4.4,50,97150
20240104,14:30:10,4.35,100,97150
20240104,14:30:21,4.35,100,97750
20240104,14:32:40,4.3,50,97750
20240104,15:20:01,4.3,1050,97950
20240104,15:22:20,4.3,400,98300
20240104,15:25:12,4.55,100,98700
20240104,15:28:17,4.05,200,98600
20240105,11:59:43,4.85,1,98700
20240105,11:59:43,4.85,50,98700
20240105,12:01:16,4.7,50,98700
20240105,13:11:18,3.8,50,98650
20240105,15:16:25,3.8,100,98650
20240105,15:28:34,3.8,50,98700
20240108,09:45:07,4.75,1,98750
20240108,09:45:07,5.0,900,98750
20240108,09:52:26,5.0,300,98850
20240108,10:01:31,5.0,50,98850
20240108,10:09:44,5.0,150,98850
20240108,10:10:09,5.0,400,98850
20240108,10:22:56,5.0,750,98850
20240108,11:16:38,4.75,500,99600
20240108,11:52:12,4.75,550,100100
20240108,12:06:58,4.55,50,100650
20240108,12:19:07,4.55,50,100700
20240108,12:43:33,4.55,50,100750
20240108,13:04:29,5.15,100,100700
20240108,13:04:57,5.2,200,100700
20240108,13:05:25,5.25,450,100700
20240108,13:06:31,5.35,150,100700
20240108,13:06:49,5.35,100,100700
20240108,13:06:59,5.4,50,100700
20240108,13:09:20,5.4,50,100650
20240108,14:12:37,4.65,50,100600
20240108,14:32:25,5.3,100,100550
20240108,14:48:31,5.25,100,100550
20240108,14:57:23,5.25,100,100550
20240108,15:25:08,5.4,200,100450
20240109,15:21:19,5.2,1,100450
20240109,15:21:19,5.2,50,100450
20240109,15:27:30,4.25,50,100500
20240109,15:29:53,4.25,50,100550
20240110,15:20:55,5.2,1,100550
20240110,15:20:55,5.2,50,100550
20240111,13:29:28,4.8,1,100550
20240111,13:29:28,4.8,800,100550
20240111,13:36:10,4.1,350,100550
20240111,13:36:20,3.35,1650,100550
20240111,13:37:12,3.35,200,100550
20240111,13:40:05,4.2,50,102550
20240111,13:48:53,4.25,200,102550
20240111,13:50:07,4.55,100,102550
20240111,13:52:03,4.55,150,102450
20240111,14:06:31,4.25,1000,102300
20240111,14:06:39,3.95,500,102300
20240111,14:06:48,4.1,500,102300
20240111,14:07:28,4.2,500,102300
20240111,14:10:42,4.15,150,102300
20240111,14:38:29,3.95,150,102450
20240111,14:50:31,3.75,250,102600
20240111,14:59:33,3.95,200,102350
20240111,15:12:45,3.95,150,102550
20240111,15:23:05,4.45,300,102700
20240111,15:28:56,4.25,400,102850
20240112,09:22:09,3.35,1,103250
20240112,09:22:09,3.35,50,103250
20240112,09:22:15,4.65,50,103250
20240112,09:41:55,4.65,50,103250
20240112,10:04:40,3.95,100,103250
20240112,10:06:11,3.45,900,103350
20240112,10:18:37,4.3,50,104250
20240112,10:18:59,4.35,100,104250
20240112,10:26:25,3.55,800,104250
20240112,10:30:13,4.45,400,104250
20240112,10:31:56,3.75,150,104250
20240112,10:32:25,3.75,50,104250
20240112,10:32:33,3.7,300,104250
20240112,10:32:40,3.7,150,104500
20240112,10:33:03,4.0,150,104500
20240112,10:34:03,4.2,150,104500
20240112,10:34:18,4.4,50,104500
20240112,10:34:46,4.0,100,104500
20240112,10:35:00,3.75,100,104500
20240112,10:36:03,3.75,200,104650
20240112,10:36:18,4.0,300,104650
20240112,10:37:01,3.75,100,104650
20240112,10:45:22,3.7,100,104650
20240112,10:45:57,3.7,50,104650
20240112,10:47:14,3.7,200,104650
20240112,10:47:31,3.7,50,104650
20240112,10:48:21,3.65,100,105050
20240112,10:48:37,3.65,200,105050
20240112,10:49:30,3.65,50,105050
20240112,10:50:46,3.7,50,105400
20240112,10:51:30,3.7,50,105400
20240112,10:51:37,3.65,50,105400
20240112,10:51:43,3.65,50,105400
20240112,10:51:51,3.65,100,105400
20240112,10:52:42,3.5,350,105400
20240112,10:54:51,3.55,50,106050
20240112,10:56:43,3.55,50,106050
20240112,10:57:37,3.55,50,106050
20240112,10:57:51,4.0,750,106050
20240112,10:57:59,3.6,50,106050
20240112,10:58:57,3.6,50,106050
20240112,10:59:05,3.95,100,106050
20240112,10:59:52,3.5,1350,106250
20240112,10:59:59,3.5,100,106250
20240112,11:00:07,3.5,350,106250
20240112,11:00:17,3.4,900,106250
20240112,11:00:27,3.4,450,106250
20240112,11:00:47,3.4,200,106250
20240112,11:00:56,3.4,200,106250
20240112,11:01:13,3.65,200,106250
20240112,11:01:23,3.45,50,106250
20240112,11:02:42,3.45,100,106250
20240112,11:02:59,3.45,50,109950
20240112,11:04:23,3.6,400,109950
20240112,11:04:31,3.65,300,109950
20240112,11:05:40,3.55,100,109950
20240112,11:06:10,3.5,300,109400
20240112,11:06:38,3.55,50,109400
20240112,11:07:31,3.45,50,109400
20240112,11:07:38,3.45,100,109400
20240112,11:10:45,3.45,50,109550
20240112,11:10:52,3.4,50,109550
20240112,11:16:15,3.4,200,109650
20240112,11:18:29,3.4,150,109750
20240112,11:19:05,3.4,50,109750
20240112,11:19:13,3.5,50,109750
20240112,11:19:34,3.5,150,109750
20240112,11:19:48,3.55,900,109750
20240112,11:20:51,3.6,200,109900
20240112,11:21:20,3.65,150,109900
20240112,11:24:01,3.55,50,109900
20240112,11:28:38,3.55,100,109950
20240112,11:29:45,3.5,50,110050
20240112,11:34:46,3.5,350,110100
20240112,11:35:07,3.5,100,110100
20240112,11:36:03,3.5,100,110550
20240112,11:38:38,3.5,50,110550
20240112,11:39:12,3.5,50,110700
20240112,11:42:08,3.5,50,110750
20240112,11:44:08,3.5,50,110750
20240112,11:47:58,3.6,100,110850
20240112,11:49:38,3.6,50,110850
20240112,11:50:10,3.5,50,110850
20240112,11:50:31,3.5,50,110850
20240112,11:50:53,3.5,100,111000
20240112,11:51:22,3.55,50,111000
20240112,11:51:45,3.5,100,111000
20240112,11:51:52,3.5,50,111000
20240112,11:54:22,3.5,50,111300
20240112,11:55:47,3.5,50,111300
20240112,11:56:01,3.5,50,111300
20240112,12:32:34,3.6,50,111450
20240112,12:34:48,3.6,50,111450
20240112,12:51:02,3.55,50,111450
20240112,12:58:25,3.5,100,111500
20240112,12:58:40,3.5,50,111500
20240112,12:59:03,3.5,50,111500
20240112,13:05:59,3.5,350,111700
20240112,13:07:19,3.5,100,112050
20240112,13:07:27,3.5,100,112050
20240112,13:07:51,3.45,150,112050
20240112,13:07:58,3.45,150,112050
20240112,13:10:56,3.45,150,112550
20240112,13:12:49,3.45,50,112700
20240112,13:12:56,3.45,50,112700
20240112,13:13:09,3.45,100,112700
20240112,13:14:05,3.45,50,112700
20240112,13:14:18,3.45,50,112700
20240112,13:22:59,3.5,100,112700
20240112,13:24:52,3.55,50,112700
20240112,13:25:07,3.5,50,112700
20240112,13:53:52,3.5,250,112750
20240112,13:56:48,3.5,50,112750
20240112,14:00:02,3.55,50,112800
20240112,14:00:52,3.5,100,112800
20240112,14:01:25,3.5,50,112800
20240112,14:01:55,3.5,50,112800
20240112,14:02:36,3.5,50,112800
20240112,14:02:51,3.5,50,112800
20240112,14:05:09,3.5,50,113100
20240112,14:05:58,3.5,450,113100
20240112,14:06:07,3.5,50,113100
20240112,14:06:16,3.5,50,113650
20240112,14:06:25,3.5,50,113650
20240112,14:06:44,3.5,300,113650
20240112,14:07:02,3.5,550,113650
20240112,14:09:12,3.5,400,113650
20240112,14:09:20,3.5,250,114600
20240112,14:09:29,3.5,100,114600
20240112,14:12:02,3.5,100,114600
20240112,14:12:11,3.5,50,114600
20240112,14:12:34,3.5,50,115450
20240112,14:12:51,3.55,50,115450
20240112,14:19:01,3.5,50,115550
20240112,14:19:09,3.5,250,115550
20240112,14:24:57,3.5,100,115850
20240112,14:25:20,3.5,50,115850
20240112,14:27:54,3.5,50,116000
20240112,14:28:24,3.5,150,116000
20240112,14:32:05,3.6,100,116200
20240112,14:35:48,3.6,50,116100
20240112,15:10:04,3.6,100,116050
20240112,15:12:57,3.55,50,116100
20240112,15:29:17,3.55,200,116150
20240112,15:30:03,3.55,50,116150
20240115,09:24:25,3.75,1,116200
20240115,09:24:25,3.75,100,116200
20240115,09:26:42,3.9,200,116200
20240115,09:36:12,4.0,400,116200
20240115,09:36:29,4.05,200,116200
20240115,09:36:53,4.05,100,116200
20240115,10:13:59,4.05,300,116200
20240115,10:18:14,4.05,50,116200
20240115,12:33:37,4.05,200,116200
20240115,13:31:04,4.05,100,116200
20240115,13:31:04,3.6,100,116200
20240115,13:32:26,3.65,50,116200
20240115,13:44:36,3.95,50,116200
20240115,13:45:39,4.0,1000,116200
20240115,14:01:49,4.0,50,116200
20240115,14:25:43,4.2,1300,116200
20240115,14:58:35,4.2,50,116200
20240115,14:59:54,3.7,50,116200
20240115,15:27:46,3.6,50,116300
20240116,09:16:23,3.65,1,116350
20240116,09:16:23,3.65,100,116350
20240116,11:24:42,3.65,50,116350
20240116,12:03:33,3.7,50,116300
20240116,14:46:52,4.0,100,116300
20240116,14:47:01,4.0,150,116300
20240116,15:22:21,4.0,50,116300
20240116,15:22:39,3.6,400,116300
20240117,09:47:29,3.4,1,116350
20240117,09:47:29,3.4,50,116350
20240117,10:29:34,4.0,50,116350
20240117,10:29:52,4.0,50,116350
20240117,10:33:42,4.0,50,116300
20240117,10:33:51,4.1,50,116300
20240117,10:34:01,4.2,50,116300
20240117,11:02:59,4.2,50,116150
20240117,11:03:09,4.2,50,116200
20240117,12:53:26,4.35,100,116150
20240117,12:53:45,4.35,250,116150
20240117,14:11:33,3.8,200,115950
20240117,14:13:45,3.8,100,116150
20240117,14:13:55,3.8,100,116150
20240117,14:14:21,3.8,50,116150
20240117,14:14:31,3.8,100,116150
20240117,14:16:30,3.8,50,116500
20240117,14:20:48,3.85,100,116550
20240117,14:25:47,3.8,100,116650
20240117,14:28:24,3.8,50,116750
20240117,14:31:59,3.8,350,116800
20240117,14:34:37,4.25,150,117150
20240117,14:35:40,4.25,550,117150
20240117,14:35:50,4.25,100,117150
20240117,14:36:25,4.25,100,117150
20240117,14:38:44,4.25,100,117700
20240117,14:39:32,4.25,100,117700
20240117,14:39:41,4.25,50,117900
20240117,14:40:00,4.25,100,117900
20240117,14:40:18,4.25,100,117900
20240117,14:40:27,4.25,50,117900
20240117,14:40:46,4.25,100,117900
20240117,14:40:55,4.25,200,117900
20240117,14:41:05,3.8,250,117900
20240117,14:41:24,4.4,400,117900
20240117,14:41:34,3.8,100,117900
20240117,14:41:58,3.8,100,117900
20240117,14:49:07,4.4,250,119200
20240117,14:52:26,4.4,200,119200
20240117,14:53:12,4.4,100,119200
20240117,14:53:58,4.6,1050,119200
20240117,14:54:07,4.65,1800,119200
20240117,14:54:16,4.65,200,119200
20240117,14:54:45,4.4,100,119550
20240117,14:54:54,4.9,1800,119550
20240117,14:55:03,4.9,100,119550
20240117,14:55:21,4.9,1800,119550
20240117,14:55:57,4.9,1800,119550
20240117,14:56:15,5.2,1800,119550
20240117,14:56:35,5.2,1800,119550
20240117,14:56:45,4.4,250,119550
20240117,14:57:03,5.0,1800,119550
20240117,14:57:39,5.2,1800,119550
20240117,14:57:59,4.0,400,128700
20240117,14:58:10,4.5,50,128700
20240117,14:58:20,4.15,100,128700
20240117,14:58:30,4.1,450,128700
20240117,14:58:59,4.15,150,128700
20240117,14:59:19,4.15,250,128700
20240117,15:02:14,5.0,1800,129900
20240117,15:02:26,4.3,100,129900
20240117,15:02:58,5.0,1800,129900
20240117,15:03:17,5.1,1800,129900
20240117,15:03:44,5.1,1800,133250
20240117,15:04:02,5.2,1800,133250
20240117,15:04:22,4.5,50,133250
20240117,15:04:43,5.35,1800,133250
20240117,15:05:02,5.35,1800,133250
20240117,15:05:30,5.4,1800,133250
20240117,15:05:51,5.55,1800,133250
20240117,15:06:30,5.7,1800,133250
20240117,15:07:02,5.7,200,141550
20240117,15:07:48,4.7,300,141550
20240117,15:07:58,4.55,1200,141550
20240117,15:08:08,4.55,100,141550
20240117,15:12:57,4.6,50,143150
20240117,15:13:57,5.75,1800,143150
20240117,15:14:46,5.75,300,143150
20240117,15:15:27,5.55,1800,143150
20240117,15:15:54,4.75,100,144850
20240117,15:16:04,4.75,50,144850
20240117,15:18:44,4.85,250,144900
20240117,15:20:28,4.65,900,144900
20240117,15:22:59,5.0,100,146050
20240117,15:23:28,5.0,100,146050
20240117,15:23:37,5.0,100,146050
20240117,15:23:46,5.0,100,146050
20240117,15:23:56,5.0,100,146050
20240117,15:24:37,5.0,100,146050
20240117,15:24:48,5.1,100,145450
20240117,15:24:57,5.1,100,145450
20240117,15:25:07,5.15,100,145450
20240117,15:25:16,5.15,400,145450
20240117,15:25:25,5.15,200,145450
20240117,15:25:35,5.2,100,145450
20240117,15:26:42,4.75,100,145450
20240117,15:26:51,5.0,300,145450
20240117,15:27:09,5.0,100,145450
20240118,09:21:29,5.2,1,144350
20240118,09:21:29,5.2,50,144350
20240118,09:29:45,5.0,100,144350
20240118,09:32:16,5.0,100,144350
20240118,09:35:02,5.35,200,144450
20240118,09:36:06,5.4,400,144250
20240118,09:36:18,5.4,300,144250
20240118,09:37:49,5.45,400,144250
20240118,09:46:54,5.45,100,143150
20240118,09:49:31,5.5,50,143050
20240118,09:50:22,5.5,650,143050
20240118,09:51:05,5.5,400,142400
20240118,09:54:06,5.5,100,142000
20240118,10:19:38,5.5,350,141900
20240118,12:46:43,5.85,300,141550
20240118,13:24:03,5.85,50,141550
20240118,14:35:04,5.6,100,141600
20240118,14:35:25,5.6,100,141600
20240118,14:35:35,5.6,100,141600
20240118,14:35:45,5.6,100,141600
20240118,14:35:55,5.6,200,141600
20240118,14:36:26,5.6,100,141600
20240118,14:36:45,5.6,200,140900
20240118,15:00:15,5.5,100,140700
20240118,15:29:10,5.0,50,140600
20240119,09:15:54,5.55,1,140550
20240119,09:15:54,5.55,50,140550
20240119,09:16:09,5.55,50,140550
20240119,10:57:38,5.5,50,140550
20240119,11:08:47,5.2,50,140600
20240119,11:51:16,4.15,200,140600
20240119,11:52:14,4.15,200,140600
20240119,12:47:49,4.85,100,140400
20240119,13:21:10,5.6,1700,140300
20240119,13:24:37,5.6,500,140550
20240119,14:16:28,5.0,1500,140550
20240119,14:47:25,4.7,50,140550
20240119,15:01:03,5.6,50,140500
20240119,15:06:58,5.0,50,140450
20240119,15:21:43,5.0,200,140450
20240119,15:21:51,5.0,200,140450
20240119,15:21:59,5.0,100,140450
20240119,15:22:09,5.0,200,140450
20240119,15:22:17,5.0,200,140450
20240119,15:22:25,5.0,300,140450
20240119,15:22:33,5.0,300,140450
20240119,15:22:41,5.0,300,140450
20240119,15:22:50,5.0,300,140450
20240119,15:22:58,5.0,300,140450
20240119,15:24:58,4.8,50,138050
20240119,15:26:26,4.8,100,138050
20240120,12:40:27,4.9,1,138050
20240120,12:40:27,4.9,100,138050
20240120,12:40:36,4.9,600,138050
20240120,12:40:45,4.9,200,138050
20240120,14:46:51,5.0,100,137150
20240120,14:47:01,5.0,400,137150
20240120,15:11:36,5.0,200,136650
20240120,15:11:55,5.0,200,136650
20240120,15:12:05,5.0,800,136650
20240120,15:12:15,5.0,1200,136650
20240120,15:26:52,5.0,100,134250
20240123,12:18:02,5.65,50,134300
20240123,13:02:16,4.0,100,134300
20240123,13:33:32,5.65,50,134200
20240123,13:35:05,5.0,50,134200
20240123,13:35:31,5.65,100,134200
20240123,13:37:41,5.65,50,134050
20240123,13:39:18,5.55,150,134050
20240123,13:40:04,5.0,350,134000
20240123,13:42:49,5.4,50,133800
20240123,13:46:26,5.45,100,133750
20240123,13:47:45,5.45,50,133750
20240123,13:48:33,5.65,50,133600
20240123,13:49:22,5.65,100,133600
20240123,13:55:27,5.5,50,133450
20240123,14:06:05,5.0,50,133450
20240123,14:14:24,5.65,200,133450
20240123,14:20:18,5.65,50,133250
20240123,15:02:07,5.6,50,133200
20240123,15:09:05,5.0,50,133150
20240123,15:29:59,5.3,1,133200
20240124,10:33:47,4.15,1,133200
20240124,10:33:47,4.15,50,133200
20240124,10:55:57,4.3,50,133250
20240124,11:23:49,4.35,1000,133250
20240124,12:41:12,4.4,50,133300
20240124,12:46:13,5.0,50,133350
20240124,12:47:06,5.0,50,133350
20240124,14:52:32,4.45,600,133350
20240124,14:53:03,4.3,300,133350
20240124,14:53:12,4.2,500,133350
20240124,14:53:21,4.2,100,133350
20240124,14:53:30,4.2,50,133350
20240124,14:53:40,4.2,50,133350
20240124,15:13:39,4.2,50,134500
20240124,15:16:50,4.2,50,134550
20240124,15:18:27,4.15,50,134550
20240124,15:20:34,4.05,200,134650
20240124,15:20:43,4.0,50,134650
20240124,15:22:26,4.0,200,134900
20240124,15:23:29,4.0,250,134900
20240124,15:27:06,4.0,100,135350
20240124,15:29:27,4.0,50,135450
20240125,10:21:47,4.2,1,135450
20240125,10:21:47,4.0,350,135450
20240125,10:23:00,4.0,50,135450
20240125,10:27:47,3.9,50,135250
20240125,10:53:17,3.9,50,135300
20240125,11:15:59,3.9,50,135350
20240125,11:20:39,3.9,50,135350
20240125,11:22:41,3.25,50,135400
20240125,12:23:06,3.25,50,135450
20240125,12:42:37,4.5,50,135400
20240125,12:42:46,4.95,450,135400
20240125,12:42:56,5.0,1050,135400
20240125,13:00:20,5.0,400,135050
20240125,14:05:33,4.1,2000,134650
20240125,14:23:47,4.95,50,134650
20240125,14:24:14,4.95,150,134650
20240125,14:24:40,4.95,100,134650
20240125,14:32:57,4.9,150,134650
20240125,14:53:33,4.6,50,134650
20240125,14:53:43,4.65,200,134650
20240125,14:54:29,4.75,200,134650
20240125,15:25:09,4.75,100,134450
20240125,15:28:27,4.3,100,134450
20240129,10:23:01,4.35,1,134450
20240129,10:23:01,4.35,50,134450
20240129,11:08:43,4.35,450,134500
20240129,11:23:19,4.5,50,134750
20240129,11:23:27,4.5,50,134750
20240129,11:25:35,4.25,500,134750
20240129,11:30:15,3.7,50,134750
20240129,12:12:35,3.7,100,134750
20240129,12:12:52,4.75,100,134750
20240129,13:14:51,4.75,50,134950
20240129,13:21:33,4.0,50,135000
20240129,15:27:07,4.65,50,134950
20240130,09:47:31,4.4,1,134950
20240130,09:47:31,4.4,400,134950
20240130,13:00:55,4.0,50,134950
20240130,13:21:58,4.0,50,134950
20240130,13:41:39,4.75,50,134950
20240130,13:41:48,4.75,50,134950
20240130,13:59:56,4.75,50,134850
20240130,14:11:24,4.2,50,134850
20240130,14:30:37,4.6,50,134850
20240130,15:13:40,4.6,50,134800
20240130,15:17:19,4.6,400,134750
20240130,15:23:15,4.0,50,134750
20240130,15:24:07,4.5,50,134750
20240130,15:25:06,4.6,50,134700
20240130,15:27:24,4.05,500,134650
20240130,15:27:57,4.5,50,134650
20240131,09:18:49,4.1,1,134550
20240131,09:18:49,4.0,500,134550
20240131,09:19:58,4.0,2150,134550
20240131,09:23:50,4.5,250,132400
20240131,09:49:31,4.5,50,132400
20240131,11:12:04,3.7,50,132450
20240131,13:28:14,3.7,50,132400
20240131,13:28:53,4.25,50,132400
20240131,13:34:58,3.8,50,132400
20240131,13:35:30,4.25,50,132400
20240131,13:56:11,3.8,50,132400
20240131,13:57:18,4.25,50,132450
20240131,14:21:08,3.8,50,132400
20240131,14:34:43,3.85,50,132450
20240131,15:16:15,4.0,50,132500
20240131,15:25:39,4.0,100,132500
20240131,15:27:11,4.0,50,132500
20240131,15:27:18,3.8,50,132500
20240201,12:27:05,3.95,1,132550
20240201,12:27:05,3.95,50,132550
20240201,15:06:30,4.25,50,132600
20240201,15:27:08,4.25,50,132650
20240202,10:01:11,4.25,1,132700
20240202,10:01:11,4.25,50,132700
20240202,10:13:53,3.05,100,132650
20240202,12:13:47,3.05,50,132650
20240202,12:13:55,4.25,50,132650
20240202,12:19:03,3.1,1300,132650
20240202,12:52:59,3.85,50,132550
20240202,12:54:10,3.85,50,132500
20240202,13:16:51,3.2,50,132450
20240202,15:24:51,3.35,50,132500
20240202,15:27:56,3.75,50,132550
20240202,15:28:25,3.35,50,132550
20240205,10:25:38,4.5,1,132550
20240205,10:25:38,4.5,150,132550
20240205,10:31:48,4.4,50,132500
20240205,10:47:45,3.5,50,132500
20240205,12:36:36,3.25,50,132500
20240205,12:57:47,3.25,50,132550
20240205,13:58:11,3.1,50,132550
20240205,14:47:53,3.1,100,132600
20240205,14:49:43,3.15,50,132600
20240205,15:07:59,3.1,400,132650
20240205,15:10:01,3.6,200,132650
20240205,15:10:41,3.75,50,132650
20240205,15:23:15,3.35,50,132400
20240205,15:26:41,3.35,50,132450
20240206,12:16:28,3.25,1,132500
20240206,12:16:28,3.25,50,132500
20240206,12:20:54,3.9,50,132550
20240206,12:43:24,3.9,50,132500
20240206,12:45:10,3.9,50,132500
20240206,13:30:56,3.6,50,132500
20240206,13:42:06,3.6,50,132450
20240206,13:44:09,3.6,50,132450
20240206,13:44:47,3.6,50,132550
20240206,14:05:05,3.9,50,132600
20240206,14:05:41,3.9,50,132550
20240206,14:10:45,4.0,100,132500
20240206,14:11:01,4.0,50,132500
20240206,15:02:14,4.0,350,132350
20240206,15:23:41,3.8,100,132350
20240206,15:26:25,3.7,50,132350
20240206,15:28:13,3.85,100,132300
20240206,15:29:06,3.85,50,132300
20240206,15:29:35,4.4,50,132300
20240207,11:58:26,2.7,1,132150
20240207,11:58:26,2.7,50,132150
20240207,12:02:06,3.75,50,132200
20240207,12:02:15,3.75,50,132200
20240207,12:10:04,3.75,300,132200
20240207,12:10:37,3.75,50,132200
20240207,13:02:56,4.0,50,132500
20240207,13:03:13,4.0,50,132500
20240207,13:04:26,3.4,100,132500
20240207,13:04:41,4.0,100,132500
20240207,13:07:29,3.6,50,132450
20240207,13:07:38,3.95,50,132450
20240207,14:19:55,3.8,50,132450
20240207,15:07:02,4.1,300,132450
20240207,15:19:14,4.05,50,132400
20240207,15:29:28,3.6,50,132450
20240208,11:09:47,3.6,1,132450
20240208,11:09:47,3.6,100,132450
20240208,14:27:04,3.3,50,132350
20240208,14:35:38,3.3,50,132300
20240208,15:07:45,3.3,50,132300
20240208,15:08:32,3.5,50,132300
20240208,15:16:32,3.5,50,132300
20240209,14:49:53,3.5,1,132300
20240209,14:49:53,3.5,50,132300
20240209,14:50:03,3.35,50,132300
20240209,14:50:30,3.35,100,132400
20240209,14:50:58,4.4,150,132400
20240209,14:52:25,4.4,50,132400
20240209,14:54:06,3.85,50,132400
20240209,14:54:35,3.5,50,132400
20240209,14:55:12,3.8,50,132400
20240209,15:13:06,3.5,50,132400
20240209,15:16:35,3.6,50,132350
20240209,15:16:52,3.6,50,132350
20240209,15:17:00,3.6,250,132350
20240212,11:05:44,3.85,1,132350
20240212,11:05:44,3.85,50,132350
20240212,11:17:58,3.0,100,132350
20240212,11:18:18,2.95,450,132350
20240212,11:18:47,2.75,1250,132350
20240212,12:11:47,2.75,50,133100
20240212,12:20:59,3.55,50,133100
20240212,12:28:12,3.0,50,133100
20240212,14:05:00,3.0,50,133100
20240212,14:59:17,3.0,50,133150
20240212,15:06:33,2.65,50,133150
20240212,15:23:43,2.65,50,133100
20240212,15:27:53,2.7,100,133100
20240212,15:28:02,2.35,50,133100
20240213,09:21:25,3.1,1,133100
20240213,09:21:25,3.1,250,133100
20240213,09:22:48,3.0,100,133100
20240213,10:56:57,3.0,50,133100
20240213,11:09:15,2.5,200,133100
20240213,13:05:03,2.5,200,133300
20240213,13:05:39,2.45,800,133300
20240213,14:35:36,2.45,1800,134250
20240213,14:46:49,2.4,550,136050
20240213,14:50:14,2.4,50,136050
20240213,14:50:34,2.4,1300,136050
20240213,14:51:03,2.45,1900,136050
20240213,14:51:12,2.55,400,136050
20240213,15:28:18,2.6,100,137250
20240214,09:27:58,2.9,1,137200
20240214,09:27:58,2.9,50,137200
20240214,09:30:32,2.9,250,137200
20240214,09:30:42,3.0,600,137200
20240214,09:30:52,3.0,500,137150
20240214,09:31:20,3.0,450,137150
20240214,09:34:21,3.0,100,137150
20240214,10:35:37,2.85,1050,137150
20240214,11:03:46,2.95,50,137450
20240214,11:23:15,2.95,50,137450
20240214,11:59:03,2.7,600,137450
20240214,13:04:11,2.7,50,138050
20240214,13:15:40,2.7,650,138000
20240214,13:23:28,2.6,1150,138650
20240214,13:23:36,2.6,100,138650
20240214,13:28:19,2.8,50,139900
20240214,14:20:12,2.75,50,139900
20240214,14:21:10,2.75,50,139900
20240214,14:21:36,2.95,100,139900
20240214,14:31:48,2.95,50,139900
20240214,14:34:06,2.95,50,139800
20240214,14:57:15,2.75,50,139750
20240214,15:24:12,2.75,50,139700
20240214,15:28:10,2.8,150,139650
20240215,10:37:09,2.25,1,139550
20240215,10:37:09,2.25,50,139550
20240215,10:46:56,2.95,250,139600
20240215,13:13:40,2.95,50,139600
20240215,13:18:19,2.5,50,139600
20240215,14:03:09,2.95,500,139550
20240215,14:07:39,2.3,500,139700
20240215,14:33:13,2.8,250,139550
20240215,15:25:37,2.8,50,139550
20240215,15:26:14,2.3,50,139550
20240216,09:38:39,1.6,1,139600
20240216,09:38:39,1.6,50,139600
20240216,09:38:53,1.65,50,139600
20240216,09:43:29,2.95,600,139700
20240216,10:28:06,2.95,50,140000
20240216,10:55:08,2.8,50,140000
20240216,10:55:42,2.7,50,140000
20240216,10:56:02,2.7,50,140000
20240216,10:56:08,2.7,50,140000
20240216,12:15:08,2.5,100,139850
20240216,12:51:42,2.55,100,139900
20240216,12:53:50,3.0,100,139900
20240216,12:54:56,3.0,50,139900
20240216,12:55:23,2.75,50,139850
20240216,12:55:54,2.6,50,139850
20240216,12:56:09,2.65,50,139850
20240216,14:24:11,2.5,300,139800
20240216,14:39:55,2.65,100,140050
20240216,15:12:27,2.35,50,140050
20240216,15:12:50,2.35,50,140050
20240216,15:29:37,2.6,50,140050
20240219,09:21:27,2.8,1,140100
20240219,09:21:27,2.85,300,140100
20240219,09:21:34,2.8,900,140100
20240219,09:22:36,2.75,200,139000
20240219,09:26:20,2.75,200,138800
20240219,09:27:04,2.9,200,138800
20240219,09:27:55,2.9,50,138650
20240219,09:28:02,2.85,100,138650
20240219,09:28:10,2.85,150,138650
20240219,09:28:16,2.9,150,138650
20240219,09:28:24,2.9,150,138650
20240219,09:33:32,2.9,50,138500
20240219,09:33:47,2.9,100,138500
20240219,09:33:55,2.95,50,138500
20240219,09:45:20,2.95,50,138500
20240219,09:45:36,2.75,50,138500
20240219,09:45:51,2.75,50,138400
20240219,09:46:06,2.75,50,138400
20240219,10:10:26,2.75,50,138300
20240219,10:10:33,2.75,50,138300
20240219,10:10:40,2.75,50,138300
20240219,10:11:08,2.7,50,138300
20240219,10:11:15,2.7,100,138300
20240219,10:11:43,2.7,100,138300
20240219,10:21:09,2.65,50,137950
20240219,10:21:16,2.65,100,137950
20240219,11:01:30,2.65,50,137950
20240219,11:14:16,2.65,100,137950
20240219,11:17:09,2.45,150,137950
20240219,11:51:01,2.45,50,138050
20240219,12:21:13,2.45,200,138000
20240219,12:29:32,2.45,50,138000
20240219,12:39:06,2.65,50,138000
20240219,12:39:12,2.65,50,138000
20240219,12:40:33,2.6,50,138000
20240219,12:40:59,2.45,200,138000
20240219,13:51:40,2.45,50,138200
20240219,13:52:07,2.8,50,138200
20240219,14:03:17,2.45,50,138200
20240219,14:04:46,2.7,50,138250
20240219,15:24:08,2.45,50,138200
20240220,15:25:45,2.45,1,138200
20240220,15:25:45,2.7,1,138200
20240220,15:25:45,2.45,400,138200
20240220,15:27:27,2.45,50,138150
20240221,12:52:47,2.1,1,138150
20240221,12:52:47,2.1,150,138150
20240221,14:42:43,2.7,150,138150
20240221,14:48:49,2.7,1500,138000
20240221,15:25:21,1.8,50,138000
20240221,15:26:51,2.1,50,138000
20240222,10:24:47,2.6,1,138000
20240222,10:24:47,2.6,50,138000
20240222,12:03:58,2.35,50,138000
20240222,12:08:15,2.35,50,137950
20240222,12:18:35,2.35,50,137900
20240222,13:12:21,2.35,300,137900
20240222,13:48:18,2.35,50,137600
20240222,14:20:46,2.6,50,137600
20240222,14:45:01,2.5,50,137600
20240222,15:23:10,2.35,50,137550
20240222,15:25:59,2.7,250,137550
20240223,13:32:45,2.0,1,137550
20240223,13:32:45,2.0,250,137550
20240223,13:33:57,2.6,250,137550
20240223,13:35:54,2.6,200,137500
20240223,13:36:28,2.6,200,137500
20240223,13:37:17,2.3,50,137500
20240223,13:37:37,2.5,50,137500
20240223,13:48:55,2.3,50,137450
20240223,13:49:01,2.5,50,137450
20240223,14:18:02,2.4,600,137400
20240223,15:27:49,2.4,100,137400
20240223,15:27:56,2.4,100,137400
20240223,15:28:03,2.4,100,137400
20240223,15:28:10,2.45,550,137400
20240226,09:15:22,2.55,1,136550
20240226,09:15:22,2.55,50,136550
20240226,09:15:45,2.45,100,136550
20240226,10:26:54,2.45,100,136450
20240226,11:20:04,2.5,50,136450
20240226,12:39:55,2.5,100,136450
20240226,14:41:44,2.4,600,136450
20240226,15:19:23,2.2,50,135850
20240227,09:15:35,2.4,1,135850
20240227,09:15:35,2.4,500,135850
20240227,09:15:43,2.45,1900,135850
20240227,09:15:50,2.45,200,135850
20240227,09:16:56,2.4,200,133350
20240227,09:22:52,2.4,900,133150
20240227,09:58:22,2.5,300,132250
20240227,14:35:17,2.5,750,131950
20240227,15:02:55,2.55,1200,132050
20240227,15:03:03,2.55,50,132050
20240227,15:03:17,2.5,650,132050
20240227,15:03:33,2.4,50,132050
20240227,15:03:40,2.45,300,132050
20240227,15:17:54,2.5,50,129850
20240227,15:18:09,2.5,400,129850
20240227,15:27:26,2.65,600,129500
20240228,13:02:58,2.6,1,128900
20240228,13:02:58,2.6,100,128900
20240228,13:50:23,2.1,200,128900
20240228,13:50:38,2.1,200,128900
20240228,13:51:34,2.1,50,128900
20240228,13:51:54,2.5,50,128900
20240228,14:35:55,2.55,100,128900
20240228,15:11:45,2.1,50,128800
20240228,15:29:24,2.5,50,128850
20240229,11:46:44,2.35,1,128850
20240229,11:46:44,2.5,100,128850
20240229,12:27:58,1.75,200,128850
20240229,12:28:20,1.75,200,128850
20240229,12:35:11,2.05,50,128850
20240229,12:35:26,2.3,50,128850
20240229,12:36:29,2.05,50,128850
20240229,12:36:50,2.05,50,128850
20240229,13:46:20,1.9,150,128850
20240229,13:46:37,2.1,150,128850
20240229,14:04:00,1.9,50,128850
20240229,15:00:47,2.05,50,128850
20240229,15:05:09,2.2,50,128850
20240229,15:28:12,2.25,50,128800
20240229,15:28:21,2.4,50,128800
20240229,15:28:55,2.35,50,128800
20240229,15:29:30,2.35,50,128700
20240229,15:29:38,2.4,50,128700
20240229,15:29:49,2.4,50,128700
20240229,15:29:59,2.4,50,128700
