date,time,tick_price,volume,open_interest
20240123,09:15:46,2.6,650,1700
20240123,09:15:57,2.65,250,1700
20240123,09:16:11,2.35,50,1700
20240123,09:16:23,2.4,100,1700
20240123,09:16:38,2.35,50,1700
20240123,09:16:54,2.45,100,1700
20240123,09:18:37,2.6,400,1700
20240123,09:23:17,2.5,50,1550
20240123,09:24:38,2.5,50,1500
20240123,09:25:22,2.45,100,1500
20240123,09:27:45,2.4,50,1450
20240123,09:28:13,2.45,100,1450
20240123,09:28:18,2.45,50,1450
20240123,09:29:29,2.45,100,1450
20240123,09:29:47,2.45,50,1550
20240123,09:30:04,2.5,250,1550
20240123,09:30:17,2.5,150,1550
20240123,09:30:29,2.5,100,1550
20240123,09:31:32,2.55,100,1550
20240123,09:33:36,2.6,250,1950
20240123,09:34:13,2.5,50,1950
20240123,09:34:44,2.6,100,1950
20240123,09:34:49,2.6,100,1950
20240123,09:35:09,2.65,100,1950
20240123,09:35:31,2.65,200,1950
20240123,09:35:47,2.5,600,2550
20240123,09:35:53,2.45,450,2550
20240123,09:36:21,2.5,350,2550
20240123,09:36:33,2.5,450,2550
20240123,09:39:12,2.45,100,3600
20240123,09:39:27,2.5,500,3600
20240123,09:39:44,2.5,50,3600
20240123,09:40:14,2.5,250,3600
20240123,09:44:37,2.45,50,4150
20240123,09:45:27,2.55,50,4150
20240123,09:48:10,2.65,400,4200
20240123,09:49:10,2.55,50,4200
20240123,09:49:24,2.55,100,4200
20240123,09:49:27,2.55,50,4200
20240123,09:49:43,2.7,1000,4200
20240123,09:49:57,2.75,1150,4200
20240123,09:50:06,2.7,250,4200
20240123,09:50:18,2.75,350,4200
20240123,09:50:21,2.75,50,4200
20240123,09:52:05,2.75,50,5850
20240123,09:52:44,2.75,50,5850
20240123,09:52:58,2.65,350,5850
20240123,09:53:47,2.7,350,5400
20240123,09:54:24,2.65,100,5400
20240123,09:56:19,2.65,250,5400
20240123,10:00:14,2.55,50,4900
20240123,10:07:26,2.75,400,4850
20240123,10:08:39,2.8,250,4850
20240123,10:09:59,2.85,50,5300
20240123,10:12:07,3.0,700,5350
20240123,10:12:11,3.0,1300,5350
20240123,10:13:34,3.1,200,5350
20240123,10:13:40,3.1,50,5350
20240123,10:13:47,3.1,100,5350
20240123,10:14:17,3.0,50,5350
20240123,10:15:28,3.1,50,7550
20240123,10:15:56,3.05,50,7550
20240123,10:20:05,3.1,50,7550
20240123,10:21:50,3.2,50,7550
20240123,10:22:23,3.05,50,7550
20240123,10:22:48,3.05,50,7550
20240123,10:23:29,3.05,100,7550
20240123,10:24:26,3.05,200,7550
20240123,10:37:55,3.05,100,7550
20240123,10:38:04,3.05,150,7550
20240123,10:38:15,3.05,50,7550
20240123,10:38:49,3.0,150,7550
20240123,10:39:13,3.2,50,7550
20240123,10:39:51,3.35,50,7550
20240123,10:42:22,3.2,250,7550
20240123,11:02:05,3.2,50,7300
20240123,11:02:42,3.6,250,7300
20240123,11:02:55,3.7,250,7350
20240123,11:04:12,3.8,550,7350
20240123,11:07:36,3.6,700,7750
20240123,11:07:49,3.55,900,7750
20240123,11:07:59,3.6,50,7750
20240123,11:08:06,3.55,200,7750
20240123,11:27:37,3.6,300,5950
20240123,11:34:42,3.6,450,5650
20240123,11:35:09,3.8,50,5650
20240123,11:37:37,3.75,100,6100
20240123,11:41:59,4.0,300,6200
20240123,11:42:49,4.0,1800,6200
20240123,11:42:53,4.0,1800,6200
20240123,11:43:17,3.95,150,6200
20240123,11:43:30,4.1,950,6200
20240123,11:43:40,4.15,300,6200
20240123,11:43:58,4.2,700,6200
20240123,11:44:08,4.25,200,6200
20240123,11:44:19,4.2,700,6200
20240123,11:44:46,4.25,400,6200
20240123,11:44:50,4.25,100,6200
20240123,11:45:12,4.25,400,8050
20240123,11:45:16,4.2,100,8050
20240123,11:45:26,4.25,100,8050
20240123,11:45:43,4.3,1250,8050
20240123,11:46:03,4.25,1100,8050
20240123,11:46:04,4.3,400,8050
20240123,11:46:20,4.4,50,8050
20240123,11:46:42,4.5,750,8050
20240123,11:46:48,4.4,400,8050
20240123,11:46:57,4.45,200,8050
20240123,11:47:17,4.4,300,8050
20240123,11:47:28,4.4,150,8050
20240123,11:47:41,4.4,50,8050
20240123,11:47:45,4.4,300,8050
20240123,11:48:14,4.4,50,8750
20240123,11:48:32,4.4,250,8750
20240123,11:48:51,4.4,50,8750
20240123,11:49:05,4.3,250,8750
20240123,11:49:18,4.2,50,8750
20240123,11:49:46,4.15,300,8750
20240123,11:49:48,4.05,100,8750
20240123,11:50:12,4.0,400,8750
20240123,11:50:25,3.95,300,8750
20240123,11:50:34,3.95,950,8750
20240123,11:51:21,3.95,200,7550
20240123,11:51:39,3.9,150,7550
20240123,11:51:58,3.95,400,7550
20240123,11:52:39,3.95,50,7550
20240123,11:52:49,4.0,100,7550
20240123,11:52:57,3.95,250,7550
20240123,11:53:17,4.0,100,7550
20240123,11:53:20,4.0,100,7550
20240123,11:53:38,4.05,150,7550
20240123,11:53:54,4.15,50,7300
20240123,11:54:08,4.15,250,7300
20240123,11:54:17,4.15,1450,7300
20240123,11:54:25,4.15,50,7300
20240123,11:55:02,4.1,650,7300
20240123,11:55:08,4.15,400,7300
20240123,11:55:34,4.1,150,7300
20240123,11:55:41,4.05,200,7300
20240123,11:55:52,4.05,450,7300
20240123,11:56:08,4.1,100,7300
20240123,11:56:19,4.1,100,7300
20240123,11:56:31,4.1,150,7300
20240123,11:56:37,4.1,100,7300
20240123,11:56:48,4.05,100,7300
20240123,11:57:02,4.1,250,8250
20240123,11:57:19,4.2,100,8250
20240123,11:57:30,4.3,750,8250
20240123,11:57:45,4.3,150,8250
20240123,11:57:58,4.3,50,8250
20240123,11:58:20,4.25,150,8250
20240123,11:58:27,4.35,50,8250
20240123,11:58:43,4.3,50,8250
20240123,11:58:52,4.35,600,8250
20240123,11:59:06,4.35,650,8250
20240123,11:59:09,4.35,100,8250
20240123,11:59:34,4.35,50,8250
20240123,11:59:47,4.3,300,8250
20240123,12:00:05,4.3,50,9300
20240123,12:00:13,4.3,50,9300
20240123,12:00:15,4.2,100,9300
20240123,12:00:48,4.35,100,9300
20240123,12:00:51,4.4,250,9300
20240123,12:01:03,4.5,50,9300
20240123,12:01:18,4.5,200,9300
20240123,12:01:31,4.65,5350,9300
20240123,12:02:00,4.6,250,9300
20240123,12:02:26,4.6,650,9300
20240123,12:02:43,4.65,2300,9300
20240123,12:02:54,4.75,750,9300
20240123,12:03:35,4.9,1350,12050
20240123,12:03:48,4.9,50,12050
20240123,12:04:10,4.95,200,12050
20240123,12:04:27,4.9,100,12050
20240123,12:04:36,4.95,200,12050
20240123,12:04:52,4.85,450,12050
20240123,12:05:13,4.8,950,12050
20240123,12:05:28,4.75,500,12050
20240123,12:06:15,4.8,250,11200
20240123,12:06:22,4.75,100,11200
20240123,12:06:34,4.95,200,11200
20240123,12:06:57,5.1,950,11200
20240123,12:07:02,5.0,150,11200
20240123,12:07:11,5.2,100,11200
20240123,12:07:23,5.15,50,11200
20240123,12:07:39,5.25,100,11200
20240123,12:08:07,5.35,250,11200
20240123,12:08:23,5.45,650,11200
20240123,12:08:49,5.25,800,11200
20240123,12:09:00,5.2,3750,12250
20240123,12:09:14,5.25,100,12250
20240123,12:09:27,5.35,700,12250
20240123,12:09:31,5.3,100,12250
20240123,12:09:51,5.35,900,12250
20240123,12:10:03,5.3,400,12250
20240123,12:10:13,5.2,200,12250
20240123,12:10:46,5.35,750,12250
20240123,12:11:24,5.35,50,12250
20240123,12:14:30,5.35,350,14950
20240123,12:14:35,5.25,500,14950
20240123,12:15:12,5.45,300,14950
20240123,12:15:18,5.4,500,14950
20240123,12:15:49,5.3,750,14950
20240123,12:16:04,5.0,1000,14950
20240123,12:16:18,5.0,550,14950
20240123,12:16:26,4.7,900,14950
20240123,12:16:38,4.65,450,14950
20240123,12:17:07,4.65,500,14950
20240123,12:17:19,4.65,400,14950
20240123,12:17:27,4.6,1000,14950
20240123,12:17:58,4.6,700,15550
20240123,12:18:01,4.6,350,15550
20240123,12:18:20,4.7,100,15550
20240123,12:18:32,4.8,50,15550
20240123,12:18:37,4.85,250,15550
20240123,12:19:16,5.0,150,15550
20240123,12:19:52,5.0,500,15550
20240123,12:20:34,5.0,200,15550
20240123,12:20:55,5.1,200,15550
20240123,12:21:30,5.1,350,15750
20240123,12:23:16,4.95,350,15750
20240123,12:24:53,5.15,250,15750
20240123,12:25:29,5.2,150,15750
20240123,12:28:10,5.2,1700,15600
20240123,12:28:19,5.15,1250,15600
20240123,12:28:41,5.1,1500,15600
20240123,12:28:49,5.0,1000,15600
20240123,12:29:05,5.0,350,15600
20240123,12:29:22,5.0,400,15600
20240123,12:30:08,4.95,50,14500
20240123,12:30:19,5.0,50,14500
20240123,12:33:29,4.9,750,14450
20240123,12:34:45,4.85,300,14450
20240123,12:34:50,4.9,300,14450
20240123,12:35:19,4.85,100,14450
20240123,12:35:31,4.8,250,14450
20240123,12:36:31,4.9,200,14550
20240123,12:36:41,4.9,550,14550
20240123,12:36:56,4.95,3050,14550
20240123,12:37:01,5.0,150,14550
20240123,12:37:17,5.0,250,14550
20240123,12:38:06,5.0,200,14550
20240123,12:39:19,5.05,50,15050
20240123,12:39:34,5.05,50,15050
20240123,12:40:01,5.15,700,15050
20240123,12:41:18,5.25,50,15050
20240123,12:42:53,5.3,250,15600
20240123,12:43:10,5.25,300,15600
20240123,12:43:59,5.15,1600,15600
20240123,12:46:18,5.25,950,15000
20240123,12:46:23,5.4,500,15000
20240123,12:46:36,5.35,1150,15000
20240123,12:47:09,5.55,150,15000
20240123,12:47:15,5.55,200,15000
20240123,12:48:12,5.7,50,15400
20240123,12:48:37,5.5,150,15400
20240123,12:49:01,5.4,50,15400
20240123,12:49:17,5.15,50,15400
20240123,12:49:43,5.3,50,15400
20240123,12:50:05,5.15,50,15400
20240123,12:51:01,5.15,100,15400
20240123,12:54:46,5.45,150,15500
20240123,12:58:15,5.75,350,15500
20240123,12:58:29,5.8,100,15500
20240123,12:58:45,5.8,100,15500
20240123,12:59:25,6.05,100,15500
20240123,12:59:35,6.0,550,15500
20240123,13:00:35,5.9,100,16100
20240123,13:00:52,5.95,100,16100
20240123,13:01:07,5.85,150,16100
20240123,13:01:16,5.85,150,16100
20240123,13:01:33,5.65,400,16100
20240123,13:01:43,5.65,250,16100
20240123,13:02:28,5.7,200,16100
20240123,13:02:53,5.7,200,16100
20240123,13:03:36,5.65,200,16600
20240123,13:03:54,5.65,200,16600
20240123,13:04:10,5.65,200,16600
20240123,13:04:52,5.7,300,16600
20240123,13:05:11,5.65,100,16600
20240123,13:05:42,5.75,350,16600
20240123,13:07:03,5.85,200,17250
20240123,13:07:06,5.85,100,17250
20240123,13:07:35,5.7,150,17250
20240123,13:07:44,5.65,50,17250
20240123,13:07:49,5.75,100,17250
20240123,13:08:12,5.85,1400,17250
20240123,13:08:24,5.9,100,17250
20240123,13:09:22,5.9,50,18100
20240123,13:10:49,5.85,100,18100
20240123,13:10:57,6.0,450,18100
20240123,13:11:12,6.0,250,18100
20240123,13:11:23,6.0,300,18100
20240123,13:11:32,5.95,1550,18100
20240123,13:11:47,5.85,50,18100
20240123,13:11:50,5.95,200,18100
20240123,13:12:19,5.85,250,20150
20240123,13:12:27,5.8,200,20150
20240123,13:15:11,5.85,100,19700
20240123,13:15:31,5.9,250,19700
20240123,13:16:03,5.9,50,19700
20240123,13:16:11,5.85,250,19700
20240123,13:16:55,5.85,300,19700
20240123,13:17:04,5.9,50,19700
20240123,13:17:10,5.85,50,19700
20240123,13:17:37,5.85,550,19700
20240123,13:17:55,5.8,50,19700
20240123,13:18:01,5.65,50,19700
20240123,13:18:10,5.7,50,19400
20240123,13:19:26,5.8,100,19400
20240123,13:20:11,5.7,50,19400
20240123,13:20:28,5.75,250,19400
20240123,13:21:07,5.8,50,19550
20240123,13:22:08,5.95,100,19550
20240123,13:22:24,6.0,50,19550
20240123,13:22:40,6.0,50,19550
20240123,13:23:20,5.9,2150,19550
20240123,13:23:42,5.9,150,19550
20240123,13:23:57,5.9,250,19550
20240123,13:24:48,6.05,50,18050
20240123,13:26:42,6.25,650,18050
20240123,13:26:55,6.4,200,18050
20240123,13:27:01,6.4,50,18050
20240123,13:27:20,6.3,950,17350
20240123,13:27:56,6.25,250,17350
20240123,13:28:45,6.05,500,17350
20240123,13:29:53,6.15,350,17350
20240123,13:30:02,6.1,950,17350
20240123,13:30:09,6.15,400,18000
20240123,13:30:52,6.1,350,18000
20240123,13:31:21,6.15,150,18000
20240123,13:32:06,6.15,150,18000
20240123,13:32:29,6.2,750,18000
20240123,13:33:57,6.25,250,18250
20240123,13:34:00,6.2,100,18250
20240123,13:34:22,6.3,350,18250
20240123,13:34:42,6.35,50,18250
20240123,13:34:57,6.35,500,18250
20240123,13:35:11,6.35,500,18250
20240123,13:36:14,6.2,250,18950
20240123,13:36:38,6.15,450,18950
20240123,13:37:30,6.2,650,18950
20240123,13:37:45,6.2,200,18950
20240123,13:38:31,6.2,250,18950
20240123,13:39:14,6.15,1500,20350
20240123,13:39:21,6.15,50,20350
20240123,13:40:00,6.15,50,20350
20240123,13:40:09,6.2,150,20350
20240123,13:40:40,6.15,500,20350
20240123,13:41:02,6.15,350,20350
20240123,13:42:09,6.1,50,20350
20240123,13:43:05,6.15,300,21800
20240123,13:44:52,6.1,50,21800
20240123,13:46:11,6.05,200,21750
20240123,13:46:24,6.0,350,21750
20240123,13:46:32,6.0,450,21750
20240123,13:46:49,5.95,350,21750
20240123,13:46:55,5.9,200,21750
20240123,13:47:16,5.85,100,21750
20240123,13:47:44,5.85,100,21750
20240123,13:48:15,5.8,500,20600
20240123,13:48:42,5.7,100,20600
20240123,13:49:08,5.7,100,20600
20240123,13:50:32,5.65,350,20600
20240123,13:51:12,5.85,500,20550
20240123,13:51:25,5.95,250,20550
20240123,13:51:37,5.8,50,20550
20240123,13:51:52,5.9,150,20550
20240123,13:53:52,5.7,50,20550
20240123,13:54:42,5.75,1000,20550
20240123,13:57:18,6.0,100,20200
20240123,13:57:24,5.9,350,20200
20240123,13:57:34,5.95,50,20200
20240123,13:57:57,5.95,50,20200
20240123,13:59:27,5.9,50,20200
20240123,13:59:48,5.85,300,20200
20240123,13:59:50,5.8,50,20200
20240123,14:00:40,5.9,50,20200
20240123,14:01:24,5.95,50,20200
20240123,14:01:35,5.9,50,20200
20240123,14:01:46,5.85,50,20200
20240123,14:03:15,5.7,500,20200
20240123,14:04:35,5.6,350,20200
20240123,14:05:56,5.35,200,20200
20240123,14:07:03,5.3,50,20700
20240123,14:07:27,5.4,400,20700
20240123,14:07:59,5.6,100,20700
20240123,14:08:41,5.6,1000,20700
20240123,14:09:34,5.5,300,21200
20240123,14:10:22,5.55,150,21200
20240123,14:10:33,5.55,450,21200
20240123,14:10:47,5.55,200,21200
20240123,14:10:56,5.6,200,21200
20240123,14:11:04,5.6,100,21200
20240123,14:11:21,5.45,400,21200
20240123,14:12:08,5.4,250,21200
20240123,14:12:29,5.6,100,22450
20240123,14:13:02,5.6,200,22450
20240123,14:13:14,5.5,150,22450
20240123,14:14:05,5.6,100,22450
20240123,14:14:11,5.65,100,22450
20240123,14:14:35,5.7,100,22450
20240123,14:15:01,5.7,50,22450
20240123,14:15:09,5.7,800,22450
20240123,14:15:20,5.7,100,23200
20240123,14:15:30,5.7,250,23200
20240123,14:16:06,5.7,50,23200
20240123,14:16:18,5.75,50,23200
20240123,14:16:26,5.7,50,23200
20240123,14:16:44,5.7,350,23200
20240123,14:17:00,5.55,250,23200
20240123,14:17:17,5.55,100,23200
20240123,14:17:41,5.6,650,23200
20240123,14:17:44,5.6,50,23200
20240123,14:18:00,5.6,250,23200
20240123,14:18:29,5.6,200,23750
20240123,14:19:32,5.75,400,23750
20240123,14:19:45,5.75,50,23750
20240123,14:20:34,5.75,1000,23750
20240123,14:20:50,5.8,50,23750
20240123,14:21:13,5.95,50,23750
20240123,14:22:01,6.15,100,23950
20240123,14:22:20,6.0,200,23950
20240123,14:22:32,6.05,50,23950
20240123,14:22:42,6.1,100,23950
20240123,14:23:06,6.05,250,23950
20240123,14:23:15,6.0,650,23950
20240123,14:24:39,6.15,250,24150
20240123,14:25:03,6.2,1050,24150
20240123,14:25:13,6.35,600,24150
20240123,14:25:32,6.35,300,24150
20240123,14:25:38,6.4,450,24150
20240123,14:25:59,6.4,750,24150
20240123,14:26:09,6.4,200,24150
20240123,14:26:27,6.35,250,24150
20240123,14:27:00,6.9,600,24150
20240123,14:27:12,6.85,150,24150
20240123,14:27:21,6.8,400,22900
20240123,14:27:39,6.75,200,22900
20240123,14:27:50,6.65,200,22900
20240123,14:28:22,6.85,50,22900
20240123,14:28:50,6.65,250,22900
20240123,14:29:13,6.6,150,22900
20240123,14:29:31,6.75,50,22900
20240123,14:30:44,6.45,250,23000
20240123,14:30:51,6.25,50,23000
20240123,14:31:07,6.3,200,23000
20240123,14:31:26,6.15,100,23000
20240123,14:32:01,5.85,200,23000
20240123,14:32:11,6.0,250,23000
20240123,14:32:29,6.05,400,23000
20240123,14:34:37,6.5,1200,23300
20240123,14:35:03,6.6,600,23300
20240123,14:39:01,6.85,50,23000
20240123,14:39:30,7.05,50,23000
20240123,14:40:19,7.1,100,23000
20240123,14:40:36,6.95,250,23000
20240123,14:41:23,7.0,150,23000
20240123,14:41:28,6.85,350,23000
20240123,14:41:53,6.9,50,23000
20240123,14:42:51,7.0,400,23100
20240123,14:43:01,7.05,50,23100
20240123,14:43:28,7.1,150,23100
20240123,14:44:30,7.2,150,23100
20240123,14:44:55,7.3,50,23100
20240123,14:44:58,7.25,50,23100
20240123,14:45:32,7.0,150,23550
20240123,14:45:46,7.1,150,23550
20240123,14:45:56,7.2,600,23550
20240123,14:46:01,7.05,500,23550
20240123,14:46:19,7.15,550,23550
20240123,14:46:44,7.0,50,23550
20240123,14:47:20,7.0,50,23550
20240123,14:47:36,7.05,50,23550
20240123,14:48:21,6.95,50,24550
20240123,14:48:56,6.55,350,24550
20240123,14:48:58,6.5,150,24550
20240123,14:49:23,6.55,50,24550
20240123,14:49:45,6.55,50,24550
20240123,14:49:56,6.55,50,24550
20240123,14:50:21,6.3,500,24550
20240123,14:50:31,6.3,700,24550
20240123,14:51:15,6.0,550,24550
20240123,14:52:53,6.05,50,24400
20240123,14:53:45,6.35,50,24400
20240123,14:54:07,6.35,350,24400
20240123,14:54:45,6.55,50,24450
20240123,14:55:10,6.7,100,24450
20240123,14:55:42,6.55,50,24450
20240123,14:56:53,6.65,150,24450
20240123,14:57:38,6.65,50,24600
20240123,14:58:45,6.8,100,24600
20240123,14:59:00,6.9,50,24600
20240123,15:01:19,6.35,50,24550
20240123,15:01:31,6.45,50,24550
20240123,15:02:39,6.5,300,24550
20240123,15:03:16,6.5,200,24550
20240123,15:03:59,6.65,500,24650
20240123,15:04:33,6.4,50,24650
20240123,15:04:58,6.55,100,24650
20240123,15:06:08,6.5,100,24650
20240123,15:06:43,6.5,450,24600
20240123,15:06:57,6.6,250,24600
20240123,15:07:14,6.45,300,24600
20240123,15:07:48,6.3,400,24600
20240123,15:08:03,6.3,100,24600
20240123,15:08:39,6.15,50,24600
20240123,15:08:48,6.2,200,24600
20240123,15:09:07,6.1,300,24600
20240123,15:09:21,6.3,750,24600
20240123,15:10:02,6.4,250,24500
20240123,15:10:04,6.3,50,24500
20240123,15:10:15,6.2,150,24500
20240123,15:10:41,6.25,50,24500
20240123,15:11:05,6.35,50,24500
20240123,15:12:20,6.5,50,24500
20240123,15:12:36,6.55,100,24600
20240123,15:13:32,6.5,100,24600
20240123,15:15:14,6.5,50,24600
20240123,15:16:47,6.3,50,24600
20240123,15:18:10,6.5,350,24600
20240123,15:18:57,6.6,550,24200
20240123,15:19:30,6.45,450,24200
20240123,15:19:42,6.5,200,24200
20240123,15:19:46,6.45,100,24200
20240123,15:20:02,6.55,200,24200
20240123,15:20:37,6.45,350,24200
20240123,15:20:47,6.5,250,24200
20240123,15:21:14,6.45,50,24200
20240123,15:22:26,6.2,200,25150
20240123,15:22:37,6.1,150,25150
20240123,15:22:52,6.1,50,25150
20240123,15:23:20,5.95,450,25150
20240123,15:23:23,5.9,50,25150
20240123,15:23:44,6.0,50,25150
20240123,15:24:01,6.0,50,25150
20240123,15:25:33,5.95,50,25250
20240123,15:25:46,5.85,350,25250
20240123,15:26:12,5.65,50,25250
20240123,15:26:18,5.65,50,25250
20240123,15:26:56,5.8,400,25250
20240123,15:27:02,5.85,100,25250
20240123,15:27:35,6.0,100,25800
20240123,15:28:22,6.15,150,25800
20240123,15:28:44,6.1,50,25800
20240123,15:29:19,6.2,50,25800
20240123,15:29:53,6.0,50,25800
20240123,15:29:59,6.35,1,25950
20240124,09:15:20,6.0,1,25950
20240124,09:15:20,6.4,1,25950
20240124,09:15:20,6.0,350,25950
20240124,09:15:42,7.0,250,25950
20240124,09:16:25,7.0,850,25950
20240124,09:16:35,7.0,300,25950
20240124,09:16:55,7.3,300,25950
20240124,09:17:06,7.65,300,25950
20240124,09:17:16,7.45,250,25950
20240124,09:17:27,7.6,950,25950
20240124,09:17:38,7.65,500,25950
20240124,09:17:47,7.7,900,26050
20240124,09:18:06,7.75,950,26050
20240124,09:18:15,7.85,250,26050
20240124,09:18:24,8.0,150,26050
20240124,09:18:33,8.15,300,26050
20240124,09:18:42,8.3,450,26050
20240124,09:19:00,8.6,150,26050
20240124,09:19:08,8.6,150,26050
20240124,09:19:17,8.6,700,26050
20240124,09:19:26,8.8,400,26050
20240124,09:19:35,9.2,500,26050
20240124,09:19:44,9.3,600,26050
20240124,09:19:54,9.45,150,26050
20240124,09:20:02,9.5,900,26050
20240124,09:20:10,9.55,50,26050
20240124,09:20:18,9.85,1800,26050
20240124,09:20:27,9.85,100,26050
20240124,09:20:36,9.9,200,26050
20240124,09:20:45,9.9,350,28600
20240124,09:20:54,9.4,1400,28600
20240124,09:21:04,9.75,200,28600
20240124,09:21:12,10.1,650,28600
20240124,09:21:21,9.95,550,28600
20240124,09:21:31,10.05,2350,28600
20240124,09:21:40,9.9,550,28600
20240124,09:21:49,9.7,1000,28600
20240124,09:21:58,9.4,950,28600
20240124,09:22:08,8.6,850,28600
20240124,09:22:17,8.6,400,28600
20240124,09:22:27,8.9,150,28600
20240124,09:22:36,9.05,200,28600
20240124,09:22:46,8.9,300,28600
20240124,09:22:55,8.8,650,28600
20240124,09:23:04,8.95,1100,28600
20240124,09:23:14,8.75,200,28600
20240124,09:23:23,8.8,150,28600
20240124,09:23:32,8.8,50,28600
20240124,09:23:50,8.65,600,27950
20240124,09:23:58,8.65,300,27950
20240124,09:24:07,8.6,400,27950
20240124,09:24:17,8.65,700,27950
20240124,09:24:26,8.7,150,27950
20240124,09:24:35,8.7,100,27950
20240124,09:24:43,8.45,200,27950
20240124,09:24:53,8.65,600,27950
20240124,09:25:02,8.65,500,27950
20240124,09:25:11,8.7,200,27950
20240124,09:25:20,8.7,150,27950
20240124,09:25:30,8.75,200,27950
20240124,09:25:39,8.85,450,27950
20240124,09:25:48,8.95,150,27950
20240124,09:25:58,8.65,650,27950
20240124,09:26:07,8.9,150,27950
20240124,09:26:17,8.85,600,27950
20240124,09:26:26,8.85,1350,27950
20240124,09:26:36,8.65,800,27950
20240124,09:26:45,8.4,450,27950
20240124,09:26:54,8.4,250,28700
20240124,09:27:03,8.2,1450,28700
20240124,09:27:13,8.25,350,28700
20240124,09:27:22,8.15,350,28700
20240124,09:27:31,8.2,350,28700
20240124,09:27:41,8.35,50,28700
20240124,09:27:50,8.45,100,28700
20240124,09:27:59,8.5,200,28700
20240124,09:28:09,8.4,750,28700
20240124,09:28:18,8.4,350,28700
20240124,09:28:36,8.45,200,28700
20240124,09:28:54,8.25,250,28700
20240124,09:29:03,8.1,500,28700
20240124,09:29:12,8.2,100,28700
20240124,09:29:21,8.15,300,28700
20240124,09:29:29,8.1,50,28700
20240124,09:29:38,8.1,200,28700
20240124,09:29:47,7.95,50,28700
20240124,09:29:55,7.95,250,29250
20240124,09:30:05,7.9,200,29250
20240124,09:30:14,8.0,100,29250
20240124,09:30:32,7.8,550,29250
20240124,09:30:50,7.95,50,29250
20240124,09:31:09,7.6,450,29250
20240124,09:31:17,7.65,50,29250
20240124,09:31:44,7.45,150,29250
20240124,09:31:53,7.15,2100,29250
20240124,09:32:03,7.05,550,29250
20240124,09:32:12,7.0,350,29250
20240124,09:32:21,7.05,300,29250
20240124,09:32:30,7.0,50,29250
20240124,09:32:38,7.05,100,29250
20240124,09:32:48,7.0,200,29250
20240124,09:33:06,6.9,150,29950
20240124,09:33:15,6.9,150,29950
20240124,09:33:48,6.9,300,29950
20240124,09:34:06,7.05,50,29950
20240124,09:34:34,7.2,100,29950
20240124,09:34:42,7.3,1750,29950
20240124,09:35:01,7.2,150,29950
20240124,09:35:18,7.25,50,29950
20240124,09:35:27,7.1,50,29950
20240124,09:35:36,7.4,200,29950
20240124,09:35:45,7.45,1900,28450
20240124,09:35:53,7.5,300,28450
20240124,09:36:02,7.45,50,28450
20240124,09:36:19,7.25,200,28450
20240124,09:36:45,7.45,50,28450
20240124,09:36:53,7.35,150,28450
20240124,09:37:01,7.4,150,28450
20240124,09:37:10,7.35,200,28450
20240124,09:37:18,7.4,50,28450
20240124,09:37:26,7.3,2000,28450
20240124,09:37:34,7.25,150,28450
20240124,09:37:43,7.15,1850,28450
20240124,09:37:52,6.95,450,28450
20240124,09:38:01,6.95,400,28450
20240124,09:38:10,7.05,350,28450
20240124,09:38:19,6.8,150,28450
20240124,09:38:46,6.75,1550,30100
20240124,09:39:11,6.75,600,30100
20240124,09:39:20,6.7,50,30100
20240124,09:39:28,6.65,1250,30100
20240124,09:39:47,6.4,250,30100
20240124,09:39:55,6.4,50,30100
20240124,09:40:04,6.5,50,30100
20240124,09:40:12,6.45,150,30100
20240124,09:40:21,6.3,150,30100
20240124,09:40:30,6.2,1300,30100
20240124,09:40:40,6.2,5450,30100
20240124,09:40:49,6.15,100,30100
20240124,09:40:57,6.2,300,30100
20240124,09:41:06,6.2,11500,30100
20240124,09:41:15,6.15,2800,30100
20240124,09:41:25,6.15,100,30100
20240124,09:41:34,6.2,400,30100
20240124,09:41:42,6.15,4250,30100
20240124,09:41:51,6.15,250,50100
20240124,09:42:00,6.2,550,50100
20240124,09:42:09,6.2,2550,50100
20240124,09:42:18,6.05,550,50100
20240124,09:42:27,6.1,750,50100
20240124,09:42:35,6.05,500,50100
20240124,09:42:44,6.15,150,50100
20240124,09:42:53,6.1,50,50100
20240124,09:43:01,6.05,100,50100
20240124,09:43:10,6.05,50,50100
20240124,09:43:27,6.1,50,50100
20240124,09:43:44,6.2,650,50100
20240124,09:43:52,6.2,100,50100
20240124,09:44:00,6.2,200,50100
20240124,09:44:09,6.2,400,50100
20240124,09:44:25,6.2,350,50100
20240124,09:44:33,6.15,50,50100
20240124,09:44:50,6.0,550,49250
20240124,09:45:07,5.85,950,49250
20240124,09:45:16,5.8,1250,49250
20240124,09:45:25,5.85,650,49250
20240124,09:45:33,5.8,50,49250
20240124,09:45:42,5.75,500,49250
20240124,09:46:00,5.75,800,49250
20240124,09:46:10,5.75,100,49250
20240124,09:46:19,5.65,300,49250
20240124,09:46:27,5.55,100,49250
20240124,09:46:36,5.5,200,49250
20240124,09:47:12,5.35,50,49250
20240124,09:47:30,5.2,1900,49250
20240124,09:47:48,5.2,150,49250
20240124,09:47:57,5.2,450,51900
20240124,09:48:06,5.2,1200,51900
20240124,09:48:15,5.15,2150,51900
20240124,09:48:23,5.2,150,51900
20240124,09:48:40,5.25,250,51900
20240124,09:48:48,5.25,150,51900
20240124,09:48:56,5.25,250,51900
20240124,09:49:23,5.4,300,51900
20240124,09:49:31,5.55,1600,51900
20240124,09:49:39,5.55,300,51900
20240124,09:49:48,5.55,400,51900
20240124,09:49:57,5.55,750,51900
20240124,09:50:15,5.45,50,51900
20240124,09:50:40,5.45,50,51900
20240124,09:50:58,5.55,800,54200
20240124,09:51:07,5.55,1000,54200
20240124,09:51:16,5.65,50,54200
20240124,09:51:25,5.6,50,54200
20240124,09:51:33,5.6,100,54200
20240124,09:51:49,5.55,50,54200
20240124,09:51:58,5.6,150,54200
20240124,09:52:42,5.75,150,54200
20240124,09:52:51,5.65,750,54200
20240124,09:53:00,5.7,900,54200
20240124,09:54:13,5.65,900,54000
20240124,09:54:46,5.5,150,54000
20240124,09:54:55,5.45,1500,54000
20240124,09:55:13,5.4,150,54000
20240124,09:55:23,5.4,500,54000
20240124,09:55:32,5.3,250,54000
20240124,09:56:07,5.2,150,54000
20240124,09:56:16,5.2,150,54000
20240124,09:56:25,5.3,50,54000
20240124,09:56:34,5.25,800,54000
20240124,09:56:42,5.25,200,54000
20240124,09:56:51,5.25,50,54000
20240124,09:57:01,5.1,1400,53850
20240124,09:57:19,5.05,50,53850
20240124,09:57:28,5.05,150,53850
20240124,09:57:37,5.3,2650,53850
20240124,09:57:55,5.35,100,53850
20240124,09:58:54,5.45,150,53850
20240124,09:59:12,5.5,250,53850
20240124,09:59:53,5.55,250,53850
20240124,10:00:01,5.5,1600,53850
20240124,10:00:10,5.45,750,53850
20240124,10:00:20,5.2,800,53850
20240124,10:00:29,5.05,700,53850
20240124,10:00:38,5.05,1300,53850
20240124,10:00:47,5.0,150,53850
20240124,10:00:56,5.0,300,53850
20240124,10:01:04,5.05,100,53850
20240124,10:01:22,5.2,5400,53850
20240124,10:01:31,5.25,300,53850
20240124,10:02:07,5.4,900,53850
20240124,10:02:16,5.55,100,53850
20240124,10:02:33,5.6,300,53850
20240124,10:02:41,5.65,200,53850
20240124,10:02:51,5.7,600,60550
20240124,10:03:18,5.8,450,60550
20240124,10:04:12,5.85,150,60550
20240124,10:04:30,5.9,150,60550
20240124,10:04:39,6.2,450,60550
20240124,10:04:48,6.25,1700,60550
20240124,10:05:07,6.0,400,60550
20240124,10:05:16,6.0,2400,60550
20240124,10:05:25,5.8,1150,60550
20240124,10:05:34,6.0,250,60550
20240124,10:05:44,5.95,150,60550
20240124,10:05:53,5.85,350,60550
20240124,10:06:02,5.75,7100,58950
20240124,10:06:11,5.7,950,58950
20240124,10:06:19,5.7,550,58950
20240124,10:06:27,5.65,3150,58950
20240124,10:06:37,5.55,350,58950
20240124,10:06:46,5.5,1150,58950
20240124,10:06:55,5.45,650,58950
20240124,10:07:04,5.4,400,58950
20240124,10:07:13,5.25,600,58950
20240124,10:07:23,5.2,400,58950
20240124,10:07:32,5.3,450,58950
20240124,10:07:58,5.3,1400,58950
20240124,10:08:06,5.3,100,58950
20240124,10:08:32,5.35,1300,58950
20240124,10:08:41,5.5,250,58950
20240124,10:08:49,5.5,50,58950
20240124,10:09:17,5.45,550,59050
20240124,10:09:26,5.5,150,59050
20240124,10:09:51,5.45,100,59050
20240124,10:10:08,5.4,200,59050
20240124,10:10:17,5.55,1050,59050
20240124,10:10:27,5.5,1150,59050
20240124,10:10:35,5.65,1950,59050
20240124,10:10:44,5.75,1900,59050
20240124,10:10:53,6.1,9800,59050
20240124,10:11:02,6.3,6700,59050
20240124,10:11:11,6.55,4650,59050
20240124,10:11:20,6.75,1500,59050
20240124,10:11:29,6.95,1300,59050
20240124,10:11:38,6.8,600,59050
20240124,10:11:47,6.9,750,59050
20240124,10:11:55,6.95,700,71900
20240124,10:12:05,6.9,2100,71900
20240124,10:12:14,6.8,800,71900
20240124,10:12:23,6.8,250,71900
20240124,10:12:32,7.05,1300,71900
20240124,10:12:41,7.05,600,71900
20240124,10:12:49,7.05,50,71900
20240124,10:13:05,6.95,250,71900
20240124,10:13:50,6.95,1650,71900
20240124,10:14:40,6.7,250,71900
20240124,10:15:05,6.7,250,73500
20240124,10:15:14,6.6,250,73500
20240124,10:15:23,6.6,50,73500
20240124,10:15:40,6.15,900,73500
20240124,10:15:49,6.15,1550,73500
20240124,10:15:58,6.1,650,73500
20240124,10:16:07,6.05,250,73500
20240124,10:16:24,6.3,850,73500
20240124,10:16:33,6.25,50,73500
20240124,10:16:59,6.35,50,73500
20240124,10:17:07,6.25,50,73500
20240124,10:17:15,6.25,150,73500
20240124,10:17:24,6.25,650,73500
20240124,10:17:42,6.15,200,73500
20240124,10:17:50,6.1,650,75250
20240124,10:17:58,6.0,1400,75250
20240124,10:18:07,6.1,2700,75250
20240124,10:18:16,6.15,150,75250
20240124,10:18:24,6.1,150,75250
20240124,10:18:57,6.25,100,75250
20240124,10:19:05,6.15,550,75250
20240124,10:19:23,6.1,1000,75250
20240124,10:19:56,5.85,50,75250
20240124,10:20:14,5.85,100,75250
20240124,10:20:29,5.7,150,75250
20240124,10:21:05,5.5,2200,77800
20240124,10:21:14,5.5,100,77800
20240124,10:21:23,5.5,250,77800
20240124,10:21:49,5.55,250,77800
20240124,10:21:57,5.45,200,77800
20240124,10:22:58,5.45,50,77800
20240124,10:23:30,5.45,200,77800
20240124,10:23:38,5.5,150,77800
20240124,10:24:41,5.55,300,78000
20240124,10:24:57,5.6,300,78000
20240124,10:25:13,5.55,1500,78000
20240124,10:25:20,5.55,500,78000
20240124,10:25:54,5.5,150,78000
20240124,10:26:02,5.55,100,78000
20240124,10:26:10,5.55,50,78000
20240124,10:26:27,5.65,500,78000
20240124,10:26:36,5.7,200,78000
20240124,10:26:45,5.65,50,78000
20240124,10:27:09,5.65,950,78050
20240124,10:27:18,5.6,50,78050
20240124,10:27:45,5.4,500,78050
20240124,10:27:54,5.4,500,78050
20240124,10:28:03,5.3,250,78050
20240124,10:28:11,5.4,2150,78050
20240124,10:28:27,5.35,50,78050
20240124,10:28:45,5.4,100,78050
20240124,10:29:09,5.55,300,78050
20240124,10:29:41,5.7,350,78050
20240124,10:29:49,5.7,200,78050
20240124,10:29:59,5.65,600,79700
20240124,10:30:15,5.7,700,79700
20240124,10:30:31,5.85,300,79700
20240124,10:30:49,5.85,50,79700
20240124,10:31:40,5.65,1600,79700
20240124,10:31:48,5.65,200,79700
20240124,10:31:57,5.65,50,79700
20240124,10:32:06,5.65,50,79700
20240124,10:32:15,5.75,100,79700
20240124,10:32:23,5.8,350,79700
20240124,10:32:55,5.9,100,79700
20240124,10:33:34,5.85,300,81000
20240124,10:33:50,5.9,450,81000
20240124,10:34:14,5.8,100,81000
20240124,10:34:23,5.7,700,81000
20240124,10:34:31,5.7,200,81000
20240124,10:34:39,5.7,200,81000
20240124,10:35:25,5.45,600,81000
20240124,10:35:41,5.45,200,81000
20240124,10:35:49,5.35,800,81000
20240124,10:35:57,5.45,100,80500
20240124,10:36:13,5.35,100,80500
20240124,10:36:21,5.4,1750,80500
20240124,10:36:28,5.4,250,80500
20240124,10:36:36,5.35,300,80500
20240124,10:36:44,5.35,50,80500
20240124,10:36:52,5.3,50,80500
20240124,10:37:07,5.3,50,80500
20240124,10:37:15,5.3,100,80500
20240124,10:37:30,5.25,100,80500
20240124,10:37:39,5.3,250,80500
20240124,10:37:55,5.2,150,80500
20240124,10:38:03,5.25,50,80500
20240124,10:38:36,5.25,1050,80500
20240124,10:38:44,5.25,100,80500
20240124,10:38:52,5.25,350,80500
20240124,10:38:59,5.25,200,82850
20240124,10:39:23,5.4,150,82850
20240124,10:40:05,5.25,50,82850
20240124,10:40:13,5.4,1950,82850
20240124,10:40:21,5.45,200,82850
20240124,10:40:30,5.65,800,82850
20240124,10:40:39,5.65,200,82850
20240124,10:40:48,5.8,100,82850
20240124,10:40:57,5.85,300,82850
20240124,10:41:05,5.9,950,82850
20240124,10:41:14,5.95,1200,82850
20240124,10:41:22,5.85,500,82850
20240124,10:41:30,5.9,450,82850
20240124,10:41:53,6.05,150,82850
20240124,10:43:27,5.85,200,82850
20240124,10:44:49,5.95,1000,82850
20240124,10:44:59,6.0,100,82950
20240124,10:45:16,6.0,50,82950
20240124,10:45:35,6.15,200,82950
20240124,10:45:44,6.25,150,82950
20240124,10:46:03,5.9,350,82950
20240124,10:46:21,6.05,650,82950
20240124,10:46:30,6.05,650,82950
20240124,10:46:48,6.05,100,82950
20240124,10:46:56,5.9,50,82950
20240124,10:47:05,5.95,400,82950
20240124,10:47:13,5.95,500,82950
20240124,10:47:38,6.0,150,82950
20240124,10:47:45,5.9,1650,82950
20240124,10:48:28,5.75,250,84600
20240124,10:48:36,5.75,1350,84600
20240124,10:49:00,5.7,400,84600
20240124,10:49:23,5.6,50,84600
20240124,10:49:56,5.7,100,84600
20240124,10:50:04,5.65,100,84600
20240124,10:50:22,5.45,300,84600
20240124,10:50:31,5.4,50,84600
20240124,10:50:46,5.35,350,84600
20240124,10:50:56,5.5,350,84600
20240124,10:52:37,5.7,400,82800
20240124,10:53:01,5.75,750,82800
20240124,10:53:08,5.8,150,82800
20240124,10:53:17,5.85,200,82800
20240124,10:53:25,5.85,300,82800
20240124,10:53:34,5.8,500,82800
20240124,10:53:42,5.75,400,82800
20240124,10:54:26,5.5,200,82400
20240124,10:54:44,5.45,250,82400
20240124,10:54:52,5.5,100,82400
20240124,10:56:15,5.35,500,82400
20240124,10:56:47,5.55,400,82400
20240124,10:56:56,5.55,600,81900
20240124,10:57:11,5.6,400,81900
20240124,10:57:19,5.55,300,81900
20240124,10:57:49,5.6,50,81900
20240124,11:00:05,5.75,150,81650
20240124,11:00:13,5.75,500,81650
20240124,11:00:38,5.6,200,81650
20240124,11:01:02,5.55,200,81650
20240124,11:01:20,5.6,100,81650
20240124,11:03:02,5.6,250,82400
20240124,11:04:06,5.6,200,82400
20240124,11:05:38,5.55,600,82400
20240124,11:05:46,5.6,50,82400
20240124,11:05:54,5.6,400,82400
20240124,11:06:10,5.55,200,83000
20240124,11:06:51,5.6,300,83000
20240124,11:07:14,5.7,50,83000
20240124,11:07:23,5.7,300,83000
20240124,11:07:46,5.6,1300,83000
20240124,11:08:34,5.55,150,83000
20240124,11:09:08,5.55,1100,83800
20240124,11:09:16,5.5,1050,83800
20240124,11:09:25,5.45,300,83800
20240124,11:09:34,5.45,1050,83800
20240124,11:09:43,5.45,100,83800
20240124,11:09:51,5.55,600,83800
20240124,11:10:07,5.45,250,83800
20240124,11:10:16,5.5,200,83800
20240124,11:10:24,5.45,500,83800
20240124,11:11:52,5.5,350,83800
20240124,11:12:01,5.55,400,83800
20240124,11:12:10,5.55,1050,81400
20240124,11:12:49,5.6,50,81400
20240124,11:13:04,5.65,1150,81400
20240124,11:14:22,5.75,800,81400
20240124,11:14:52,5.75,350,81400
20240124,11:16:06,5.6,750,80150
20240124,11:16:36,5.6,200,80150
20240124,11:17:48,5.7,100,80150
20240124,11:18:30,5.7,250,81150
20240124,11:18:51,5.6,450,81150
20240124,11:20:12,5.6,1000,81150
20240124,11:20:18,5.7,1000,81150
20240124,11:20:25,5.7,1000,81150
20240124,11:21:19,5.6,550,83000
20240124,11:21:56,5.7,50,83000
20240124,11:22:15,5.85,3000,83000
20240124,11:22:29,5.75,100,83000
20240124,11:22:43,5.85,3350,83000
20240124,11:23:39,5.9,750,83000
20240124,11:24:01,5.95,200,88500
20240124,11:24:08,5.9,250,88500
20240124,11:24:32,6.0,50,88500
20240124,11:24:47,6.05,100,88500
20240124,11:24:56,6.05,50,88500
20240124,11:25:05,6.0,850,88500
20240124,11:25:28,6.0,200,88500
20240124,11:25:36,6.1,50,88500
20240124,11:25:44,6.1,50,88500
20240124,11:25:53,6.15,300,88500
20240124,11:26:02,6.25,500,88500
20240124,11:26:11,6.25,750,88500
20240124,11:26:38,6.5,500,88500
20240124,11:26:56,6.35,1700,88500
20240124,11:27:05,6.4,100,88500
20240124,11:27:12,6.55,1200,88200
20240124,11:27:21,6.75,100,88200
20240124,11:27:29,6.75,350,88200
20240124,11:27:46,6.65,850,88200
20240124,11:28:44,6.6,200,88200
20240124,11:29:00,6.65,100,88200
20240124,11:29:09,6.6,150,88200
20240124,11:29:18,6.6,100,88200
20240124,11:29:26,6.65,400,88200
20240124,11:29:35,6.65,400,88200
20240124,11:29:44,6.5,700,88200
20240124,11:29:52,6.5,100,88200
20240124,11:30:01,6.6,50,87000
20240124,11:30:09,6.55,100,87000
20240124,11:30:18,6.6,150,87000
20240124,11:30:27,6.7,1300,87000
20240124,11:30:36,6.7,300,87000
20240124,11:30:45,6.85,600,87000
20240124,11:30:54,6.8,1150,87000
20240124,11:31:02,6.85,50,87000
20240124,11:31:11,6.9,950,87000
20240124,11:31:20,7.2,3650,87000
20240124,11:31:29,7.1,500,87000
20240124,11:31:38,7.2,50,87000
20240124,11:31:47,7.2,50,87000
20240124,11:31:55,7.25,500,87000
20240124,11:32:03,7.35,50,87000
20240124,11:32:12,7.3,100,87000
20240124,11:32:21,7.45,200,87000
20240124,11:32:40,7.6,650,87000
20240124,11:32:48,7.55,350,87000
20240124,11:32:58,7.5,50,87000
20240124,11:33:16,7.05,1100,85250
20240124,11:33:25,7.3,450,85250
20240124,11:33:43,7.15,100,85250
20240124,11:34:08,7.15,350,85250
20240124,11:34:17,7.25,50,85250
20240124,11:34:26,7.25,50,85250
20240124,11:34:35,7.3,150,85250
20240124,11:34:45,7.55,950,85250
20240124,11:34:53,7.65,800,85250
20240124,11:35:01,7.75,300,85250
20240124,11:35:09,7.65,150,85250
20240124,11:35:27,7.6,50,85250
20240124,11:35:35,7.5,100,85250
20240124,11:35:44,7.6,50,85250
20240124,11:35:52,7.6,550,85250
20240124,11:36:00,7.45,50,84500
20240124,11:36:09,6.9,300,84500
20240124,11:36:19,6.5,300,84500
20240124,11:36:28,6.4,100,84500
20240124,11:36:47,6.35,50,84500
20240124,11:36:56,6.0,150,84500
20240124,11:37:05,6.25,50,84500
20240124,11:37:15,6.3,150,84500
20240124,11:37:41,6.35,50,84500
20240124,11:38:07,6.65,50,84500
20240124,11:38:15,6.8,100,84500
20240124,11:38:23,6.95,50,84500
20240124,11:38:32,7.15,350,84500
20240124,11:38:50,7.25,50,84500
20240124,11:38:59,7.3,250,84500
20240124,11:39:08,7.1,200,85000
20240124,11:39:16,7.15,550,85000
20240124,11:39:26,7.1,1200,85000
20240124,11:39:34,7.1,50,85000
20240124,11:39:50,7.1,600,85000
20240124,11:40:59,7.35,100,85000
20240124,11:41:17,7.3,1800,85000
20240124,11:41:25,7.4,100,85000
20240124,11:41:34,7.35,100,85000
20240124,11:41:43,7.2,150,85000
20240124,11:41:52,7.2,50,85000
20240124,11:42:09,7.15,150,86200
20240124,11:42:27,7.05,50,86200
20240124,11:44:03,6.7,50,86200
20240124,11:44:45,6.7,100,86200
20240124,11:45:01,6.6,1800,86200
20240124,11:46:23,7.0,300,85700
20240124,11:47:05,6.85,450,85700
20240124,11:47:13,6.95,50,85700
20240124,11:47:30,7.2,200,85700
20240124,11:48:12,7.15,50,84900
20240124,11:48:21,7.2,200,84900
20240124,11:48:37,7.15,700,84900
20240124,11:49:19,7.2,250,84900
20240124,11:49:52,7.1,50,84900
20240124,11:50:27,6.85,50,84900
20240124,11:50:35,6.85,50,84900
20240124,11:50:43,6.95,50,84900
20240124,11:50:52,7.0,600,84900
20240124,11:51:17,7.0,50,83950
20240124,11:51:25,6.85,350,83950
20240124,11:51:33,6.8,200,83950
20240124,11:51:41,6.9,100,83950
20240124,11:51:49,6.9,350,83950
20240124,11:52:53,6.9,50,83950
20240124,11:53:46,6.7,50,83950
20240124,11:54:18,6.8,50,84700
20240124,11:54:25,6.8,250,84700
20240124,11:54:34,6.75,50,84700
20240124,11:54:42,6.7,350,84700
20240124,11:54:59,6.7,100,84700
20240124,11:55:07,6.7,50,84700
20240124,11:55:15,6.75,50,84700
20240124,11:56:08,6.75,50,84700
20240124,11:57:47,6.95,50,84400
20240124,11:58:21,7.15,50,84400
20240124,11:58:30,7.15,350,84400
20240124,11:58:38,7.15,500,84400
20240124,11:59:35,6.7,100,84400
20240124,11:59:43,6.7,300,84400
20240124,11:59:51,6.8,250,84400
20240124,12:00:30,6.85,100,84300
20240124,12:00:38,6.8,300,84300
20240124,12:01:11,6.75,200,84300
20240124,12:01:19,6.7,200,84300
20240124,12:01:35,6.65,750,84300
20240124,12:01:43,6.65,1000,84300
20240124,12:01:51,6.6,1000,84300
20240124,12:02:06,6.7,50,84300
20240124,12:02:14,6.75,50,84300
20240124,12:02:55,6.85,100,84300
20240124,12:03:46,6.95,350,83550
20240124,12:03:55,6.9,350,83550
20240124,12:04:04,6.95,50,83550
20240124,12:04:13,7.0,50,83550
20240124,12:04:30,7.1,1050,83550
20240124,12:04:38,7.1,1250,83550
20240124,12:04:47,7.1,350,83550
20240124,12:04:55,7.1,50,83550
20240124,12:05:03,7.2,50,83550
20240124,12:05:11,7.25,700,83550
20240124,12:05:20,7.3,450,83550
20240124,12:05:28,7.3,100,83550
20240124,12:05:37,7.35,1150,83550
20240124,12:05:46,7.3,100,83550
20240124,12:06:03,7.35,400,83550
20240124,12:06:11,7.3,150,81150
20240124,12:06:39,6.75,1100,81150
20240124,12:06:48,6.7,150,81150
20240124,12:07:05,6.8,200,81150
20240124,12:07:23,7.1,150,81150
20240124,12:08:19,6.9,250,81150
20240124,12:08:27,7.15,100,81150
20240124,12:08:36,7.15,250,81150
20240124,12:09:22,7.0,1000,80550
20240124,12:09:31,6.95,50,80550
20240124,12:09:46,7.0,200,80550
20240124,12:09:54,7.1,1000,80550
20240124,12:10:01,7.05,2250,80550
20240124,12:10:09,6.95,2300,80550
20240124,12:10:18,7.1,3050,80550
20240124,12:10:27,7.1,2250,80550
20240124,12:10:50,7.15,1200,80550
20240124,12:10:58,7.2,2000,80550
20240124,12:11:07,7.25,3300,80550
20240124,12:11:15,7.15,2050,80550
20240124,12:11:24,7.05,2350,80550
20240124,12:11:33,7.0,650,80550
20240124,12:11:42,7.05,400,80550
20240124,12:11:50,6.95,2150,80550
20240124,12:11:58,7.15,2950,80550
20240124,12:12:06,7.25,2700,103900
20240124,12:12:14,7.25,3100,103900
20240124,12:12:21,7.4,2450,103900
20240124,12:12:29,7.45,50,103900
20240124,12:12:38,7.5,950,103900
20240124,12:12:45,7.6,3450,103900
20240124,12:12:54,7.65,2350,103900
20240124,12:13:03,7.65,700,103900
20240124,12:13:11,7.55,250,103900
20240124,12:13:27,7.65,50,103900
20240124,12:13:35,7.65,1450,103900
20240124,12:13:43,7.7,1800,103900
20240124,12:13:50,7.7,500,103900
20240124,12:13:57,7.7,350,103900
20240124,12:14:28,7.65,950,103900
20240124,12:14:37,7.5,350,103900
20240124,12:14:46,7.5,450,103900
20240124,12:14:54,7.4,800,103900
20240124,12:15:02,7.45,200,103900
20240124,12:15:09,7.45,150,115250
20240124,12:15:17,7.55,900,115250
20240124,12:15:25,7.45,1000,115250
20240124,12:15:33,7.5,200,115250
20240124,12:15:41,7.45,200,115250
20240124,12:15:57,7.5,350,115250
20240124,12:16:05,7.5,150,115250
20240124,12:16:30,7.55,100,115250
20240124,12:16:38,7.45,200,115250
20240124,12:16:46,7.55,150,115250
20240124,12:16:54,7.6,100,115250
20240124,12:17:50,7.2,200,115250
20240124,12:18:08,7.15,300,116000
20240124,12:18:25,7.25,50,116000
20240124,12:19:22,7.4,150,116000
20240124,12:19:31,7.25,150,116000
20240124,12:19:59,6.9,1300,116000
20240124,12:20:08,6.7,450,116000
20240124,12:20:17,6.75,850,116000
20240124,12:20:26,6.85,1250,116000
20240124,12:20:43,7.1,150,116000
20240124,12:21:01,7.1,1300,116000
20240124,12:21:17,7.2,100,115200
20240124,12:21:25,7.2,2000,115200
20240124,12:21:41,7.35,50,115200
20240124,12:21:50,7.4,400,115200
20240124,12:21:59,7.55,1800,115200
20240124,12:22:07,7.5,1800,115200
20240124,12:22:16,7.55,1800,115200
20240124,12:22:24,7.6,300,115200
20240124,12:22:33,7.65,2400,115200
20240124,12:22:42,7.7,1550,115200
20240124,12:22:49,7.65,150,115200
20240124,12:23:13,7.75,500,115200
20240124,12:23:21,7.75,200,115200
20240124,12:23:38,7.6,750,115200
20240124,12:23:46,7.6,600,115200
20240124,12:24:18,7.65,200,123700
20240124,12:24:25,7.55,400,123700
20240124,12:24:40,7.6,250,123700
20240124,12:24:57,7.75,450,123700
20240124,12:25:04,7.75,650,123700
20240124,12:25:13,7.85,750,123700
20240124,12:25:28,7.9,800,123700
20240124,12:25:36,7.85,250,123700
20240124,12:25:51,7.85,450,123700
20240124,12:25:59,7.85,1000,123700
20240124,12:26:07,7.85,250,123700
20240124,12:26:30,7.75,400,123700
20240124,12:26:37,7.8,100,123700
20240124,12:26:50,7.85,500,123700
20240124,12:26:58,7.85,300,123700
20240124,12:27:05,7.8,750,123700
20240124,12:27:13,7.75,250,121350
20240124,12:27:28,7.8,300,121350
20240124,12:27:35,7.9,50,121350
20240124,12:27:43,8.0,2400,121350
20240124,12:27:51,8.15,900,121350
20240124,12:28:00,8.3,1150,121350
20240124,12:28:09,8.2,450,121350
20240124,12:28:16,8.3,400,121350
20240124,12:28:40,8.35,1950,121350
20240124,12:28:57,8.2,350,121350
20240124,12:29:05,7.75,600,121350
20240124,12:29:15,7.9,1300,121350
20240124,12:29:32,7.65,50,121350
20240124,12:29:41,7.55,700,121350
20240124,12:29:50,7.5,1800,121350
20240124,12:30:07,7.35,50,121350
20240124,12:30:16,7.35,100,122400
20240124,12:30:24,7.3,1200,122400
20240124,12:30:33,7.3,3250,122400
20240124,12:30:41,7.25,1850,122400
20240124,12:30:49,7.25,100,122400
20240124,12:30:57,7.2,100,122400
20240124,12:31:05,7.2,50,122400
20240124,12:31:21,7.35,50,122400
20240124,12:31:44,7.45,350,122400
20240124,12:32:08,7.5,1000,122400
20240124,12:32:16,7.65,50,122400
20240124,12:32:40,7.65,400,122400
20240124,12:32:48,7.7,50,122400
20240124,12:33:19,7.9,50,116750
20240124,12:33:27,7.9,100,116750
20240124,12:33:35,8.0,150,116750
20240124,12:33:51,8.05,50,116750
20240124,12:34:06,8.05,100,116750
20240124,12:34:14,8.0,50,116750
20240124,12:34:29,8.0,1050,116750
20240124,12:34:37,7.9,1500,116750
20240124,12:35:18,7.7,200,116750
20240124,12:35:57,7.75,50,116750
20240124,12:36:05,7.75,1000,116750
20240124,12:36:20,7.75,450,115350
20240124,12:36:28,7.75,50,115350
20240124,12:36:36,8.1,350,115350
20240124,12:36:45,8.1,150,115350
20240124,12:36:53,8.15,50,115350
20240124,12:37:01,8.05,50,115350
20240124,12:38:04,8.15,200,115350
20240124,12:38:34,8.05,50,115350
20240124,12:40:00,8.35,50,115450
20240124,12:40:08,8.3,950,115450
20240124,12:40:16,8.25,600,115450
20240124,12:40:25,7.85,150,115450
20240124,12:40:34,7.85,100,115450
20240124,12:40:42,7.85,100,115450
20240124,12:40:49,7.9,1100,115450
20240124,12:41:28,7.9,50,115450
20240124,12:42:07,7.85,600,115450
20240124,12:42:24,7.8,100,114100
20240124,12:42:32,7.85,50,114100
20240124,12:43:03,7.65,700,114100
20240124,12:43:19,7.6,250,114100
20240124,12:43:44,7.55,150,114100
20240124,12:43:51,7.55,250,114100
20240124,12:44:14,7.75,1000,114100
20240124,12:44:54,7.95,150,114100
20240124,12:45:09,7.85,50,114100
20240124,12:46:19,7.6,200,113700
20240124,12:46:36,7.35,100,113700
20240124,12:47:08,7.5,400,113700
20240124,12:47:31,7.4,150,113700
20240124,12:47:39,7.3,2300,113700
20240124,12:48:03,7.3,450,113700
20240124,12:48:10,7.3,300,113700
20240124,12:48:33,7.3,50,111500
20240124,12:48:49,7.35,150,111500
20240124,12:48:57,7.25,5150,111500
20240124,12:49:29,7.2,250,111500
20240124,12:49:37,7.05,100,111500
20240124,12:49:46,7.05,3500,111500
20240124,12:49:55,6.8,1550,111500
20240124,12:50:03,6.9,150,111500
20240124,12:50:26,6.8,150,111500
20240124,12:50:34,6.6,900,111500
20240124,12:50:51,6.55,450,111500
20240124,12:51:00,6.5,150,111500
20240124,12:51:09,6.55,700,111500
20240124,12:51:25,6.3,1200,113200
20240124,12:51:34,6.4,250,113200
20240124,12:51:43,6.4,50,113200
20240124,12:51:51,6.35,1050,113200
20240124,12:52:00,6.25,250,113200
20240124,12:52:09,6.3,50,113200
20240124,12:52:18,6.4,550,113200
20240124,12:52:27,6.5,1000,113200
20240124,12:52:51,6.4,250,113200
20240124,12:53:00,6.5,2900,113200
20240124,12:53:17,6.6,1850,113200
20240124,12:53:25,6.65,550,113200
20240124,12:53:33,6.7,2100,113200
20240124,12:53:41,6.8,600,113200
20240124,12:53:50,6.75,750,113200
20240124,12:53:58,6.8,300,113200
20240124,12:54:13,6.85,100,121650
20240124,12:54:30,7.05,200,121650
20240124,12:54:55,7.2,450,121650
20240124,12:55:03,7.15,150,121650
20240124,12:55:18,7.15,450,121650
20240124,12:55:51,7.05,500,121650
20240124,12:56:07,7.05,50,121650
20240124,12:56:15,7.0,50,121650
20240124,12:56:24,6.95,100,121650
20240124,12:56:32,6.9,200,121650
20240124,12:56:41,6.95,550,121650
20240124,12:57:11,6.95,100,121650
20240124,12:57:26,6.9,200,122150
20240124,12:57:34,6.9,50,122150
20240124,12:57:49,6.95,250,122150
20240124,12:58:10,6.95,2900,122150
20240124,12:58:18,6.75,300,122150
20240124,12:58:27,6.7,150,122150
20240124,12:58:35,6.75,1800,122150
20240124,12:58:43,6.65,600,122150
20240124,12:59:22,6.8,200,122150
20240124,12:59:54,6.7,250,122150
20240124,13:00:03,6.55,250,122150
20240124,13:00:12,6.65,150,122150
20240124,13:00:28,6.65,1550,126900
20240124,13:00:44,6.5,100,126900
20240124,13:00:53,6.5,150,126900
20240124,13:01:02,6.3,300,126900
20240124,13:02:26,6.2,50,126900
20240124,13:02:42,6.15,100,126900
20240124,13:03:29,6.1,500,126900
20240124,13:03:37,6.1,500,126900
20240124,13:03:45,6.15,50,126900
20240124,13:04:08,6.15,100,126900
20240124,13:04:16,6.25,200,126900
20240124,13:05:27,6.25,50,126900
20240124,13:05:35,6.35,50,126900
20240124,13:05:44,6.35,500,126900
20240124,13:06:26,6.55,50,126450
20240124,13:06:44,6.45,300,126450
20240124,13:06:53,6.45,400,126450
20240124,13:07:01,6.4,1900,126450
20240124,13:07:16,6.55,2500,126450
20240124,13:07:49,6.9,200,126450
20240124,13:08:05,6.95,1650,126450
20240124,13:08:21,6.95,100,126450
20240124,13:08:58,7.0,400,126450
20240124,13:09:13,6.95,50,126450
20240124,13:09:38,7.05,500,126900
20240124,13:09:55,7.0,50,126900
20240124,13:10:34,6.8,50,126900
20240124,13:10:52,6.5,400,126900
20240124,13:11:01,6.65,500,126900
20240124,13:11:09,6.65,550,126900
20240124,13:11:18,6.75,50,126900
20240124,13:11:35,6.85,150,126900
20240124,13:11:52,6.8,100,126900
20240124,13:12:08,6.65,150,126900
20240124,13:12:16,6.65,1000,127000
20240124,13:12:56,6.65,400,127000
20240124,13:13:20,6.7,100,127000
20240124,13:13:27,6.65,50,127000
20240124,13:14:35,6.75,1800,127000
20240124,13:14:42,6.75,1800,127000
20240124,13:15:04,6.75,1900,127000
20240124,13:15:19,6.7,50,128050
20240124,13:15:40,6.7,50,128050
20240124,13:15:47,6.7,1250,128050
20240124,13:16:09,6.7,50,128050
20240124,13:16:16,6.7,500,128050
20240124,13:16:31,6.7,50,128050
20240124,13:16:56,6.8,50,128050
20240124,13:17:12,6.75,400,128050
20240124,13:17:58,7.0,250,128050
20240124,13:18:13,7.0,50,128050
20240124,13:18:20,7.0,750,127650
20240124,13:18:27,6.9,100,127650
20240124,13:18:43,6.75,1000,127650
20240124,13:18:52,6.5,300,127650
20240124,13:19:01,6.55,300,127650
20240124,13:19:24,6.3,50,127650
20240124,13:19:42,6.3,150,127650
20240124,13:20:48,6.3,50,127650
20240124,13:20:58,6.25,50,127650
20240124,13:21:07,6.4,150,127650
20240124,13:21:16,6.45,50,127650
20240124,13:21:32,6.3,50,126600
20240124,13:22:16,6.4,100,126600
20240124,13:22:48,6.55,100,126600
20240124,13:23:20,6.6,50,126600
20240124,13:23:36,6.55,100,126600
20240124,13:24:00,6.45,100,126600
20240124,13:24:37,6.6,1000,126550
20240124,13:25:43,6.7,50,126550
20240124,13:26:05,6.6,500,126550
20240124,13:26:13,6.55,50,126550
20240124,13:27:13,6.6,100,126550
20240124,13:27:52,6.3,100,127050
20240124,13:28:48,6.5,1200,127050
20240124,13:29:18,6.5,850,127050
20240124,13:30:03,6.5,50,127050
20240124,13:32:45,6.6,50,127150
20240124,13:33:00,6.55,700,127150
20240124,13:33:07,6.65,950,127150
20240124,13:33:22,6.65,850,127850
20240124,13:34:05,6.5,750,127850
20240124,13:34:19,6.6,250,127850
20240124,13:34:27,6.6,400,127850
20240124,13:34:35,6.6,1950,127850
20240124,13:35:20,6.35,50,127850
20240124,13:35:49,6.5,2250,127850
20240124,13:37:08,6.5,200,128850
20240124,13:37:31,6.55,500,128850
20240124,13:38:14,6.3,100,128850
20240124,13:38:29,6.3,250,128850
20240124,13:38:37,6.3,100,128850
20240124,13:38:51,6.35,700,128850
20240124,13:38:59,6.3,400,128850
20240124,13:39:07,6.3,500,128850
20240124,13:39:14,6.35,900,128850
20240124,13:39:21,6.3,100,129500
20240124,13:39:28,6.3,1500,129500
20240124,13:39:49,6.35,50,129500
20240124,13:40:10,6.35,50,129500
20240124,13:40:32,6.2,550,129500
20240124,13:40:53,6.2,650,129500
20240124,13:41:16,6.35,300,129500
20240124,13:41:37,6.3,100,129500
20240124,13:42:42,6.5,50,131100
20240124,13:43:04,6.6,100,131100
20240124,13:43:12,6.6,100,131100
20240124,13:43:36,6.55,50,131100
20240124,13:45:03,6.35,50,131100
20240124,13:46:23,6.3,1000,131150
20240124,13:46:43,6.45,250,131150
20240124,13:46:51,6.4,200,131150
20240124,13:46:58,6.4,50,131150
20240124,13:47:29,6.3,50,131150
20240124,13:47:42,6.25,200,131150
20240124,13:47:49,6.25,250,131150
20240124,13:47:57,6.25,1050,131150
20240124,13:49:02,6.0,100,131350
20240124,13:49:10,6.0,50,131350
20240124,13:49:17,6.0,1200,131350
20240124,13:49:25,6.05,50,131350
20240124,13:49:33,6.1,1400,131350
20240124,13:49:41,6.15,50,131350
20240124,13:49:56,6.2,50,131350
20240124,13:50:11,6.2,50,131350
20240124,13:51:18,6.15,50,131350
20240124,13:51:25,6.2,450,130600
20240124,13:51:41,6.2,500,130600
20240124,13:51:48,6.2,250,130600
20240124,13:51:55,6.2,250,130600
20240124,13:52:02,6.2,1450,130600
20240124,13:52:15,6.2,350,130600
20240124,13:52:22,6.2,50,130600
20240124,13:52:36,6.25,100,130600
20240124,13:52:52,6.25,50,130600
20240124,13:52:59,6.15,200,130600
20240124,13:53:25,6.25,100,130600
20240124,13:53:32,6.15,350,130600
20240124,13:54:13,6.1,500,130600
20240124,13:54:34,6.25,400,130500
20240124,13:54:41,6.3,50,130500
20240124,13:54:59,6.3,200,130500
20240124,13:55:06,6.3,50,130500
20240124,13:55:12,6.3,100,130500
20240124,13:55:37,6.25,200,130500
20240124,13:55:43,6.2,100,130500
20240124,13:56:04,6.25,200,130500
20240124,13:56:11,6.3,1050,130500
20240124,13:56:18,6.3,50,130500
20240124,13:56:24,6.3,150,130500
20240124,13:56:31,6.35,700,130500
20240124,13:56:38,6.3,50,130500
20240124,13:56:45,6.25,50,130500
20240124,13:56:52,6.2,200,130500
20240124,13:57:06,6.2,150,130500
20240124,13:57:12,6.2,150,130500
20240124,13:57:33,6.2,450,132300
20240124,13:57:40,6.3,200,132300
20240124,13:57:59,6.2,50,132300
20240124,13:58:20,6.1,150,132300
20240124,13:58:41,6.1,250,132300
20240124,13:58:47,6.15,50,132300
20240124,13:59:43,6.15,50,132300
20240124,13:59:51,6.3,400,132300
20240124,13:59:59,6.2,800,132300
20240124,14:00:08,6.15,100,132300
20240124,14:00:24,6.1,50,132300
20240124,14:00:31,6.1,200,132400
20240124,14:00:54,5.95,50,132400
20240124,14:01:02,5.95,50,132400
20240124,14:01:11,6.05,100,132400
20240124,14:01:18,6.1,50,132400
20240124,14:01:26,6.15,600,132400
20240124,14:01:33,6.05,50,132400
20240124,14:01:40,6.05,250,132400
20240124,14:02:29,6.0,50,132400
20240124,14:02:36,5.9,500,132400
20240124,14:02:44,6.05,150,132400
20240124,14:02:58,6.05,300,132400
20240124,14:03:05,5.9,3600,132400
20240124,14:03:42,5.85,50,133500
20240124,14:04:06,5.7,800,133500
20240124,14:04:20,5.75,1150,133500
20240124,14:04:34,5.7,600,133500
20240124,14:04:42,5.65,350,133500
20240124,14:04:50,5.7,50,133500
20240124,14:05:06,5.65,1800,133500
20240124,14:05:29,5.55,600,133500
20240124,14:05:47,5.4,1800,133500
20240124,14:05:56,5.4,2100,133500
20240124,14:06:11,5.4,500,133500
20240124,14:06:19,5.4,3100,133500
20240124,14:06:34,5.45,50,138250
20240124,14:06:42,5.4,750,138250
20240124,14:06:50,5.35,350,138250
20240124,14:06:58,5.4,2550,138250
20240124,14:07:13,5.4,1050,138250
20240124,14:07:29,5.5,1450,138250
20240124,14:07:36,5.45,50,138250
20240124,14:07:44,5.55,50,138250
20240124,14:07:52,5.5,300,138250
20240124,14:08:07,5.5,100,138250
20240124,14:08:15,5.6,100,138250
20240124,14:08:39,5.6,650,138250
20240124,14:09:50,5.65,50,136200
20240124,14:10:30,5.75,50,136200
20240124,14:10:38,5.75,150,136200
20240124,14:10:46,5.95,750,136200
20240124,14:10:53,5.95,1500,136200
20240124,14:11:09,5.95,750,136200
20240124,14:11:16,5.9,50,136200
20240124,14:11:49,5.85,200,136200
20240124,14:11:57,5.9,100,136200
20240124,14:12:20,5.75,50,136200
20240124,14:12:28,5.75,150,134300
20240124,14:12:35,5.7,1800,134300
20240124,14:12:51,5.65,500,134300
20240124,14:13:14,5.65,400,134300
20240124,14:15:21,5.6,50,134300
20240124,14:15:51,5.5,50,135950
20240124,14:15:58,5.45,450,135950
20240124,14:16:12,5.55,300,135950
20240124,14:17:07,5.65,50,135950
20240124,14:17:21,5.65,100,135950
20240124,14:17:28,5.7,100,135950
20240124,14:17:35,5.75,50,135950
20240124,14:18:04,5.8,200,135950
20240124,14:18:12,5.85,150,135950
20240124,14:18:20,5.65,100,135950
20240124,14:18:29,5.65,50,136250
20240124,14:18:38,5.55,50,136250
20240124,14:18:46,5.5,500,136250
20240124,14:19:01,5.6,350,136250
20240124,14:19:09,5.45,800,136250
20240124,14:19:47,5.55,500,136250
20240124,14:19:54,5.6,50,136250
20240124,14:20:02,5.6,50,136250
20240124,14:20:24,5.5,50,136250
20240124,14:20:48,5.45,100,136250
20240124,14:20:56,5.45,100,136250
20240124,14:21:45,5.35,50,135500
20240124,14:21:52,5.4,100,135500
20240124,14:22:00,5.35,50,135500
20240124,14:22:08,5.4,100,135500
20240124,14:22:16,5.5,550,135500
20240124,14:22:41,5.6,400,135500
20240124,14:23:06,5.55,50,135500
20240124,14:23:14,5.5,100,135500
20240124,14:23:31,5.4,50,135500
20240124,14:23:47,5.45,150,135500
20240124,14:24:19,5.55,1250,135500
20240124,14:24:35,5.6,200,134700
20240124,14:24:43,5.65,950,134700
20240124,14:25:00,5.5,1200,134700
20240124,14:25:15,5.5,50,134700
20240124,14:25:38,5.5,50,134700
20240124,14:25:46,5.55,250,134700
20240124,14:26:10,5.6,100,134700
20240124,14:26:56,5.55,350,134700
20240124,14:27:04,5.6,250,134700
20240124,14:27:21,5.5,100,134700
20240124,14:27:36,5.5,50,135350
20240124,14:27:51,5.5,350,135350
20240124,14:28:08,5.45,300,135350
20240124,14:28:17,5.4,50,135350
20240124,14:28:51,5.4,50,135350
20240124,14:29:33,5.4,450,135350
20240124,14:30:04,5.3,50,135350
20240124,14:30:45,5.2,100,135400
20240124,14:30:53,5.15,550,135400
20240124,14:31:11,5.15,100,135400
20240124,14:31:27,5.15,3100,135400
20240124,14:31:36,5.1,1100,135400
20240124,14:31:43,5.2,50,135400
20240124,14:31:51,5.15,100,135400
20240124,14:32:08,5.15,1800,135400
20240124,14:32:16,5.15,50,135400
20240124,14:32:31,5.1,650,135400
20240124,14:32:47,5.1,800,135400
20240124,14:33:02,5.15,1200,135400
20240124,14:33:11,5.15,550,135400
20240124,14:33:19,5.15,300,135400
20240124,14:33:50,5.05,50,136400
20240124,14:33:58,5.1,200,136400
20240124,14:34:06,5.15,1350,136400
20240124,14:34:30,5.05,50,136400
20240124,14:34:46,5.05,100,136400
20240124,14:34:55,5.0,100,136400
20240124,14:35:04,4.95,500,136400
20240124,14:35:45,4.9,950,136400
20240124,14:35:54,4.85,50,136400
20240124,14:36:03,4.85,100,136400
20240124,14:36:46,4.85,50,135900
20240124,14:37:42,4.85,300,135900
20240124,14:38:47,4.9,1050,135900
20240124,14:39:48,4.8,100,136850
20240124,14:39:57,4.8,400,136850
20240124,14:40:05,4.75,700,136850
20240124,14:40:44,4.7,50,136850
20240124,14:40:53,4.65,2200,136850
20240124,14:41:01,4.65,850,136850
20240124,14:41:10,4.45,150,136850
20240124,14:41:19,4.45,450,136850
20240124,14:41:36,4.6,750,136850
20240124,14:42:03,4.6,50,136850
20240124,14:42:49,4.55,3450,138800
20240124,14:43:24,4.45,1000,138800
20240124,14:43:42,4.3,50,138800
20240124,14:43:50,4.3,50,138800
20240124,14:44:06,4.3,200,138800
20240124,14:44:23,4.25,1800,138800
20240124,14:44:31,4.25,50,138800
20240124,14:44:39,4.2,50,138800
20240124,14:44:48,4.2,200,138800
20240124,14:44:56,4.3,100,138800
20240124,14:45:05,4.3,100,138800
20240124,14:46:11,4.45,50,137600
20240124,14:46:37,4.4,1800,137600
20240124,14:46:46,4.45,1850,137600
20240124,14:46:55,4.45,50,137600
20240124,14:47:45,4.55,50,137600
20240124,14:48:18,4.65,50,137600
20240124,14:48:27,4.8,2700,139900
20240124,14:49:02,4.7,150,139900
20240124,14:49:11,4.7,1800,139900
20240124,14:49:19,4.75,50,139900
20240124,14:49:28,4.7,2800,139900
20240124,14:49:37,4.6,1050,139900
20240124,14:49:46,4.45,1050,139900
20240124,14:49:55,4.5,1850,139900
20240124,14:50:05,4.5,600,139900
20240124,14:50:14,4.55,100,139900
20240124,14:51:20,4.55,500,139900
20240124,14:51:55,4.45,100,138450
20240124,14:52:03,4.45,250,138450
20240124,14:52:11,4.5,400,138450
20240124,14:52:21,4.55,50,138450
20240124,14:52:29,4.55,350,138450
20240124,14:52:38,4.6,1150,138450
20240124,14:52:55,4.65,8250,138450
20240124,14:53:03,4.6,250,138450
20240124,14:53:11,4.6,1550,138450
20240124,14:53:19,4.55,50,138450
20240124,14:53:28,4.55,50,138450
20240124,14:53:36,4.6,300,138450
20240124,14:53:51,4.6,1900,138450
20240124,14:53:59,4.6,300,138450
20240124,14:54:08,4.6,350,138450
20240124,14:54:16,4.65,50,138450
20240124,14:54:23,4.7,500,138450
20240124,14:54:32,4.65,550,144100
20240124,14:54:40,4.65,500,144100
20240124,14:54:48,4.65,700,144100
20240124,14:54:57,4.65,3600,144100
20240124,14:55:06,4.6,1800,144100
20240124,14:55:14,4.6,1500,144100
20240124,14:55:22,4.55,50,144100
20240124,14:55:30,4.55,50,144100
20240124,14:55:38,4.55,1150,144100
20240124,14:55:54,4.5,50,144100
20240124,14:56:11,4.55,700,144100
20240124,14:56:35,4.6,750,144100
20240124,14:56:42,4.7,1800,144100
20240124,14:57:29,4.7,1800,144100
20240124,14:57:37,4.65,200,148300
20240124,14:57:45,4.6,1700,148300
20240124,14:58:49,4.6,1350,148300
20240124,14:58:58,4.65,500,148300
20240124,14:59:37,4.55,500,148300
20240124,14:59:45,4.55,50,148300
20240124,14:59:54,4.4,1900,148300
20240124,15:00:03,4.35,1000,148300
20240124,15:00:11,4.4,1850,148300
20240124,15:00:20,4.3,50,148300
20240124,15:00:28,4.3,250,148300
20240124,15:00:37,4.15,1450,146600
20240124,15:00:47,4.05,1700,146600
20240124,15:01:05,4.05,300,146600
20240124,15:01:13,4.2,100,146600
20240124,15:01:21,4.15,50,146600
20240124,15:01:29,4.15,100,146600
20240124,15:01:37,4.05,650,146600
20240124,15:01:46,3.95,800,146600
20240124,15:01:54,3.95,50,146600
20240124,15:02:02,4.15,100,146600
20240124,15:02:11,4.1,50,146600
20240124,15:02:28,4.1,100,146600
20240124,15:02:36,4.15,100,146600
20240124,15:02:46,4.15,200,146600
20240124,15:02:55,4.2,300,146600
20240124,15:03:05,4.2,50,146600
20240124,15:03:23,4.25,50,146600
20240124,15:04:06,4.35,550,146550
20240124,15:04:25,4.0,4050,146550
20240124,15:04:34,4.0,100,146550
20240124,15:04:43,4.05,600,146550
20240124,15:05:09,4.1,150,146550
20240124,15:05:18,4.1,50,146550
20240124,15:05:34,4.2,500,146550
20240124,15:05:50,4.15,600,146550
20240124,15:05:57,4.1,50,146550
20240124,15:06:06,4.0,150,146550
20240124,15:06:15,4.05,300,146550
20240124,15:06:24,3.95,300,146550
20240124,15:06:32,4.05,150,148050
20240124,15:06:40,3.85,7800,148050
20240124,15:07:04,3.95,50,148050
20240124,15:07:12,4.0,50,148050
20240124,15:07:54,4.0,50,148050
20240124,15:08:02,4.05,50,148050
20240124,15:08:50,4.05,150,148050
20240124,15:09:15,4.1,50,148050
20240124,15:10:21,4.0,50,143950
20240124,15:10:28,4.0,150,143950
20240124,15:10:36,3.9,300,143950
20240124,15:10:44,3.95,850,143950
20240124,15:11:31,3.95,700,143950
20240124,15:11:38,3.9,200,143950
20240124,15:11:46,3.9,150,143950
20240124,15:11:54,3.9,250,143950
20240124,15:12:01,3.9,50,143950
20240124,15:12:32,3.85,50,143950
20240124,15:13:10,3.85,100,144750
20240124,15:13:34,3.85,50,144750
20240124,15:15:16,3.85,50,144750
20240124,15:15:33,3.75,150,144750
20240124,15:15:50,3.6,400,144750
20240124,15:16:15,3.45,500,144750
20240124,15:16:24,3.4,2250,144750
20240124,15:16:32,3.4,300,144750
20240124,15:16:48,3.45,900,144750
20240124,15:16:57,3.45,300,144750
20240124,15:17:05,3.45,100,144750
20240124,15:17:13,3.5,50,144750
20240124,15:17:21,3.45,200,144750
20240124,15:17:28,3.35,500,144750
20240124,15:17:36,3.4,50,144750
20240124,15:17:44,3.35,50,144750
20240124,15:17:52,3.35,350,144750
20240124,15:17:59,3.4,1500,144750
20240124,15:18:23,3.4,750,144750
20240124,15:18:31,3.35,950,144750
20240124,15:18:39,3.35,50,141600
20240124,15:18:47,3.3,150,141600
20240124,15:18:54,3.3,500,141600
20240124,15:19:02,3.25,600,141600
20240124,15:19:09,3.2,250,141600
20240124,15:19:17,3.2,50,141600
20240124,15:19:25,3.25,550,141600
20240124,15:19:33,3.25,1350,141600
20240124,15:19:41,3.3,750,141600
20240124,15:19:48,3.25,100,141600
20240124,15:19:57,3.25,200,141600
20240124,15:20:05,3.3,50,141600
20240124,15:20:13,3.25,500,141600
20240124,15:20:21,3.25,1050,141600
20240124,15:20:44,3.25,300,141600
20240124,15:20:52,3.25,1550,141600
20240124,15:21:00,3.2,250,141600
20240124,15:21:08,3.3,400,141600
20240124,15:21:16,3.25,100,141600
20240124,15:21:24,3.3,3250,141600
20240124,15:21:32,3.3,3750,143250
20240124,15:21:48,3.2,100,143250
20240124,15:21:56,3.2,2100,143250
20240124,15:22:04,3.25,150,143250
20240124,15:22:12,3.25,100,143250
20240124,15:22:45,3.3,1650,143250
20240124,15:22:52,3.3,150,143250
20240124,15:23:08,3.25,1100,143250
20240124,15:23:15,3.3,2500,143250
20240124,15:23:39,3.3,1550,143250
20240124,15:23:47,3.3,50,143250
20240124,15:24:03,3.25,50,143250
20240124,15:24:19,3.25,100,143250
20240124,15:24:28,3.3,650,143250
20240124,15:24:44,3.15,3100,149150
20240124,15:24:52,3.35,1650,149150
20240124,15:24:59,3.2,650,149150
20240124,15:25:07,3.25,50,149150
20240124,15:25:15,3.2,500,149150
20240124,15:25:23,3.2,50,149150
20240124,15:25:38,3.2,150,149150
20240124,15:25:46,3.15,900,149150
20240124,15:25:54,3.15,950,149150
20240124,15:26:02,3.1,1500,149150
20240124,15:26:31,3.1,1550,149150
20240124,15:26:38,3.05,1850,149150
20240124,15:26:46,3.05,250,149150
20240124,15:26:54,3.05,1250,149150
20240124,15:27:11,3.0,1300,149150
20240124,15:27:19,3.1,3650,149150
20240124,15:27:28,3.1,700,149150
20240124,15:27:36,3.1,450,140850
20240124,15:27:45,3.1,700,140850
20240124,15:27:53,3.1,450,140850
20240124,15:28:02,3.1,150,140850
20240124,15:28:27,3.1,350,140850
20240124,15:28:35,3.1,4700,140850
20240124,15:28:43,3.15,1550,140850
20240124,15:28:59,3.15,2700,140850
20240124,15:29:08,3.25,450,140850
20240124,15:29:16,3.1,150,140850
20240124,15:29:25,3.1,350,140850
20240124,15:29:33,3.1,300,140850
20240124,15:29:42,3.05,350,140850
20240124,15:29:51,3.05,450,140850
20240124,15:30:01,2.65,600,140850
20240125,09:15:07,4.0,1,130300
20240125,09:15:07,4.0,1800,130300
20240125,09:15:18,3.2,250,130300
20240125,09:15:28,3.2,400,130300
20240125,09:15:38,3.0,2000,130300
20240125,09:15:46,3.3,2750,130300
20240125,09:16:05,3.05,1800,130300
20240125,09:16:23,3.3,700,130300
20240125,09:16:31,3.1,50,130300
20240125,09:16:49,3.1,600,130300
20240125,09:16:58,3.1,150,130300
20240125,09:17:07,3.1,100,130300
20240125,09:17:24,3.15,150,130300
20240125,09:17:51,3.15,300,134900
20240125,09:18:00,3.15,100,134900
20240125,09:18:10,3.2,200,134900
20240125,09:18:19,3.2,200,134900
20240125,09:18:37,3.25,300,134900
20240125,09:18:45,3.3,250,134900
20240125,09:18:54,3.25,500,134900
20240125,09:19:04,3.25,650,134900
20240125,09:19:23,3.35,900,134900
20240125,09:19:49,3.4,1000,134900
20240125,09:19:57,3.4,50,134900
20240125,09:20:15,3.35,1100,134900
20240125,09:20:24,3.3,100,134900
20240125,09:20:33,3.3,1000,134900
20240125,09:20:42,3.35,50,134900
20240125,09:20:51,3.35,50,134900
20240125,09:21:00,3.3,350,136550
20240125,09:21:08,3.3,1750,136550
20240125,09:21:17,3.3,1650,136550
20240125,09:21:26,3.3,950,136550
20240125,09:21:34,3.3,750,136550
20240125,09:21:41,3.35,50,136550
20240125,09:21:49,3.35,150,136550
20240125,09:22:05,3.4,500,136550
20240125,09:22:30,3.5,200,136550
20240125,09:23:57,4.0,1450,134250
20240125,09:24:07,4.05,1300,134250
20240125,09:24:16,4.1,100,134250
20240125,09:24:26,4.15,900,134250
20240125,09:24:33,4.15,150,134250
20240125,09:24:40,4.25,500,134250
20240125,09:24:48,4.2,2700,134250
20240125,09:24:58,4.3,750,134250
20240125,09:25:07,4.5,3000,134250
20240125,09:25:17,4.5,3900,134250
20240125,09:25:26,4.45,4250,134250
20240125,09:25:36,4.35,50,134250
20240125,09:25:45,4.35,3800,134250
20240125,09:26:09,4.25,100,134250
20240125,09:27:13,4.1,5000,136750
20240125,09:27:32,4.05,350,136750
20240125,09:27:40,4.0,400,136750
20240125,09:27:49,3.95,850,136750
20240125,09:27:58,3.85,3150,136750
20240125,09:28:08,3.85,1500,136750
20240125,09:28:18,3.8,50,136750
20240125,09:28:45,3.8,1000,136750
20240125,09:29:04,3.75,950,136750
20240125,09:29:37,3.75,50,136750
20240125,09:30:07,3.75,800,138750
20240125,09:30:23,3.8,1000,138750
20240125,09:30:32,3.75,200,138750
20240125,09:30:48,3.7,50,138750
20240125,09:30:55,3.7,50,138750
20240125,09:31:03,3.7,150,138750
20240125,09:31:18,3.7,50,138750
20240125,09:31:26,3.65,150,138750
20240125,09:31:35,3.7,300,138750
20240125,09:31:44,3.7,1400,138750
20240125,09:31:53,3.75,350,138750
20240125,09:32:03,3.75,1000,138750
20240125,09:32:21,3.8,200,138750
20240125,09:32:29,3.8,50,138750
20240125,09:32:47,3.9,850,138750
20240125,09:32:56,3.95,350,138400
20240125,09:33:04,4.0,1600,138400
20240125,09:33:29,4.1,300,138400
20240125,09:33:36,4.1,50,138400
20240125,09:33:44,4.1,600,138400
20240125,09:33:59,4.1,50,138400
20240125,09:34:24,4.35,2900,138400
20240125,09:34:33,4.3,150,138400
20240125,09:35:00,4.4,250,138400
20240125,09:35:18,4.3,300,138400
20240125,09:35:36,4.2,1200,138400
20240125,09:35:45,4.15,600,138400
20240125,09:35:53,4.1,500,138400
20240125,09:36:09,4.1,50,140600
20240125,09:36:16,4.1,150,140600
20240125,09:36:25,4.0,8500,140600
20240125,09:36:33,4.0,50,140600
20240125,09:36:42,4.05,50,140600
20240125,09:37:16,4.0,400,140600
20240125,09:37:24,4.0,50,140600
20240125,09:37:41,4.0,150,140600
20240125,09:39:01,3.95,450,148800
20240125,09:39:10,3.9,350,148800
20240125,09:39:26,4.0,4100,148800
20240125,09:39:35,3.9,2000,148800
20240125,09:39:43,3.9,1750,148800
20240125,09:39:52,3.95,850,148800
20240125,09:40:49,3.9,200,148800
20240125,09:41:06,3.95,150,148800
20240125,09:41:21,4.05,100,148800
20240125,09:41:29,3.95,150,148800
20240125,09:41:54,4.0,1200,148800
20240125,09:42:03,4.1,1800,151800
20240125,09:42:22,4.05,50,151800
20240125,09:44:40,4.05,350,151800
20240125,09:45:08,4.15,4550,152250
20240125,09:45:17,4.15,50,152250
20240125,09:45:43,4.25,50,152250
20240125,09:45:52,4.25,1850,152250
20240125,09:46:01,4.25,100,152250
20240125,09:46:10,4.1,550,152250
20240125,09:46:19,4.15,400,152250
20240125,09:46:37,4.15,1300,152250
20240125,09:47:05,4.05,150,152250
20240125,09:47:50,4.2,200,152250
20240125,09:48:24,4.15,150,147900
20240125,09:48:33,4.2,2250,147900
20240125,09:48:42,4.2,1550,147900
20240125,09:49:08,4.15,100,147900
20240125,09:49:27,4.1,850,147900
20240125,09:49:36,4.2,100,147900
20240125,09:49:52,4.25,50,147900
20240125,09:50:01,4.25,50,147900
20240125,09:50:56,4.3,50,147900
20240125,09:51:05,4.3,750,150600
20240125,09:51:20,4.35,300,150600
20240125,09:51:29,4.35,50,150600
20240125,09:51:44,4.3,200,150600
20240125,09:52:00,4.25,200,150600
20240125,09:52:08,4.3,50,150600
20240125,09:52:24,4.25,50,150600
20240125,09:52:33,4.3,800,150600
20240125,09:52:41,4.35,200,150600
20240125,09:53:14,4.3,150,150600
20240125,09:53:31,4.4,200,150600
20240125,09:53:47,4.45,50,150600
20240125,09:53:55,4.5,200,150600
20240125,09:54:18,4.4,200,151900
20240125,09:54:32,4.5,50,151900
20240125,09:54:40,4.5,700,151900
20240125,09:54:48,4.45,350,151900
20240125,09:55:23,4.45,50,151900
20240125,09:55:42,4.45,850,151900
20240125,09:55:59,4.55,3700,151900
20240125,09:56:15,4.5,450,151900
20240125,09:56:30,4.45,100,151900
20240125,09:57:01,4.45,50,152300
20240125,09:57:16,4.5,100,152300
20240125,09:57:40,4.45,700,152300
20240125,09:57:55,4.5,200,152300
20240125,09:58:03,4.55,50,152300
20240125,09:58:33,4.5,100,152300
20240125,09:59:14,4.45,1500,152300
20240125,09:59:30,4.45,2500,152300
20240125,09:59:39,4.55,100,152300
20240125,09:59:54,4.55,250,152300
20240125,10:00:26,4.45,50,155300
20240125,10:00:33,4.4,600,155300
20240125,10:00:56,4.5,50,155300
20240125,10:01:04,4.5,50,155300
20240125,10:01:11,4.5,50,155300
20240125,10:01:35,4.5,250,155300
20240125,10:03:02,4.4,150,155950
20240125,10:03:36,4.35,100,155950
20240125,10:05:18,4.35,50,155950
20240125,10:05:25,4.4,1500,155950
20240125,10:06:15,4.4,1500,156800
20240125,10:07:24,4.35,1800,156800
20240125,10:07:31,4.3,400,156800
20240125,10:07:44,4.25,250,156800
20240125,10:08:20,4.2,300,156800
20240125,10:08:57,4.2,300,156800
20240125,10:09:58,4.25,600,159350
20240125,10:10:08,4.15,100,159350
20240125,10:10:26,4.15,3000,159350
20240125,10:11:24,4.3,1750,159350
20240125,10:13:19,4.2,50,161600
20240125,10:13:50,4.2,100,161600
20240125,10:13:58,4.2,1050,161600
20240125,10:14:21,4.15,50,161600
20240125,10:14:29,4.15,700,161600
20240125,10:14:36,4.15,350,161600
20240125,10:15:08,4.2,100,159450
20240125,10:15:33,4.1,450,159450
20240125,10:16:03,4.1,850,159450
20240125,10:16:22,4.1,150,159450
20240125,10:16:31,4.15,50,159450
20240125,10:16:40,4.15,100,159450
20240125,10:16:49,4.15,50,159450
20240125,10:17:16,4.15,400,159450
20240125,10:17:32,4.2,50,159450
20240125,10:18:38,4.15,250,159250
20240125,10:18:46,4.15,50,159250
20240125,10:19:01,4.1,1450,159250
20240125,10:19:10,4.1,50,159250
20240125,10:19:48,4.15,550,159250
20240125,10:19:56,4.25,50,159250
20240125,10:20:31,4.35,100,159250
20240125,10:20:40,4.35,150,159250
20240125,10:20:58,4.2,200,159250
20240125,10:21:07,4.25,350,158650
20240125,10:21:16,4.2,300,158650
20240125,10:21:35,4.15,1100,158650
20240125,10:21:44,4.25,50,158650
20240125,10:21:53,4.05,100,158650
20240125,10:22:03,4.05,100,158650
20240125,10:22:11,4.05,100,158650
20240125,10:22:20,4.05,50,158650
20240125,10:22:29,4.0,100,158650
20240125,10:22:45,4.05,50,158650
20240125,10:22:54,4.1,850,158650
20240125,10:23:03,4.15,50,158650
20240125,10:23:12,4.1,50,158650
20240125,10:23:20,4.05,400,158650
20240125,10:23:29,4.1,1900,158650
20240125,10:23:38,4.15,1800,158650
20240125,10:23:46,4.15,1100,158650
20240125,10:23:55,4.1,150,158650
20240125,10:24:14,4.25,1800,162700
20240125,10:25:37,4.2,100,162700
20240125,10:25:53,4.2,100,162700
20240125,10:26:12,4.15,100,162700
20240125,10:26:56,3.95,2150,162700
20240125,10:27:05,3.9,2000,162550
20240125,10:27:22,4.0,1850,162550
20240125,10:27:39,4.0,500,162550
20240125,10:27:46,3.95,2500,162550
20240125,10:28:26,3.9,2450,162550
20240125,10:28:35,3.8,750,162550
20240125,10:28:43,3.8,2400,162550
20240125,10:29:08,3.85,50,162550
20240125,10:29:43,3.8,50,162550
20240125,10:30:08,3.8,100,163000
20240125,10:30:33,3.7,550,163000
20240125,10:30:42,3.7,100,163000
20240125,10:30:50,3.75,50,163000
20240125,10:30:58,3.75,3350,163000
20240125,10:31:07,3.8,150,163000
20240125,10:31:15,3.8,2400,163000
20240125,10:31:23,3.85,1050,163000
20240125,10:31:31,3.85,1500,163000
20240125,10:31:39,3.75,300,163000
20240125,10:31:48,3.7,50,163000
20240125,10:31:56,3.7,300,163000
20240125,10:32:05,3.65,1250,163000
20240125,10:32:39,3.65,1850,163000
20240125,10:32:48,3.65,700,163000
20240125,10:33:05,3.6,150,163000
20240125,10:33:14,3.6,50,171900
20240125,10:33:40,3.7,200,171900
20240125,10:33:49,3.7,250,171900
20240125,10:33:58,3.7,50,171900
20240125,10:34:06,3.7,50,171900
20240125,10:34:15,3.7,600,171900
20240125,10:34:33,3.7,50,171900
20240125,10:34:41,3.75,500,171900
20240125,10:34:49,3.75,1300,171900
20240125,10:35:08,3.75,50,171900
20240125,10:36:15,3.9,200,173200
20240125,10:36:39,3.9,150,173200
20240125,10:37:37,3.9,50,173200
20240125,10:37:46,3.85,300,173200
20240125,10:38:03,3.85,450,173200
20240125,10:38:12,3.8,100,173200
20240125,10:38:38,3.9,3000,173200
20240125,10:38:46,3.9,4800,173200
20240125,10:38:54,4.0,1000,173200
20240125,10:39:02,4.0,750,178000
20240125,10:39:10,3.95,1800,178000
20240125,10:39:18,4.0,1500,178000
20240125,10:39:26,4.0,1900,178000
20240125,10:40:06,3.95,300,178000
20240125,10:40:38,3.95,650,178000
20240125,10:40:46,3.95,50,178000
20240125,10:40:55,3.95,350,178000
20240125,10:41:03,3.95,1800,178000
20240125,10:41:12,3.95,100,178000
20240125,10:41:21,3.95,1500,178000
20240125,10:41:29,3.95,50,178000
20240125,10:41:37,3.9,50,178000
20240125,10:41:46,3.9,50,178000
20240125,10:41:55,3.9,600,178000
20240125,10:42:12,3.95,550,186850
20240125,10:42:20,3.95,750,186850
20240125,10:42:28,4.0,1800,186850
20240125,10:42:37,4.1,150,186850
20240125,10:42:46,4.05,450,186850
20240125,10:43:04,4.2,150,186850
20240125,10:43:13,4.15,2250,186850
20240125,10:43:21,4.2,300,186850
20240125,10:43:29,4.15,50,186850
20240125,10:43:37,4.2,100,186850
20240125,10:43:47,4.3,1750,186850
20240125,10:44:24,4.25,400,186850
20240125,10:45:14,4.15,600,192650
20240125,10:45:23,4.1,1000,192650
20240125,10:45:31,4.1,50,192650
20240125,10:45:40,4.1,200,192650
20240125,10:45:56,4.15,50,192650
20240125,10:46:12,4.15,100,192650
20240125,10:46:38,4.15,50,192650
20240125,10:47:12,4.15,150,192650
20240125,10:47:21,4.2,850,192650
20240125,10:47:36,4.15,1500,192650
20240125,10:48:21,4.15,550,195100
20240125,10:48:29,4.15,950,195100
20240125,10:48:36,4.15,300,195100
20240125,10:48:49,4.15,1550,195100
20240125,10:49:12,4.05,50,195100
20240125,10:49:19,4.1,1500,195100
20240125,10:49:26,4.15,500,195100
20240125,10:49:39,4.05,50,195100
20240125,10:50:01,4.05,250,195100
20240125,10:50:08,4.1,4500,195100
20240125,10:50:15,4.15,1500,195100
20240125,10:50:23,4.05,250,195100
20240125,10:50:31,4.05,200,195100
20240125,10:50:46,4.15,400,195100
20240125,10:50:53,4.2,50,195100
20240125,10:51:08,4.1,200,201150
20240125,10:52:07,4.1,350,201150
20240125,10:52:29,4.1,3000,201150
20240125,10:53:17,4.05,550,201150
20240125,10:53:24,4.1,2300,201150
20240125,10:53:32,4.15,200,201150
20240125,10:54:15,4.15,50,204350
20240125,10:54:24,4.15,100,204350
20240125,10:54:33,4.2,50,204350
20240125,10:54:42,4.25,50,204350
20240125,10:55:07,4.2,3400,204350
20240125,10:55:16,4.2,150,204350
20240125,10:55:25,4.25,150,204350
20240125,10:55:34,4.3,800,204350
20240125,10:56:17,4.35,150,204350
20240125,10:56:26,4.4,50,204350
20240125,10:56:34,4.4,200,204350
20240125,10:56:42,4.35,50,204350
20240125,10:56:58,4.3,50,204350
20240125,10:57:06,4.35,150,204350
20240125,10:57:38,4.35,500,206550
20240125,10:57:46,4.4,150,206550
20240125,10:57:54,4.4,500,206550
20240125,10:58:42,4.45,200,206550
20240125,10:58:50,4.45,1500,206550
20240125,10:58:58,4.45,550,206550
20240125,10:59:29,4.55,200,206550
20240125,10:59:46,4.45,200,206550
20240125,11:00:11,4.45,50,206550
20240125,11:00:19,4.45,100,208550
20240125,11:00:26,4.4,400,208550
20240125,11:00:34,4.5,600,208550
20240125,11:00:43,4.5,1300,208550
20240125,11:00:52,4.5,500,208550
20240125,11:01:00,4.45,50,208550
20240125,11:01:24,4.45,50,208550
20240125,11:01:41,4.4,2000,208550
20240125,11:02:06,4.4,800,208550
20240125,11:02:51,4.4,450,208550
20240125,11:02:59,4.35,1900,208550
20240125,11:03:08,4.3,550,209200
20240125,11:03:16,4.35,50,209200
20240125,11:03:26,4.25,100,209200
20240125,11:03:35,4.3,500,209200
20240125,11:03:44,4.25,900,209200
20240125,11:03:53,4.25,50,209200
20240125,11:04:01,4.25,350,209200
20240125,11:04:10,4.25,100,209200
20240125,11:04:19,4.3,250,209200
20240125,11:04:35,4.4,150,209200
20240125,11:04:45,4.45,700,209200
20240125,11:05:02,4.5,1500,209200
20240125,11:05:10,4.5,50,209200
20240125,11:05:18,4.45,150,209200
20240125,11:05:26,4.5,50,209200
20240125,11:06:00,4.4,100,209200
20240125,11:06:09,4.4,200,212450
20240125,11:06:25,4.5,100,212450
20240125,11:06:33,4.45,300,212450
20240125,11:06:41,4.45,200,212450
20240125,11:06:49,4.45,250,212450
20240125,11:06:58,4.45,50,212450
20240125,11:09:02,4.4,300,212450
20240125,11:09:16,4.3,150,212300
20240125,11:09:24,4.3,50,212300
20240125,11:09:41,4.3,50,212300
20240125,11:10:13,4.25,50,212300
20240125,11:10:20,4.2,50,212300
20240125,11:10:28,4.25,1000,212300
20240125,11:10:52,4.2,1600,212300
20240125,11:11:01,4.25,550,212300
20240125,11:11:08,4.2,2450,212300
20240125,11:11:16,4.05,2750,212300
20240125,11:11:23,4.2,450,212300
20240125,11:11:30,4.15,1000,212300
20240125,11:11:38,4.15,350,212300
20240125,11:11:53,4.0,300,212300
20240125,11:12:02,4.0,300,212300
20240125,11:12:11,4.0,250,212300
20240125,11:13:04,4.0,100,215150
20240125,11:13:20,4.05,50,215150
20240125,11:13:44,4.15,500,215150
20240125,11:13:53,4.15,200,215150
20240125,11:14:01,4.2,750,215150
20240125,11:14:10,4.2,500,215150
20240125,11:14:18,4.25,50,215150
20240125,11:14:26,4.2,100,215150
20240125,11:14:41,4.15,50,215150
20240125,11:15:03,4.2,150,215150
20240125,11:15:18,4.15,600,216100
20240125,11:15:48,4.2,100,216100
20240125,11:16:42,4.15,50,216100
20240125,11:17:22,4.15,200,216100
20240125,11:17:30,4.15,50,216100
20240125,11:17:37,4.1,50,216100
20240125,11:18:09,4.05,100,216700
20240125,11:18:17,4.05,950,216700
20240125,11:18:25,4.05,250,216700
20240125,11:18:34,4.0,150,216700
20240125,11:18:52,3.95,750,216700
20240125,11:19:31,3.9,50,216700
20240125,11:19:40,3.95,200,216700
20240125,11:19:47,3.9,50,216700
20240125,11:20:20,3.9,250,216700
20240125,11:20:29,3.95,50,216700
20240125,11:20:45,4.0,500,216700
20240125,11:20:52,3.9,100,216700
20240125,11:21:09,3.9,2450,216700
20240125,11:21:25,3.7,50,215500
20240125,11:21:34,3.75,50,215500
20240125,11:22:00,3.7,700,215500
20240125,11:22:27,3.75,950,215500
20240125,11:22:45,3.65,5100,215500
20240125,11:23:03,3.7,100,215500
20240125,11:23:12,3.75,50,215500
20240125,11:23:39,3.85,500,215500
20240125,11:23:47,3.85,50,215500
20240125,11:24:04,3.85,300,215500
20240125,11:24:20,3.9,800,214200
20240125,11:24:51,3.9,300,214200
20240125,11:26:12,3.85,1000,214200
20240125,11:26:29,3.85,100,214200
20240125,11:26:52,3.9,50,214200
20240125,11:27:46,4.1,2550,214900
20240125,11:27:54,4.05,50,214900
20240125,11:28:11,4.1,1800,214900
20240125,11:28:20,4.15,1800,214900
20240125,11:28:52,4.15,1000,214900
20240125,11:29:00,4.15,300,214900
20240125,11:29:08,4.15,1400,214900
20240125,11:29:23,4.15,200,214900
20240125,11:29:31,4.15,650,214900
20240125,11:29:40,4.1,50,214900
20240125,11:29:56,4.05,50,214900
20240125,11:30:22,4.0,1350,211100
20240125,11:30:38,4.0,50,211100
20240125,11:31:10,4.05,50,211100
20240125,11:31:19,4.0,3000,211100
20240125,11:31:28,4.0,450,211100
20240125,11:31:37,4.0,1650,211100
20240125,11:31:46,4.0,500,211100
20240125,11:31:54,4.05,50,211100
20240125,11:32:02,4.0,1200,211100
20240125,11:32:09,3.95,1800,211100
20240125,11:32:18,3.9,150,211100
20240125,11:32:26,3.9,400,211100
20240125,11:32:34,3.9,250,211100
20240125,11:32:42,3.9,150,211100
20240125,11:32:57,3.9,50,211100
20240125,11:33:05,3.9,250,211100
20240125,11:33:59,3.95,3200,205200
20240125,11:34:25,3.9,250,205200
20240125,11:34:34,3.9,300,205200
20240125,11:34:42,3.9,50,205200
20240125,11:34:58,3.9,400,205200
20240125,11:35:22,3.9,1250,205200
20240125,11:35:31,3.9,550,205200
20240125,11:35:40,3.9,1250,205200
20240125,11:35:57,3.8,250,205200
20240125,11:36:06,3.85,50,205200
20240125,11:36:22,3.8,400,200300
20240125,11:36:30,3.8,300,200300
20240125,11:37:32,3.8,300,200300
20240125,11:37:40,3.7,250,200300
20240125,11:37:49,3.75,550,200300
20240125,11:38:20,3.75,1000,200300
20240125,11:38:28,3.75,150,200300
20240125,11:39:01,3.7,400,200300
20240125,11:39:11,3.55,350,200300
20240125,11:39:20,3.6,300,200650
20240125,11:39:29,3.6,150,200650
20240125,11:39:38,3.65,100,200650
20240125,11:39:47,3.65,50,200650
20240125,11:40:15,3.6,250,200650
20240125,11:40:34,3.45,450,200650
20240125,11:40:53,3.45,100,200650
20240125,11:41:37,3.45,350,200650
20240125,11:41:45,3.4,500,200650
20240125,11:41:53,3.45,50,200650
20240125,11:42:11,3.55,200,200650
20240125,11:42:20,3.5,1250,200500
20240125,11:42:29,3.5,550,200500
20240125,11:42:38,3.45,2100,200500
20240125,11:42:46,3.45,50,200500
20240125,11:42:54,3.45,400,200500
20240125,11:43:02,3.4,700,200500
20240125,11:43:10,3.4,600,200500
20240125,11:43:19,3.4,100,200500
20240125,11:43:28,3.4,950,200500
20240125,11:43:37,3.4,800,200500
20240125,11:44:21,3.2,100,200500
20240125,11:44:30,3.2,50,200500
20240125,11:44:39,3.25,750,200500
20240125,11:44:56,3.2,100,200500
20240125,11:45:03,3.3,50,200500
20240125,11:45:11,3.2,200,200500
20240125,11:45:21,3.3,50,196500
20240125,11:45:30,3.2,200,196500
20240125,11:45:38,3.3,250,196500
20240125,11:45:47,3.25,1600,196500
20240125,11:46:04,3.2,200,196500
20240125,11:46:28,3.3,550,196500
20240125,11:46:45,3.3,100,196500
20240125,11:46:53,3.25,450,196500
20240125,11:47:01,3.35,350,196500
20240125,11:47:09,3.3,400,196500
20240125,11:47:44,3.3,1100,196500
20240125,11:47:52,3.3,400,196500
20240125,11:47:59,3.3,800,196500
20240125,11:48:07,3.3,200,196500
20240125,11:48:15,3.3,450,196150
20240125,11:48:22,3.3,50,196150
20240125,11:48:37,3.3,100,196150
20240125,11:48:45,3.3,50,196150
20240125,11:48:52,3.25,600,196150
20240125,11:49:00,3.3,550,196150
20240125,11:49:16,3.35,50,196150
20240125,11:49:25,3.35,400,196150
20240125,11:49:34,3.25,1250,196150
20240125,11:49:51,3.25,700,196150
20240125,11:49:59,3.25,50,196150
20240125,11:50:15,3.3,1850,196150
20240125,11:50:25,3.3,950,196150
20240125,11:50:34,3.3,50,196150
20240125,11:50:42,3.25,150,196150
20240125,11:51:00,3.3,300,196150
20240125,11:51:08,3.3,650,196150
20240125,11:51:17,3.3,1200,193650
20240125,11:51:25,3.3,850,193650
20240125,11:51:34,3.3,50,193650
20240125,11:51:41,3.3,550,193650
20240125,11:51:50,3.3,1150,193650
20240125,11:52:07,3.45,1200,193650
20240125,11:52:15,3.35,250,193650
20240125,11:52:23,3.35,100,193650
20240125,11:52:48,3.3,250,193650
20240125,11:54:01,3.3,250,193650
20240125,11:54:24,3.3,150,193650
20240125,11:54:33,3.3,50,193200
20240125,11:55:13,3.3,500,193200
20240125,11:55:21,3.3,500,193200
20240125,11:55:30,3.35,1100,193200
20240125,11:55:39,3.35,100,193200
20240125,11:55:47,3.35,50,193200
20240125,11:55:54,3.3,1800,193200
20240125,11:56:41,3.35,50,193200
20240125,11:57:32,3.35,50,195150
20240125,11:58:37,3.3,700,195150
20240125,11:58:45,3.3,150,195150
20240125,11:59:02,3.3,1100,195150
20240125,11:59:17,3.25,550,195150
20240125,11:59:26,3.2,2150,195150
20240125,11:59:34,3.2,800,195150
20240125,12:00:21,3.15,50,193350
20240125,12:00:45,3.1,200,193350
20240125,12:00:54,3.15,1100,193350
20240125,12:01:03,3.25,50,193350
20240125,12:01:44,3.15,500,193350
20240125,12:01:53,3.15,3050,193350
20240125,12:02:17,3.15,550,193350
20240125,12:02:42,3.15,350,193350
20240125,12:02:50,3.15,1300,193350
20240125,12:03:06,3.15,50,193350
20240125,12:03:13,3.15,50,193350
20240125,12:03:36,3.15,50,192250
20240125,12:03:45,3.1,750,192250
20240125,12:03:52,3.15,1700,192250
20240125,12:04:00,3.1,900,192250
20240125,12:04:08,3.2,50,192250
20240125,12:04:16,3.2,650,192250
20240125,12:04:24,3.25,250,192250
20240125,12:04:33,3.25,250,192250
20240125,12:05:49,3.15,1000,192250
20240125,12:06:03,3.15,50,192250
20240125,12:06:18,3.1,2500,192250
20240125,12:06:50,3.15,100,197350
20240125,12:07:44,3.15,300,197350
20240125,12:08:26,3.05,1050,197350
20240125,12:08:34,3.15,400,197350
20240125,12:08:51,2.95,1000,197350
20240125,12:08:58,2.95,50,197350
20240125,12:09:14,3.05,50,197350
20240125,12:09:30,3.05,150,198200
20240125,12:10:10,3.05,50,198200
20240125,12:10:48,3.05,2050,198200
20240125,12:11:11,3.0,250,198200
20240125,12:12:12,3.0,100,198200
20240125,12:12:26,2.9,100,196500
20240125,12:13:04,2.9,450,196500
20240125,12:13:11,3.05,50,196500
20240125,12:13:38,3.0,100,196500
20240125,12:14:24,3.0,150,196500
20240125,12:14:31,2.95,1650,196500
20240125,12:14:57,2.95,550,196500
20240125,12:15:09,2.95,50,196500
20240125,12:15:40,3.0,150,197400
20240125,12:15:48,3.0,100,197400
20240125,12:15:57,3.0,50,197400
20240125,12:16:04,3.0,250,197400
20240125,12:16:11,3.05,250,197400
20240125,12:16:25,3.1,50,197400
20240125,12:16:33,3.05,1250,197400
20240125,12:16:40,3.1,400,197400
20240125,12:16:48,3.15,50,197400
20240125,12:17:11,3.15,550,197400
20240125,12:17:31,3.1,550,197400
20240125,12:17:38,3.1,450,197400
20240125,12:18:00,3.15,50,197400
20240125,12:18:07,3.15,100,197400
20240125,12:18:15,3.2,100,197400
20240125,12:19:54,3.0,50,197300
20240125,12:20:56,3.0,50,197300
20240125,12:21:04,3.05,500,197300
20240125,12:21:11,3.0,50,197300
20240125,12:22:20,3.05,250,196700
20240125,12:22:56,3.0,500,196700
20240125,12:23:03,3.05,300,196700
20240125,12:23:10,3.05,400,196700
20240125,12:23:39,3.05,50,196700
20240125,12:24:15,3.0,1800,196700
20240125,12:24:30,3.0,100,196550
20240125,12:24:39,3.0,850,196550
20240125,12:25:32,2.9,100,196550
20240125,12:25:47,2.9,50,196550
20240125,12:27:11,2.85,250,196550
20240125,12:29:11,2.7,50,196200
20240125,12:29:40,2.7,50,196200
20240125,12:29:55,2.75,50,196200
20240125,12:30:03,2.75,200,196200
20240125,12:30:10,2.75,1100,196200
20240125,12:30:54,2.75,50,196850
20240125,12:31:15,2.75,50,196850
20240125,12:31:31,2.75,50,196850
20240125,12:32:20,2.75,450,196850
20240125,12:32:36,2.8,200,196850
20240125,12:32:50,2.85,350,196850
20240125,12:34:36,2.85,350,196500
20240125,12:34:51,2.8,50,196500
20240125,12:35:06,2.8,1000,196500
20240125,12:35:20,2.8,100,196500
20240125,12:35:44,2.75,50,196500
20240125,12:35:52,2.8,800,196500
20240125,12:35:59,2.75,1250,196500
20240125,12:36:06,2.75,250,196500
20240125,12:36:14,2.7,2100,196500
20240125,12:36:22,2.7,50,196500
20240125,12:36:29,2.75,3650,200700
20240125,12:36:42,2.75,1800,200700
20240125,12:37:03,2.75,1850,200700
20240125,12:37:09,2.8,150,200700
20240125,12:37:15,2.7,1800,200700
20240125,12:37:23,2.75,100,200700
20240125,12:37:35,2.7,1800,200700
20240125,12:37:55,2.7,1800,200700
20240125,12:38:09,2.65,200,200700
20240125,12:38:31,2.65,1850,200700
20240125,12:38:39,2.7,50,200700
20240125,12:38:46,2.7,650,200700
20240125,12:39:01,2.7,200,200700
20240125,12:39:08,2.7,50,200700
20240125,12:39:16,2.7,400,200700
20240125,12:39:25,2.7,500,214100
20240125,12:39:47,2.75,50,214100
20240125,12:40:01,2.75,250,214100
20240125,12:40:09,2.7,2500,214100
20240125,12:40:24,2.7,350,214100
20240125,12:40:32,2.7,500,214100
20240125,12:40:47,2.75,250,214100
20240125,12:41:02,2.8,250,214100
20240125,12:41:10,2.85,900,214100
20240125,12:41:18,2.8,350,214100
20240125,12:41:33,2.8,150,214100
20240125,12:41:41,2.85,250,214100
20240125,12:41:48,2.8,1400,214100
20240125,12:42:15,2.75,350,214100
20240125,12:42:24,2.8,50,213250
20240125,12:43:16,2.8,200,213250
20240125,12:43:22,2.75,50,213250
20240125,12:44:23,2.75,50,213250
20240125,12:44:36,2.7,50,213250
20240125,12:45:05,2.75,500,213250
20240125,12:45:25,2.65,1000,213650
20240125,12:45:46,2.85,300,213650
20240125,12:46:00,2.75,400,213650
20240125,12:46:26,2.75,50,213650
20240125,12:46:39,2.7,50,213650
20240125,12:46:59,2.7,50,213650
20240125,12:47:26,2.65,200,213650
20240125,12:47:41,2.75,200,213650
20240125,12:47:48,2.75,100,213650
20240125,12:49:37,2.7,100,213350
20240125,12:50:13,2.05,16500,213350
20240125,12:50:21,2.65,2550,213350
20240125,12:50:29,2.65,300,213350
20240125,12:51:08,2.65,1000,213350
20240125,12:51:29,2.65,200,210050
20240125,12:52:42,2.7,50,210050
20240125,12:53:27,2.7,1000,210050
20240125,12:55:15,2.6,500,210050
20240125,12:55:41,2.65,50,210050
20240125,12:56:16,2.6,500,210050
20240125,12:56:32,2.65,50,210050
20240125,12:57:01,2.65,200,210050
20240125,12:57:08,2.65,50,210050
20240125,12:57:15,2.6,300,210050
20240125,12:59:02,2.65,700,210550
20240125,12:59:11,2.65,200,210550
20240125,13:00:32,2.65,650,210550
20240125,13:02:21,2.7,100,210550
20240125,13:02:43,2.65,100,210550
20240125,13:03:07,2.6,50,210550
20240125,13:03:33,2.65,100,211000
20240125,13:03:39,2.55,500,211000
20240125,13:05:37,2.65,2050,211000
20240125,13:05:44,2.6,250,211000
20240125,13:05:51,2.6,650,211000
20240125,13:05:58,2.6,550,211000
20240125,13:06:06,2.55,250,211000
20240125,13:06:14,2.45,1900,211000
20240125,13:06:50,2.6,800,209450
20240125,13:07:39,2.65,1250,209450
20240125,13:07:46,2.65,250,209450
20240125,13:07:52,2.6,50,209450
20240125,13:08:04,2.6,500,209450
20240125,13:08:32,2.65,300,209450
20240125,13:09:01,2.65,2350,209450
20240125,13:09:09,2.6,500,209450
20240125,13:10:14,2.6,50,209450
20240125,13:11:55,2.7,250,209450
20240125,13:12:02,2.8,50,209450
20240125,13:12:08,2.8,2100,209450
20240125,13:12:21,2.9,50,209450
20240125,13:12:28,2.9,1100,209850
20240125,13:12:36,2.9,600,209850
20240125,13:12:45,2.9,50,209850
20240125,13:12:52,2.85,1250,209850
20240125,13:13:05,2.85,350,209850
20240125,13:13:12,2.85,500,209850
20240125,13:13:51,2.85,50,209850
20240125,13:14:41,2.75,50,209850
20240125,13:14:48,2.75,50,209850
20240125,13:15:18,2.7,50,209850
20240125,13:16:02,2.65,550,210250
20240125,13:16:09,2.65,50,210250
20240125,13:16:16,2.65,50,210250
20240125,13:18:10,2.65,50,210250
20240125,13:18:32,2.65,400,210750
20240125,13:18:40,2.7,200,210750
20240125,13:19:21,2.65,2450,210750
20240125,13:19:27,2.7,300,210750
20240125,13:22:10,2.6,1000,208050
20240125,13:22:31,2.6,1150,208050
20240125,13:22:37,2.6,450,208050
20240125,13:22:44,2.65,3900,208050
20240125,13:23:12,2.65,50,208050
20240125,13:23:59,2.65,1000,208050
20240125,13:24:33,2.65,500,208050
20240125,13:25:13,2.7,150,208050
20240125,13:26:46,2.75,100,208050
20240125,13:26:54,2.7,50,208050
20240125,13:27:22,2.7,100,208050
20240125,13:27:28,2.75,500,208550
20240125,13:27:58,2.75,50,208550
20240125,13:28:39,2.75,400,208550
20240125,13:30:33,2.75,450,208550
20240125,13:30:41,2.75,250,208550
20240125,13:30:56,2.75,200,208550
20240125,13:31:03,2.7,200,208550
20240125,13:31:39,2.75,50,208550
20240125,13:32:03,2.8,500,208550
20240125,13:32:19,2.85,1950,208550
20240125,13:32:26,2.85,1500,208550
20240125,13:33:58,2.75,2350,210300
20240125,13:34:07,2.75,250,210300
20240125,13:34:15,2.8,900,210300
20240125,13:36:02,2.8,50,210300
20240125,13:36:36,2.8,50,209850
20240125,13:36:49,2.8,100,209850
20240125,13:36:55,2.8,950,209850
20240125,13:37:01,2.8,50,209850
20240125,13:38:04,2.8,200,209850
20240125,13:38:24,2.8,50,209850
20240125,13:38:37,2.8,50,209850
20240125,13:38:50,2.8,50,209850
20240125,13:39:24,2.75,600,209850
20240125,13:39:32,2.75,50,208850
20240125,13:39:53,2.75,1550,208850
20240125,13:41:06,2.8,100,208850
20240125,13:41:13,2.8,50,208850
20240125,13:41:50,2.8,200,208850
20240125,13:42:17,2.8,200,208850
20240125,13:42:24,2.85,50,208850
20240125,13:42:30,2.85,150,208750
20240125,13:42:37,2.85,2450,208750
20240125,13:42:48,2.85,150,208750
20240125,13:42:54,2.85,50,208750
20240125,13:43:01,2.85,50,208750
20240125,13:43:07,2.9,100,208750
20240125,13:43:14,2.85,100,208750
20240125,13:44:54,2.85,200,208750
20240125,13:45:56,2.85,100,209950
20240125,13:46:04,2.85,100,209950
20240125,13:47:26,2.9,2550,209950
20240125,13:48:03,2.85,450,209950
20240125,13:48:10,2.9,2150,209950
20240125,13:50:08,2.9,100,212500
20240125,13:50:23,3.0,650,212500
20240125,13:50:39,2.95,1000,212500
20240125,13:50:53,2.95,150,212500
20240125,13:51:08,2.95,50,212500
20240125,13:51:16,2.95,1800,212500
20240125,13:51:32,2.95,1150,212250
20240125,13:51:41,3.0,300,212250
20240125,13:52:53,3.05,2700,212250
20240125,13:53:17,3.1,1800,212250
20240125,13:53:24,3.1,100,212250
20240125,13:53:31,3.1,1350,212250
20240125,13:54:00,3.1,50,212250
20240125,13:54:56,3.1,300,210650
20240125,13:56:05,3.1,50,210650
20240125,13:56:12,3.1,50,210650
20240125,13:56:20,3.05,250,210650
20240125,13:56:37,3.05,250,210650
20240125,13:56:52,3.05,250,210650
20240125,13:57:00,3.05,50,210650
20240125,13:58:23,3.05,1100,210100
20240125,13:58:39,3.0,50,210100
20240125,13:58:55,2.95,500,210100
20240125,13:59:03,3.0,50,210100
20240125,13:59:56,3.0,850,210100
20240125,14:00:42,3.05,50,211150
20240125,14:02:47,3.05,750,211150
20240125,14:03:02,3.15,2150,211150
20240125,14:03:10,3.15,150,211150
20240125,14:03:56,3.05,500,211950
20240125,14:05:25,3.0,100,211950
20240125,14:05:39,3.05,50,211950
20240125,14:05:46,3.1,300,211950
20240125,14:06:01,3.0,550,211950
20240125,14:06:22,3.05,1850,211950
20240125,14:06:37,3.05,50,212300
20240125,14:07:00,3.05,100,212300
20240125,14:07:53,3.1,650,212300
20240125,14:08:23,3.1,3350,212300
20240125,14:08:51,3.05,50,212300
20240125,14:10:19,3.0,50,214550
20240125,14:10:26,3.05,50,214550
20240125,14:10:46,3.05,50,214550
20240125,14:11:34,3.05,1100,214550
20240125,14:12:34,3.05,2200,214650
20240125,14:12:41,3.1,350,214650
20240125,14:12:49,3.1,850,214650
20240125,14:13:11,3.1,50,214650
20240125,14:13:17,3.15,2700,214650
20240125,14:13:32,3.2,3800,214650
20240125,14:14:05,3.2,1950,214650
20240125,14:15:19,3.25,250,214650
20240125,14:15:26,3.25,250,214650
20240125,14:15:48,3.25,250,220900
20240125,14:16:02,3.3,3800,220900
20240125,14:16:08,3.3,50,220900
20240125,14:16:14,3.3,4550,220900
20240125,14:16:22,3.3,350,220900
20240125,14:16:34,3.3,400,220900
20240125,14:17:01,3.35,50,220900
20240125,14:17:07,3.4,3350,220900
20240125,14:17:13,3.35,2200,220900
20240125,14:17:26,3.35,50,220900
20240125,14:17:39,3.35,3600,220900
20240125,14:17:53,3.4,1600,220900
20240125,14:18:25,3.4,3300,220900
20240125,14:18:32,3.4,450,220900
20240125,14:18:39,3.4,3150,229250
20240125,14:18:53,3.5,3050,229250
20240125,14:19:07,3.45,50,229250
20240125,14:19:20,3.45,450,229250
20240125,14:19:59,3.4,500,229250
20240125,14:20:19,3.4,400,229250
20240125,14:21:04,3.45,2750,229250
20240125,14:21:24,3.4,650,229250
20240125,14:21:31,3.45,2400,229250
20240125,14:21:43,3.45,500,232900
20240125,14:21:55,3.5,150,232900
20240125,14:22:22,3.45,9450,232900
20240125,14:22:30,3.45,1300,232900
20240125,14:22:37,3.55,2150,232900
20240125,14:22:44,3.55,400,232900
20240125,14:22:51,3.4,58050,232900
20240125,14:22:58,3.35,2500,232900
20240125,14:23:05,3.35,2750,232900
20240125,14:23:12,3.3,3000,232900
20240125,14:23:18,3.3,1600,232900
20240125,14:23:24,3.4,5450,232900
20240125,14:23:30,3.35,500,232900
20240125,14:23:37,3.35,500,232900
20240125,14:23:44,3.4,800,232900
20240125,14:24:33,3.25,1800,232900
20240125,14:24:39,3.3,1800,223450
20240125,14:25:05,3.25,200,223450
20240125,14:26:16,3.2,1800,223450
20240125,14:26:23,3.25,1050,223450
20240125,14:26:34,3.25,1850,223450
20240125,14:26:40,3.25,400,223450
20240125,14:26:47,3.2,50,223450
20240125,14:26:54,3.2,1450,223450
20240125,14:27:08,3.15,2200,223450
20240125,14:27:15,3.1,5550,223450
20240125,14:27:22,3.15,1550,223450
20240125,14:27:29,3.05,5050,223450
20240125,14:27:42,3.15,250,223400
20240125,14:28:01,3.1,2250,223400
20240125,14:28:08,3.1,2500,223400
20240125,14:28:14,3.1,50,223400
20240125,14:28:20,3.1,50,223400
20240125,14:28:26,3.0,4400,223400
20240125,14:28:33,3.0,1350,223400
20240125,14:28:39,2.95,3300,223400
20240125,14:28:58,2.95,1950,223400
20240125,14:29:04,2.9,950,223400
20240125,14:29:12,2.95,1700,223400
20240125,14:29:20,2.95,1900,223400
20240125,14:29:27,2.95,150,223400
20240125,14:29:48,2.95,250,223400
