date,time,tick_price,volume,open_interest
20231218,09:17:51,37.25,50,900
20231218,09:18:14,36.3,100,900
20231218,09:19:55,38.35,850,900
20231218,09:19:55,36.3,850,900
20231218,09:20:28,36.65,50,900
20231218,09:21:22,36.65,50,900
20231218,09:21:32,36.65,350,900
20231218,09:22:16,36.65,150,900
20231218,09:22:27,37.0,50,900
20231218,09:22:37,37.0,1050,900
20231218,09:22:47,38.15,100,900
20231218,09:23:58,40.25,100,2150
20231218,09:24:20,41.2,100,2150
20231218,09:24:30,41.2,50,2150
20231218,09:24:52,42.2,200,2150
20231218,09:25:04,41.4,100,2150
20231218,09:25:25,41.4,200,2150
20231218,09:26:26,43.0,50,2150
20231218,09:27:25,45.55,100,2650
20231218,09:27:35,45.55,500,2650
20231218,09:27:45,44.0,100,2650
20231218,09:27:54,38.55,100,2650
20231218,09:29:17,44.9,250,2650
20231218,09:29:35,45.0,950,2650
20231218,09:29:44,45.0,50,3700
20231218,09:30:49,46.65,100,3700
20231218,09:31:09,46.65,350,3700
20231218,09:31:29,45.05,250,3700
20231218,09:31:38,44.05,50,3700
20231218,09:32:26,44.0,100,3700
20231218,09:32:45,44.05,350,4450
20231218,09:33:03,43.65,100,4450
20231218,09:33:22,43.0,150,4450
20231218,09:33:41,43.0,250,4450
20231218,09:33:51,44.2,350,4450
20231218,09:34:09,42.85,100,4450
20231218,09:34:15,42.95,300,4450
20231218,09:34:23,42.7,400,4450
20231218,09:34:24,42.5,1550,4450
20231218,09:34:25,42.5,100,4450
20231218,09:34:26,42.45,800,4450
20231218,09:34:27,42.4,100,4450
20231218,09:34:28,42.45,300,4450
20231218,09:34:29,42.4,100,4450
20231218,09:34:30,42.3,750,4450
20231218,09:34:31,42.0,1400,4450
20231218,09:34:32,41.85,450,4450
20231218,09:34:33,41.8,250,4450
20231218,09:34:34,42.05,250,4450
20231218,09:34:35,42.85,100,4450
20231218,09:34:42,42.15,150,4450
20231218,09:34:42,42.0,100,4450
20231218,09:34:43,42.25,50,4450
20231218,09:34:44,42.4,200,4450
20231218,09:34:45,41.95,200,4450
20231218,09:34:46,41.75,200,4450
20231218,09:34:48,40.45,100,4450
20231218,09:34:54,41.2,50,4450
20231218,09:34:57,41.7,450,4450
20231218,09:34:57,41.7,200,4450
20231218,09:34:59,41.6,200,4450
20231218,09:34:59,41.5,50,4450
20231218,09:35:00,41.85,150,4450
20231218,09:35:01,41.9,100,4450
20231218,09:35:06,40.15,100,4450
20231218,09:35:26,40.8,100,4450
20231218,09:35:44,40.8,1200,12600
20231218,09:35:50,41.05,400,12600
20231218,09:35:51,42.05,150,12600
20231218,09:36:06,42.05,50,12600
20231218,09:36:17,40.9,100,12600
20231218,09:36:26,41.7,150,12600
20231218,09:36:37,42.7,250,12600
20231218,09:36:49,42.65,300,12600
20231218,09:37:00,42.0,250,12600
20231218,09:38:06,42.2,200,12600
20231218,09:38:18,42.2,300,12600
20231218,09:38:28,41.5,2550,12600
20231218,09:38:39,41.75,1550,17400
20231218,09:38:50,41.7,350,17400
20231218,09:39:15,42.15,50,17400
20231218,09:40:41,42.1,100,17400
20231218,09:40:59,42.2,100,17400
20231218,09:41:08,42.5,200,17400
20231218,09:41:27,42.55,100,17400
20231218,09:41:37,42.5,500,17400
20231218,09:41:49,42.7,150,17350
20231218,09:41:59,42.6,300,17350
20231218,09:42:45,42.3,50,17350
20231218,09:42:54,42.3,50,17350
20231218,09:43:21,42.5,50,17350
20231218,09:45:41,43.55,100,17250
20231218,09:46:19,43.65,500,17250
20231218,09:47:15,43.9,300,17250
20231218,09:47:24,43.7,250,17250
20231218,09:47:33,43.6,250,17250
20231218,09:50:39,44.75,500,18000
20231218,09:50:56,44.35,200,18000
20231218,09:51:41,44.6,200,18000
20231218,09:51:50,44.55,100,18000
20231218,09:51:59,44.55,50,18000
20231218,09:52:08,44.8,250,18000
20231218,09:52:17,44.9,500,18000
20231218,09:52:34,44.8,100,18000
20231218,09:52:52,44.4,650,18000
20231218,09:53:01,44.0,100,18000
20231218,09:53:10,44.15,200,18000
20231218,09:53:36,44.05,300,18000
20231218,09:54:12,43.65,400,19300
20231218,09:55:05,43.95,100,19300
20231218,09:56:27,43.95,400,19300
20231218,09:57:54,44.0,50,18900
20231218,09:59:19,43.9,1000,18900
20231218,09:59:28,44.0,50,18900
20231218,09:59:38,43.8,100,18900
20231218,09:59:48,44.0,50,19300
20231218,10:00:16,44.2,200,19300
20231218,10:00:25,44.3,200,19300
20231218,10:00:34,44.5,350,19300
20231218,10:00:44,44.9,1700,19300
20231218,10:01:34,44.4,500,19300
20231218,10:02:26,45.0,50,19300
20231218,10:04:06,46.0,500,21450
20231218,10:04:25,46.15,100,21450
20231218,10:05:04,46.15,50,21450
20231218,10:05:14,46.55,1500,21450
20231218,10:05:24,46.5,100,21450
20231218,10:05:54,46.0,300,22000
20231218,10:06:04,46.05,50,22000
20231218,10:07:03,45.5,100,22000
20231218,10:07:50,46.0,150,22000
20231218,10:09:19,45.8,50,22350
20231218,10:09:29,46.0,250,22350
20231218,10:09:38,46.05,1000,22350
20231218,10:09:47,46.0,250,22350
20231218,10:10:15,45.7,50,22350
20231218,10:11:11,46.0,50,22350
20231218,10:12:09,46.05,300,23100
20231218,10:12:19,46.0,300,23100
20231218,10:12:30,45.8,50,23100
20231218,10:12:57,46.0,150,23100
20231218,10:13:35,45.95,50,23100
20231218,10:13:44,46.1,50,23100
20231218,10:15:39,46.15,50,23100
20231218,10:16:28,46.25,100,23100
20231218,10:17:07,47.15,50,23100
20231218,10:17:55,47.15,200,23050
20231218,10:18:41,46.0,50,23050
20231218,10:18:59,45.8,750,23050
20231218,10:21:41,45.65,50,23050
20231218,10:23:29,45.8,50,23050
20231218,10:27:27,46.65,100,23100
20231218,10:28:03,46.9,50,23100
20231218,10:28:13,46.85,50,23100
20231218,10:29:32,48.75,200,23100
20231218,10:30:02,48.85,200,23300
20231218,10:31:50,48.85,1200,23300
20231218,10:32:27,48.8,350,23300
20231218,10:33:03,49.0,300,24650
20231218,10:33:21,49.0,200,24650
20231218,10:33:30,49.0,1450,24650
20231218,10:33:39,48.75,250,24650
20231218,10:33:57,49.2,1200,24650
20231218,10:34:05,49.45,350,24650
20231218,10:34:14,49.45,300,24650
20231218,10:35:15,49.0,50,24650
20231218,10:36:23,48.05,250,27350
20231218,10:37:40,48.5,50,27350
20231218,10:37:59,47.95,200,27350
20231218,10:38:10,47.35,700,27350
20231218,10:38:21,46.35,12000,27350
20231218,10:39:15,45.7,12500,36550
20231218,10:40:11,46.0,450,36550
20231218,10:40:29,45.95,5950,36550
20231218,10:40:40,46.0,600,36550
20231218,10:40:50,46.05,50,36550
20231218,10:42:28,46.4,50,49200
20231218,10:42:37,46.3,50,49200
20231218,10:43:03,46.4,250,49200
20231218,10:43:13,46.0,100,49200
20231218,10:43:22,46.0,300,49200
20231218,10:45:05,46.25,250,49250
20231218,10:45:31,45.6,4000,49250
20231218,10:47:53,45.6,50,53100
20231218,10:49:00,45.55,200,53100
20231218,10:52:21,46.0,50,53100
20231218,10:52:57,46.35,500,53100
20231218,10:53:25,46.4,250,53100
20231218,10:54:00,46.4,50,53350
20231218,10:54:18,46.45,250,53350
20231218,10:54:36,46.5,50,53350
20231218,10:55:12,46.95,500,53350
20231218,10:55:29,46.9,200,53350
20231218,10:56:38,46.6,100,53350
20231218,10:57:22,46.75,50,53500
20231218,10:57:30,46.95,100,53500
20231218,10:57:55,46.6,650,53500
20231218,10:59:04,46.65,50,53500
20231218,10:59:12,46.95,200,53500
20231218,10:59:29,46.65,50,53500
20231218,10:59:38,46.5,1150,53500
20231218,10:59:47,46.6,150,53500
20231218,10:59:56,46.2,450,55200
20231218,11:00:56,46.65,250,55200
20231218,11:02:02,46.7,250,55200
20231218,11:04:32,46.6,50,55650
20231218,11:05:05,46.6,50,55650
20231218,11:06:02,46.9,150,55650
20231218,11:06:10,46.85,100,55650
20231218,11:06:26,47.05,450,55650
20231218,11:06:34,47.1,200,55650
20231218,11:06:41,47.05,50,55650
20231218,11:07:06,47.05,50,55650
20231218,11:07:14,47.1,300,55650
20231218,11:07:54,47.15,250,55650
20231218,11:08:02,47.1,100,55650
20231218,11:08:10,47.1,150,55650
20231218,11:08:18,47.1,100,55650
20231218,11:09:00,47.65,700,55300
20231218,11:09:10,47.75,650,55300
20231218,11:09:20,47.6,650,55300
20231218,11:09:29,47.5,1650,55300
20231218,11:09:39,47.7,250,55300
20231218,11:11:20,47.45,50,55300
20231218,11:11:55,47.45,250,55250
20231218,11:12:23,47.55,50,55250
20231218,11:12:49,47.5,50,55250
20231218,11:12:59,47.45,50,55250
20231218,11:14:05,47.7,250,55250
20231218,11:14:31,47.8,50,55250
20231218,11:15:22,47.95,150,55200
20231218,11:15:31,48.3,50,55200
20231218,11:16:06,48.05,50,55200
20231218,11:16:31,48.05,50,55200
20231218,11:17:22,48.05,50,55200
20231218,11:17:56,48.0,400,55200
20231218,11:19:04,48.2,150,55200
20231218,11:19:46,48.25,100,55200
20231218,11:20:52,48.2,500,55200
20231218,11:22:22,48.0,50,55000
20231218,11:22:31,48.05,100,55000
20231218,11:24:15,47.9,600,55100
20231218,11:24:24,48.05,100,55100
20231218,11:25:06,48.0,100,55100
20231218,11:25:32,48.15,50,55100
20231218,11:26:21,47.85,50,55100
20231218,11:27:02,48.0,50,55500
20231218,11:27:11,48.0,200,55500
20231218,11:29:30,48.2,50,55500
20231218,11:30:30,48.25,50,55550
20231218,11:30:38,48.35,50,55550
20231218,11:31:04,48.85,150,55550
20231218,11:31:12,48.5,200,55550
20231218,11:32:35,48.5,300,55550
20231218,11:33:31,48.55,50,56000
20231218,11:36:01,48.75,50,56050
20231218,11:37:01,49.0,600,56050
20231218,11:37:09,49.05,100,56050
20231218,11:37:50,49.15,50,56050
20231218,11:37:57,49.0,50,56050
20231218,11:39:20,49.25,100,56900
20231218,11:39:48,49.0,600,56900
20231218,11:40:41,49.0,50,56900
20231218,11:40:49,49.0,250,56900
20231218,11:40:58,49.0,850,56900
20231218,11:41:06,49.0,250,56900
20231218,11:41:14,49.0,100,56900
20231218,11:41:46,49.0,550,56900
20231218,11:41:54,49.0,1500,57800
20231218,11:42:01,49.0,600,57800
20231218,11:42:09,49.05,50,57800
20231218,11:42:24,49.0,550,57800
20231218,11:42:32,49.1,250,57800
20231218,11:43:22,49.05,50,57800
20231218,11:44:06,49.0,2450,57800
20231218,11:44:14,49.0,1750,57800
20231218,11:44:29,49.0,1750,57800
20231218,11:44:37,49.0,300,57800
20231218,11:44:44,49.0,250,57800
20231218,11:44:52,49.05,400,57800
20231218,11:45:09,49.0,1800,62250
20231218,11:45:17,49.0,750,62250
20231218,11:45:26,49.0,50,62250
20231218,11:45:43,49.15,50,62250
20231218,11:45:58,49.0,50,62250
20231218,11:46:06,49.0,150,62250
20231218,11:46:14,49.0,550,62250
20231218,11:46:38,49.0,2100,62250
20231218,11:47:03,49.0,50,62250
20231218,11:47:42,48.75,200,62250
20231218,11:48:56,48.8,1700,65350
20231218,11:49:07,48.8,50,65350
20231218,11:49:15,48.95,50,65350
20231218,11:49:24,48.8,200,65350
20231218,11:49:47,48.85,50,65350
20231218,11:50:13,48.8,100,65350
20231218,11:50:39,48.8,250,65350
20231218,11:51:04,48.8,50,66950
20231218,11:51:13,48.8,1800,66950
20231218,11:51:46,48.8,300,66950
20231218,11:52:41,48.75,200,66950
20231218,11:53:21,48.8,100,66950
20231218,11:53:53,48.85,150,66950
20231218,11:54:01,48.8,100,68850
20231218,11:54:09,48.75,50,68850
20231218,11:54:17,48.85,100,68850
20231218,11:54:40,48.9,50,68850
20231218,11:54:57,48.75,50,68850
20231218,11:55:13,48.75,1500,68850
20231218,11:55:47,48.8,300,68850
20231218,11:56:03,48.75,750,68850
20231218,11:56:12,48.75,1300,68850
20231218,11:56:20,48.75,1800,68850
20231218,11:56:29,48.75,500,68850
20231218,11:57:04,48.75,3150,74250
20231218,11:57:12,48.85,50,74250
20231218,11:57:21,48.85,300,74250
20231218,11:57:29,48.9,150,74250
20231218,11:58:02,48.85,50,74250
20231218,11:58:11,48.85,300,74250
20231218,11:58:19,48.75,500,74250
20231218,11:58:28,48.8,600,74250
20231218,11:58:37,48.75,2000,74250
20231218,11:58:54,48.8,3800,74250
20231218,11:59:03,48.8,50,74250
20231218,11:59:11,48.8,50,74250
20231218,11:59:20,48.85,50,74250
20231218,11:59:28,48.75,50,74250
20231218,11:59:37,48.55,2700,74250
20231218,11:59:47,48.6,2200,74250
20231218,11:59:57,48.6,50,74250
20231218,12:00:25,48.55,1850,82400
20231218,12:00:35,48.6,250,82400
20231218,12:01:29,48.8,1350,82400
20231218,12:05:26,49.1,150,83250
20231218,12:07:23,49.2,50,83250
20231218,12:07:31,49.2,150,83250
20231218,12:07:39,49.0,50,83250
20231218,12:07:47,49.0,150,83250
20231218,12:07:55,49.0,50,83250
20231218,12:08:29,49.05,150,83250
20231218,12:09:18,48.8,600,82650
20231218,12:09:27,48.8,200,82650
20231218,12:10:28,48.6,250,82650
20231218,12:11:10,48.6,250,82650
20231218,12:11:57,48.55,800,82550
20231218,12:12:51,48.6,100,82550
20231218,12:12:59,48.65,50,82550
20231218,12:13:38,48.8,100,82550
20231218,12:13:54,48.8,50,82550
20231218,12:14:02,48.7,100,82550
20231218,12:14:35,49.0,300,82550
20231218,12:15:16,48.85,50,82900
20231218,12:15:24,49.0,150,82900
20231218,12:15:33,49.15,400,82900
20231218,12:16:23,49.2,100,82900
20231218,12:17:05,49.2,150,82900
20231218,12:17:37,49.0,100,82900
20231218,12:20:02,48.75,250,83000
20231218,12:20:19,48.75,100,83000
20231218,12:20:43,48.65,50,83000
20231218,12:20:59,48.65,50,83000
20231218,12:21:30,48.7,50,82950
20231218,12:22:04,48.85,50,82950
20231218,12:22:46,48.7,300,82950
20231218,12:22:54,48.9,100,82950
20231218,12:23:24,49.0,50,82950
20231218,12:24:30,48.6,200,83200
20231218,12:25:51,48.6,50,83200
20231218,12:26:37,48.55,50,83200
20231218,12:27:02,48.6,50,83200
20231218,12:27:26,48.55,300,83300
20231218,12:27:56,48.8,1200,83300
20231218,12:28:44,48.55,2700,83300
20231218,12:28:57,48.55,4150,83300
20231218,12:29:07,48.55,4800,83300
20231218,12:29:18,48.6,350,83300
20231218,12:29:37,48.5,1100,83300
20231218,12:29:48,48.55,20050,83300
20231218,12:29:59,48.5,3250,83300
20231218,12:30:09,48.6,1100,104900
20231218,12:30:29,48.45,250,104900
20231218,12:30:39,48.5,100,104900
20231218,12:30:57,48.75,400,104900
20231218,12:31:07,48.85,450,104900
20231218,12:31:34,48.85,150,104900
20231218,12:32:01,48.85,150,104900
20231218,12:32:10,48.9,100,104900
20231218,12:32:20,48.6,150,104900
20231218,12:32:29,48.8,250,104900
20231218,12:33:04,48.85,200,103200
20231218,12:33:13,48.75,250,103200
20231218,12:33:39,48.95,100,103200
20231218,12:34:06,48.7,200,103200
20231218,12:35:48,49.0,1550,103200
20231218,12:35:57,49.0,350,103200
20231218,12:36:05,49.1,50,102500
20231218,12:36:14,49.25,650,102500
20231218,12:36:22,49.25,350,102500
20231218,12:36:45,49.15,100,102500
20231218,12:37:47,49.0,100,102500
20231218,12:37:55,49.05,100,102500
20231218,12:38:56,49.0,250,102500
20231218,12:40:05,48.8,150,102300
20231218,12:40:12,48.9,100,102300
20231218,12:40:21,48.8,150,102300
20231218,12:40:29,48.8,50,102300
20231218,12:40:36,48.9,50,102300
20231218,12:41:25,48.9,100,102300
20231218,12:43:21,48.45,50,102350
20231218,12:43:38,48.45,200,102350
20231218,12:44:02,48.6,150,102350
20231218,12:44:36,48.8,200,102350
20231218,12:45:00,48.75,50,102400
20231218,12:46:03,48.9,150,102400
20231218,12:46:12,49.3,200,102400
20231218,12:46:47,48.85,200,102400
20231218,12:49:09,48.15,450,102550
20231218,12:50:40,48.45,650,102550
20231218,12:50:56,48.0,200,102550
20231218,12:51:12,47.9,50,102750
20231218,12:51:20,47.75,50,102750
20231218,12:51:37,47.85,50,102750
20231218,12:51:45,47.5,50,102750
20231218,12:52:41,48.05,50,102750
20231218,12:53:48,47.9,100,102750
20231218,12:54:17,47.75,100,102650
20231218,12:55:21,48.0,250,102650
20231218,12:56:19,47.2,550,102650
20231218,12:56:34,47.25,250,102650
20231218,12:58:24,47.55,300,102900
20231218,12:59:14,47.4,150,102900
20231218,12:59:29,47.3,200,102900
20231218,13:00:21,47.4,250,102800
20231218,13:00:28,47.4,400,102800
20231218,13:00:42,47.35,50,102800
20231218,13:00:50,47.55,100,102800
20231218,13:00:58,47.55,150,102800
20231218,13:01:07,47.4,200,102800
20231218,13:01:15,47.25,600,102800
20231218,13:02:20,47.15,50,102800
20231218,13:02:59,47.25,50,102800
20231218,13:03:30,46.85,1000,102800
20231218,13:03:48,47.0,50,102800
20231218,13:03:56,46.8,100,102800
20231218,13:04:05,46.95,50,102800
20231218,13:04:21,47.05,50,102800
20231218,13:04:28,47.1,250,102800
20231218,13:04:37,47.15,100,102800
20231218,13:04:53,46.9,50,102800
20231218,13:05:00,46.75,200,102800
20231218,13:05:08,47.0,250,102800
20231218,13:05:16,46.8,50,102800
20231218,13:05:25,46.6,200,102800
20231218,13:05:32,46.65,100,102800
20231218,13:05:41,46.55,50,102800
20231218,13:06:04,46.5,500,102800
20231218,13:07:10,46.25,50,102550
20231218,13:07:27,46.3,50,102550
20231218,13:08:41,46.0,400,102550
20231218,13:09:23,46.3,100,102450
20231218,13:09:31,46.3,500,102450
20231218,13:09:48,46.25,500,102450
20231218,13:10:37,46.5,50,102450
20231218,13:13:00,46.1,150,103000
20231218,13:13:36,45.75,200,103000
20231218,13:14:58,46.0,50,103000
20231218,13:15:22,46.25,150,102900
20231218,13:16:01,46.3,100,102900
20231218,13:16:18,46.45,100,102900
20231218,13:16:34,46.6,50,102900
20231218,13:16:50,46.7,100,102900
20231218,13:17:31,47.05,100,102900
20231218,13:18:23,46.9,200,102850
20231218,13:18:31,46.8,250,102850
20231218,13:18:38,46.9,150,102850
20231218,13:18:45,46.95,150,102850
20231218,13:19:00,46.9,50,102850
20231218,13:19:07,46.95,200,102850
20231218,13:19:14,46.95,100,102850
20231218,13:19:28,47.0,250,102850
20231218,13:19:49,47.05,100,102850
20231218,13:20:23,47.15,100,102850
20231218,13:20:57,47.05,100,102850
20231218,13:21:05,47.4,350,102850
20231218,13:21:13,47.2,50,102900
20231218,13:21:20,47.3,100,102900
20231218,13:21:29,47.6,300,102900
20231218,13:21:37,47.45,100,102900
20231218,13:22:08,47.15,200,102900
20231218,13:23:44,47.3,150,102900
20231218,13:27:18,47.3,50,102750
20231218,13:28:59,47.6,50,102750
20231218,13:29:27,47.7,50,102750
20231218,13:29:51,48.1,100,102750
20231218,13:30:01,48.25,100,102750
20231218,13:30:09,48.0,50,102850
20231218,13:30:42,47.85,50,102850
20231218,13:30:58,47.9,50,102850
20231218,13:32:09,47.8,500,102850
20231218,13:32:17,47.8,300,102850
20231218,13:32:25,48.0,500,102850
20231218,13:32:34,47.6,250,102850
20231218,13:32:42,48.05,50,102850
20231218,13:33:14,47.8,150,103100
20231218,13:34:46,47.45,100,103100
20231218,13:35:41,47.3,700,103100
20231218,13:36:30,47.35,250,103850
20231218,13:36:47,47.3,50,103850
20231218,13:37:02,47.35,150,103850
20231218,13:37:49,47.45,100,103850
20231218,13:37:56,47.4,50,103850
20231218,13:39:19,48.3,1800,103850
20231218,13:39:34,47.9,100,103850
20231218,13:40:43,47.65,50,103850
20231218,13:40:59,47.95,50,103850
20231218,13:42:13,47.7,50,105500
20231218,13:44:20,47.6,50,105500
20231218,13:44:28,47.7,50,105500
20231218,13:47:03,47.9,50,105400
20231218,13:47:18,47.9,100,105400
20231218,13:50:49,47.8,50,105350
20231218,13:50:57,47.8,50,105350
20231218,13:51:36,48.1,100,105350
20231218,13:51:59,47.85,100,105350
20231218,13:52:07,47.85,50,105350
20231218,13:55:00,47.85,50,105400
20231218,13:55:08,47.75,200,105400
20231218,13:55:23,47.8,50,105400
20231218,13:55:54,47.85,100,105400
20231218,13:56:46,47.75,200,105400
20231218,13:56:53,47.6,1700,105400
20231218,13:57:16,47.7,100,105450
20231218,13:57:23,47.8,150,105450
20231218,13:57:30,47.55,1550,105450
20231218,13:57:37,47.7,400,105450
20231218,13:57:43,47.45,1650,105450
20231218,13:57:51,47.6,300,105450
20231218,13:57:58,47.55,1050,105450
20231218,13:58:06,47.3,1800,105450
20231218,13:58:13,47.45,1200,105450
20231218,13:58:21,47.4,100,105450
20231218,13:58:28,47.25,900,105450
20231218,13:58:36,47.4,350,105450
20231218,13:58:43,47.25,350,105450
20231218,13:58:50,47.15,500,105450
20231218,13:58:57,47.15,300,105450
20231218,13:59:04,47.15,300,105450
20231218,13:59:12,46.9,150,105450
20231218,13:59:20,46.7,300,105450
20231218,13:59:27,46.75,500,105450
20231218,13:59:35,46.85,150,105450
20231218,13:59:49,46.8,100,105450
20231218,13:59:56,46.75,150,105450
20231218,14:00:03,46.8,50,105450
20231218,14:00:18,46.75,50,105450
20231218,14:00:26,46.9,50,108550
20231218,14:00:48,46.75,350,108550
20231218,14:00:55,46.75,50,108550
20231218,14:01:02,46.7,100,108550
20231218,14:01:24,46.9,800,108550
20231218,14:01:31,46.9,150,108550
20231218,14:01:39,46.65,700,108550
20231218,14:01:47,46.7,4950,108550
20231218,14:01:55,46.6,1250,108550
20231218,14:02:03,46.45,3700,108550
20231218,14:02:11,46.7,1350,108550
20231218,14:02:19,46.65,1900,108550
20231218,14:02:27,46.6,900,108550
20231218,14:02:36,46.8,900,108550
20231218,14:02:45,46.9,650,108550
20231218,14:02:53,46.85,250,108550
20231218,14:03:01,47.0,750,108550
20231218,14:03:10,47.05,150,108550
20231218,14:03:18,46.9,250,115750
20231218,14:03:27,47.0,700,115750
20231218,14:03:35,46.8,650,115750
20231218,14:03:44,46.75,350,115750
20231218,14:03:52,46.85,550,115750
20231218,14:04:01,46.85,750,115750
20231218,14:04:10,46.9,600,115750
20231218,14:04:18,47.1,1800,115750
20231218,14:04:26,47.15,650,115750
20231218,14:04:43,46.9,1650,115750
20231218,14:04:51,47.05,750,115750
20231218,14:04:59,47.05,150,115750
20231218,14:05:07,47.0,100,115750
20231218,14:05:15,47.05,200,115750
20231218,14:05:23,47.15,50,115750
20231218,14:05:31,46.95,3400,115750
20231218,14:05:38,46.8,600,115750
20231218,14:05:46,46.9,900,115750
20231218,14:05:54,46.95,450,115750
20231218,14:06:03,46.75,1550,115750
20231218,14:06:11,46.6,400,115750
20231218,14:06:19,46.6,1550,119800
20231218,14:06:27,46.45,2350,119800
20231218,14:06:36,46.2,3400,119800
20231218,14:06:44,46.2,2850,119800
20231218,14:06:52,46.2,900,119800
20231218,14:07:00,46.05,250,119800
20231218,14:07:08,46.15,700,119800
20231218,14:07:16,46.0,200,119800
20231218,14:07:23,46.15,750,119800
20231218,14:07:31,46.2,600,119800
20231218,14:07:39,46.05,550,119800
20231218,14:07:47,46.0,300,119800
20231218,14:07:55,46.1,700,119800
20231218,14:08:03,46.0,300,119800
20231218,14:08:10,45.95,400,119800
20231218,14:08:18,46.05,300,119800
20231218,14:08:25,45.9,250,119800
20231218,14:08:32,45.85,100,119800
20231218,14:08:39,45.8,400,119800
20231218,14:08:46,45.7,350,119800
20231218,14:08:53,45.8,200,119800
20231218,14:09:23,46.15,450,130500
20231218,14:10:33,45.8,100,130500
20231218,14:10:49,45.95,200,130500
20231218,14:10:57,45.9,300,130500
20231218,14:11:12,46.05,500,130500
20231218,14:11:26,46.0,100,130500
20231218,14:11:34,46.15,250,130500
20231218,14:11:42,46.1,150,130500
20231218,14:11:49,46.1,850,130500
20231218,14:12:43,46.2,300,130350
20231218,14:13:20,46.5,150,130350
20231218,14:13:28,46.65,350,130350
20231218,14:13:37,46.95,250,130350
20231218,14:13:45,47.0,150,130350
20231218,14:14:01,47.35,150,130350
20231218,14:14:10,47.6,350,130350
20231218,14:14:20,47.6,100,130350
20231218,14:14:29,47.4,850,130350
20231218,14:14:38,47.4,150,130350
20231218,14:14:54,47.15,50,130350
20231218,14:15:28,47.0,50,130400
20231218,14:15:37,47.05,200,130400
20231218,14:15:53,47.1,50,130400
20231218,14:16:18,47.15,50,130400
20231218,14:16:36,47.1,50,130400
20231218,14:16:44,46.95,50,130400
20231218,14:17:00,46.9,50,130400
20231218,14:17:48,46.55,500,130400
20231218,14:17:56,46.4,100,130400
20231218,14:18:35,46.55,50,130450
20231218,14:18:56,46.45,50,130450
20231218,14:19:57,46.45,150,130450
20231218,14:20:05,46.3,150,130450
20231218,14:20:20,46.25,1200,130450
20231218,14:20:36,46.0,450,130450
20231218,14:20:44,46.15,100,130450
20231218,14:20:59,46.1,50,130450
20231218,14:21:07,46.25,100,130450
20231218,14:21:22,46.2,50,130400
20231218,14:21:59,46.1,150,130400
20231218,14:22:15,46.45,50,130400
20231218,14:23:18,46.55,50,130400
20231218,14:24:37,46.6,150,130450
20231218,14:24:59,46.6,100,130450
20231218,14:27:02,47.1,100,130450
20231218,14:27:50,47.2,50,130400
20231218,14:29:03,47.8,50,130400
20231218,14:29:26,47.75,50,130400
20231218,14:29:44,47.8,50,130400
20231218,14:30:01,47.95,50,130400
20231218,14:30:10,47.8,50,130400
20231218,14:30:18,47.7,50,130300
20231218,14:30:26,47.65,50,130300
20231218,14:31:31,47.65,200,130300
20231218,14:31:46,47.5,250,130300
20231218,14:31:54,47.5,1350,130300
20231218,14:32:03,48.0,100,130300
20231218,14:32:27,47.9,550,130300
20231218,14:32:46,48.6,100,130300
20231218,14:33:48,47.95,250,129250
20231218,14:33:56,48.0,200,129250
20231218,14:34:05,48.1,250,129250
20231218,14:35:26,48.4,50,129250
20231218,14:35:35,48.3,50,129250
20231218,14:36:01,48.1,200,129250
20231218,14:36:09,48.2,300,129250
20231218,14:36:51,48.35,100,129200
20231218,14:36:59,48.3,100,129200
20231218,14:37:15,48.1,150,129200
20231218,14:37:23,48.2,50,129200
20231218,14:37:31,48.15,50,129200
20231218,14:37:39,48.05,300,129200
20231218,14:37:47,48.15,150,129200
20231218,14:37:55,48.15,250,129200
20231218,14:38:02,48.0,600,129200
20231218,14:38:10,48.05,700,129200
20231218,14:38:18,48.0,250,129200
20231218,14:38:26,47.4,1200,129200
20231218,14:38:35,47.75,150,129200
20231218,14:38:44,47.6,300,129200
20231218,14:38:51,47.75,350,129200
20231218,14:38:59,47.75,350,129200
20231218,14:39:07,47.85,100,129200
20231218,14:39:15,47.6,1100,129200
20231218,14:39:23,47.75,6450,132550
20231218,14:39:30,47.75,4900,132550
20231218,14:39:39,47.8,1650,132550
20231218,14:39:47,47.8,100,132550
20231218,14:39:56,47.75,3850,132550
20231218,14:40:05,47.75,150,132550
20231218,14:40:14,47.8,300,132550
20231218,14:40:23,47.75,950,132550
20231218,14:40:33,47.75,250,132550
20231218,14:40:41,47.8,1100,132550
20231218,14:40:51,47.9,400,132550
20231218,14:41:00,47.85,450,132550
20231218,14:41:09,47.85,750,132550
20231218,14:41:18,48.0,200,132550
20231218,14:41:26,47.8,250,132550
20231218,14:41:35,47.75,250,132550
20231218,14:41:43,47.75,50,132550
20231218,14:41:52,47.75,900,132550
20231218,14:42:00,47.45,350,132550
20231218,14:42:18,47.5,50,149200
20231218,14:43:19,47.0,50,149200
20231218,14:45:03,46.25,50,149200
20231218,14:45:23,46.25,50,149200
20231218,14:46:37,46.5,1900,149250
20231218,14:46:54,46.45,100,149250
20231218,14:47:03,46.35,150,149250
20231218,14:47:12,46.4,100,149250
20231218,14:47:21,46.25,100,149250
20231218,14:47:31,46.05,350,149250
20231218,14:47:41,46.05,100,149250
20231218,14:48:46,46.3,50,149550
20231218,14:48:56,46.45,50,149550
20231218,14:49:31,46.25,200,149550
20231218,14:51:30,46.4,200,149800
20231218,14:52:44,46.2,50,149800
20231218,14:53:00,46.3,50,149800
20231218,14:53:09,46.2,50,149800
20231218,14:54:25,46.25,100,149700
20231218,14:54:33,46.2,350,149700
20231218,14:54:42,46.0,350,149700
20231218,14:54:50,45.8,200,149700
20231218,14:54:59,45.5,150,149700
20231218,14:55:08,45.25,250,149700
20231218,14:55:16,45.3,200,149700
20231218,14:59:03,45.5,150,149200
20231218,14:59:12,45.4,100,149200
20231218,14:59:20,44.65,150,149200
20231218,14:59:47,44.45,100,149200
20231218,15:00:05,44.8,850,149200
20231218,15:00:32,44.85,400,148650
20231218,15:00:41,45.15,100,148650
20231218,15:00:50,45.05,50,148650
20231218,15:00:58,44.8,300,148650
20231218,15:01:06,44.85,450,148650
20231218,15:01:16,44.8,100,148650
20231218,15:01:46,44.45,350,148650
20231218,15:02:05,44.8,300,148650
20231218,15:02:15,44.6,50,148650
20231218,15:03:21,44.25,50,148650
20231218,15:03:30,44.25,50,147600
20231218,15:03:49,44.35,50,147600
20231218,15:03:58,44.1,150,147600
20231218,15:04:08,43.9,150,147600
20231218,15:04:43,44.15,50,147600
20231218,15:06:01,44.25,50,147600
20231218,15:06:10,44.25,150,147600
20231218,15:08:02,44.8,250,147400
20231218,15:08:36,44.45,300,147400
20231218,15:08:45,44.1,500,147400
20231218,15:08:54,43.95,300,147400
20231218,15:09:12,44.2,200,147400
20231218,15:09:55,44.0,50,147750
20231218,15:10:13,44.5,200,147750
20231218,15:10:48,44.65,100,147750
20231218,15:11:05,44.8,250,147750
20231218,15:11:22,44.7,50,147750
20231218,15:14:50,43.95,50,147400
20231218,15:15:18,43.85,100,147400
20231218,15:15:46,44.0,50,147350
20231218,15:16:14,43.7,250,147350
20231218,15:16:43,43.55,200,147350
20231218,15:17:03,43.4,50,147350
20231218,15:17:12,43.3,100,147350
20231218,15:17:22,43.3,200,147350
20231218,15:17:42,43.1,200,147350
20231218,15:17:51,43.0,450,147350
20231218,15:18:00,43.0,550,147350
20231218,15:18:18,43.25,100,147350
20231218,15:18:54,43.45,200,147300
20231218,15:19:37,43.45,50,147300
20231218,15:19:54,43.4,100,147300
20231218,15:20:16,43.2,300,147300
20231218,15:20:44,43.4,250,147300
20231218,15:20:53,43.4,50,147300
20231218,15:21:02,43.6,400,147300
20231218,15:22:14,43.3,250,147500
20231218,15:22:32,43.25,1700,147500
20231218,15:22:41,43.25,300,147500
20231218,15:22:51,43.0,100,147500
20231218,15:23:01,42.9,50,147500
20231218,15:23:11,42.75,100,147500
20231218,15:24:16,42.6,100,147500
20231218,15:24:35,42.85,200,146450
20231218,15:24:45,43.0,1000,146450
20231218,15:25:49,42.6,250,146450
20231218,15:25:53,42.6,50,146450
20231218,15:25:54,42.6,50,146450
20231218,15:25:56,42.6,50,146450
20231218,15:26:10,42.65,150,146450
20231218,15:26:19,42.75,450,146450
20231218,15:26:29,42.7,450,146450
20231218,15:27:07,42.85,350,146450
20231218,15:27:17,42.8,50,146450
20231218,15:27:26,42.7,50,146450
20231218,15:27:36,42.75,200,145050
20231218,15:28:13,42.75,50,145050
20231218,15:28:22,42.65,50,145050
20231218,15:28:41,42.7,100,145050
20231218,15:28:50,43.0,50,145050
20231218,15:29:42,43.0,100,145050
20231218,15:29:54,43.0,200,145050
20231219,09:15:39,42.95,1,145250
20231219,09:15:39,42.95,50,145250
20231219,09:16:06,44.2,150,145250
20231219,09:16:25,44.5,300,145250
20231219,09:16:33,44.5,350,145250
20231219,09:16:42,44.5,50,145250
20231219,09:17:00,44.5,1450,145250
20231219,09:17:18,43.25,200,145250
20231219,09:17:27,43.3,100,145250
20231219,09:17:45,43.6,500,147150
20231219,09:17:55,43.05,100,147150
20231219,09:18:05,43.15,100,147150
20231219,09:18:13,43.4,100,147150
20231219,09:18:49,43.9,100,147150
20231219,09:18:58,43.85,100,147150
20231219,09:19:24,43.75,100,147150
20231219,09:19:33,43.5,200,147150
20231219,09:20:09,43.0,550,147150
20231219,09:20:28,43.3,50,147150
20231219,09:21:42,43.3,50,147350
20231219,09:22:01,43.15,150,147350
20231219,09:22:12,43.0,600,147350
20231219,09:22:33,43.45,50,147350
20231219,09:22:42,43.45,300,147350
20231219,09:22:51,43.5,50,147350
20231219,09:23:00,43.5,100,147350
20231219,09:23:18,43.45,200,147350
20231219,09:23:35,43.45,100,147350
20231219,09:23:43,43.45,300,147350
20231219,09:24:01,43.5,150,147800
20231219,09:24:10,43.5,50,147800
20231219,09:24:19,43.5,250,147800
20231219,09:24:28,43.8,50,147800
20231219,09:24:37,43.7,150,147800
20231219,09:24:47,43.5,200,147800
20231219,09:24:56,43.5,300,147800
20231219,09:25:52,43.65,100,147800
20231219,09:26:01,43.65,100,147800
20231219,09:26:46,43.55,50,147800
20231219,09:27:45,43.35,250,148150
20231219,09:28:04,43.55,100,148150
20231219,09:28:14,43.55,200,148150
20231219,09:29:22,44.0,50,148150
20231219,09:30:10,44.35,650,148250
20231219,09:30:19,43.8,50,148250
20231219,09:30:48,43.8,50,148250
20231219,09:31:17,43.8,150,148250
20231219,09:31:26,43.95,50,148250
20231219,09:31:35,44.05,100,148250
20231219,09:31:53,44.05,150,148250
20231219,09:32:27,43.7,50,148250
20231219,09:33:37,44.0,200,147950
20231219,09:34:21,43.85,100,147950
20231219,09:34:30,43.8,300,147950
20231219,09:34:47,43.75,250,147950
20231219,09:34:56,43.75,250,147950
20231219,09:35:05,43.8,300,147950
20231219,09:35:14,43.8,150,147950
20231219,09:35:24,43.75,450,147950
20231219,09:35:44,43.6,250,147950
20231219,09:35:53,43.65,100,147250
20231219,09:36:04,43.55,350,147250
20231219,09:36:15,43.35,150,147250
20231219,09:36:34,43.5,300,147250
20231219,09:36:44,43.55,100,147250
20231219,09:37:11,43.45,100,147250
20231219,09:37:20,43.55,50,147250
20231219,09:37:29,43.45,600,147250
20231219,09:37:39,43.4,100,147250
20231219,09:37:49,43.35,300,147250
20231219,09:37:59,43.4,450,147250
20231219,09:38:09,43.75,300,147250
20231219,09:38:18,43.45,100,147250
20231219,09:38:27,43.35,900,147250
20231219,09:38:38,43.45,500,147250
20231219,09:38:49,43.0,100,147550
20231219,09:39:00,42.55,100,147550
20231219,09:39:11,42.25,50,147550
20231219,09:39:21,42.25,100,147550
20231219,09:39:31,42.0,250,147550
20231219,09:39:42,42.0,50,147550
20231219,09:40:02,41.9,50,147550
20231219,09:40:33,41.55,50,147550
20231219,09:40:43,41.1,150,147550
20231219,09:41:16,40.05,1300,147550
20231219,09:41:26,40.05,400,147550
20231219,09:41:45,40.65,350,147550
20231219,09:41:55,40.4,50,147500
20231219,09:42:04,40.55,300,147500
20231219,09:42:34,40.45,100,147500
20231219,09:42:54,40.2,350,147500
20231219,09:43:05,40.0,50,147500
20231219,09:43:16,40.0,350,147500
20231219,09:43:27,40.0,50,147500
20231219,09:43:37,39.75,150,147500
20231219,09:43:48,39.45,750,147500
20231219,09:44:09,39.45,50,147500
20231219,09:44:40,39.6,100,147500
20231219,09:44:51,39.55,50,147200
20231219,09:45:12,39.4,150,147200
20231219,09:45:23,39.2,100,147200
20231219,09:45:34,39.3,50,147200
20231219,09:45:54,39.1,50,147200
20231219,09:46:13,39.1,750,147200
20231219,09:46:23,38.95,100,147200
20231219,09:46:33,38.95,350,147200
20231219,09:46:43,38.9,100,147200
20231219,09:47:02,38.9,500,147200
20231219,09:47:21,38.9,100,147200
20231219,09:47:39,38.85,200,147200
20231219,09:47:48,38.85,200,147200
20231219,09:48:06,39.1,450,145900
20231219,09:48:16,38.7,1000,145900
20231219,09:48:25,38.7,50,145900
20231219,09:48:34,39.15,250,145900
20231219,09:48:52,39.25,450,145900
20231219,09:49:45,39.15,250,145900
20231219,09:49:54,39.1,200,145900
20231219,09:50:03,39.35,50,145900
20231219,09:50:13,39.45,150,145900
20231219,09:50:32,39.5,150,145900
20231219,09:50:41,39.25,1150,145900
20231219,09:51:00,39.3,700,147050
20231219,09:51:09,39.3,250,147050
20231219,09:51:28,39.0,500,147050
20231219,09:51:38,39.05,250,147050
20231219,09:51:47,39.1,500,147050
20231219,09:51:56,39.1,250,147050
20231219,09:52:24,39.05,600,147050
20231219,09:52:42,39.1,150,147050
20231219,09:52:51,39.05,50,147050
20231219,09:53:00,38.9,100,147050
20231219,09:53:09,38.9,300,147050
20231219,09:53:19,38.7,350,147050
20231219,09:53:28,38.4,1450,147050
20231219,09:53:37,38.0,2050,147050
20231219,09:53:47,38.25,1100,147050
20231219,09:54:15,38.6,900,147150
20231219,09:54:24,38.4,1250,147150
20231219,09:54:41,38.25,550,147150
20231219,09:54:50,38.25,50,147150
20231219,09:54:58,37.95,550,147150
20231219,09:55:15,38.0,450,147150
20231219,09:55:25,37.8,200,147150
20231219,09:55:34,37.8,100,147150
20231219,09:55:44,38.1,50,147150
20231219,09:56:12,38.25,450,147150
20231219,09:56:55,38.15,100,147100
20231219,09:57:03,38.25,500,147100
20231219,09:57:20,38.3,50,147100
20231219,09:57:44,38.55,300,147100
20231219,09:57:52,38.8,50,147100
20231219,09:58:18,38.85,50,147100
20231219,09:58:34,38.9,100,147100
20231219,09:58:43,38.9,50,147100
20231219,09:59:00,38.8,200,147100
20231219,09:59:09,39.0,50,147100
20231219,09:59:26,39.15,50,147100
20231219,09:59:44,39.2,50,147100
20231219,09:59:52,39.1,50,147100
20231219,10:00:09,39.25,50,147000
20231219,10:00:26,38.85,50,147000
20231219,10:01:01,39.0,1000,147000
20231219,10:02:08,38.65,50,147000
20231219,10:02:24,38.65,200,147000
20231219,10:03:14,38.4,250,147450
20231219,10:03:38,38.7,300,147450
20231219,10:03:55,38.95,50,147450
20231219,10:04:11,38.85,50,147450
20231219,10:04:37,39.1,400,147450
20231219,10:04:47,38.8,950,147450
20231219,10:04:58,38.75,250,147450
20231219,10:05:09,38.8,500,147450
20231219,10:05:18,39.1,300,147450
20231219,10:05:37,39.1,300,147450
20231219,10:05:55,39.45,400,146950
20231219,10:06:03,39.3,350,146950
20231219,10:06:12,39.2,100,146950
20231219,10:06:22,39.2,900,146950
20231219,10:06:31,39.3,150,146950
20231219,10:06:40,39.3,800,146950
20231219,10:06:49,39.15,250,146950
20231219,10:06:58,38.95,50,146950
20231219,10:07:08,39.0,300,146950
20231219,10:07:18,38.8,50,146950
20231219,10:07:36,39.15,1000,146950
20231219,10:07:45,39.05,100,146950
20231219,10:07:53,38.8,1000,146950
20231219,10:08:03,38.8,100,146950
20231219,10:08:13,38.8,100,146950
20231219,10:08:23,38.65,300,146950
20231219,10:08:33,38.6,150,146950
20231219,10:08:42,38.55,50,146950
20231219,10:08:52,38.3,50,146950
20231219,10:09:02,38.35,150,145850
20231219,10:09:12,38.35,50,145850
20231219,10:09:22,38.3,300,145850
20231219,10:09:41,38.5,50,145850
20231219,10:09:50,38.4,100,145850
20231219,10:10:00,38.25,250,145850
20231219,10:10:09,38.45,100,145850
20231219,10:10:18,38.5,550,145850
20231219,10:10:27,38.45,350,145850
20231219,10:10:36,38.25,200,145850
20231219,10:10:45,37.75,1800,145850
20231219,10:10:53,37.9,50,145850
20231219,10:11:02,38.15,50,145850
20231219,10:11:20,38.05,100,145850
20231219,10:11:29,38.05,200,145850
20231219,10:11:38,38.05,150,145850
20231219,10:11:55,38.15,50,144250
20231219,10:12:12,38.15,50,144250
20231219,10:12:21,38.15,300,144250
20231219,10:12:38,38.15,250,144250
20231219,10:12:47,38.15,100,144250
20231219,10:12:56,38.15,50,144250
20231219,10:13:23,38.3,50,144250
20231219,10:13:48,38.6,250,144250
20231219,10:14:37,38.9,50,144250
20231219,10:14:45,38.9,50,144250
20231219,10:15:03,39.0,300,144400
20231219,10:15:45,39.3,50,144400
20231219,10:16:11,39.5,650,144400
20231219,10:16:20,39.7,50,144400
20231219,10:16:37,39.5,50,144400
20231219,10:16:46,39.45,50,144400
20231219,10:16:55,39.45,150,144400
20231219,10:17:12,39.55,50,144400
20231219,10:17:21,39.75,350,144400
20231219,10:17:38,39.75,50,144400
20231219,10:17:55,40.0,100,143900
20231219,10:18:04,40.0,150,143900
20231219,10:18:13,40.0,50,143900
20231219,10:18:32,40.0,50,143900
20231219,10:18:49,40.0,50,143900
20231219,10:19:08,40.0,600,143900
20231219,10:19:26,40.05,100,143900
20231219,10:19:54,40.3,250,143900
20231219,10:20:03,40.5,250,143900
20231219,10:20:13,40.3,300,143900
20231219,10:20:22,40.25,400,143900
20231219,10:20:31,40.25,100,143900
20231219,10:20:47,40.3,50,143900
20231219,10:20:55,40.3,100,144650
20231219,10:21:04,40.75,100,144650
20231219,10:21:14,40.75,300,144650
20231219,10:21:23,40.8,250,144650
20231219,10:22:22,40.4,50,144650
20231219,10:22:31,40.45,200,144650
20231219,10:22:56,40.55,100,144650
20231219,10:23:12,40.55,300,144650
20231219,10:23:46,40.0,250,144650
20231219,10:24:11,39.7,200,144900
20231219,10:25:27,39.6,100,144900
20231219,10:26:50,39.8,150,144900
20231219,10:27:06,39.8,150,144850
20231219,10:27:15,39.9,300,144850
20231219,10:27:23,39.9,500,144850
20231219,10:27:31,39.85,150,144850
20231219,10:27:39,39.75,450,144850
20231219,10:27:47,39.75,100,144850
20231219,10:27:56,39.9,1100,144850
20231219,10:28:04,39.8,150,144850
20231219,10:28:21,39.75,250,144850
20231219,10:28:30,39.75,1150,144850
20231219,10:28:38,39.7,250,144850
20231219,10:28:48,39.75,50,144850
20231219,10:28:56,39.75,50,144850
20231219,10:29:04,39.7,250,144850
20231219,10:29:12,39.6,350,144850
20231219,10:29:21,39.6,50,144850
20231219,10:29:30,39.55,350,144850
20231219,10:29:55,39.6,150,144850
20231219,10:30:02,39.55,100,144200
20231219,10:30:11,39.55,100,144200
20231219,10:30:28,39.6,50,144200
20231219,10:30:36,39.7,3700,144200
20231219,10:30:45,39.7,1800,144200
20231219,10:30:53,39.75,600,144200
20231219,10:31:01,39.8,400,144200
20231219,10:31:09,39.85,50,144200
20231219,10:31:18,40.0,200,144200
20231219,10:31:26,40.05,50,144200
20231219,10:31:34,40.05,550,144200
20231219,10:31:43,40.0,450,144200
20231219,10:31:52,40.0,400,144200
20231219,10:32:00,40.0,500,144200
20231219,10:32:08,39.95,500,144200
20231219,10:32:17,39.9,150,144200
20231219,10:32:26,39.9,250,144200
20231219,10:32:34,39.85,200,144200
20231219,10:32:42,39.85,300,144200
20231219,10:33:30,39.85,400,140800
20231219,10:33:38,39.8,850,140800
20231219,10:33:47,40.05,1850,140800
20231219,10:33:56,40.1,650,140800
20231219,10:34:05,40.15,200,140800
20231219,10:34:22,40.25,1350,140800
20231219,10:34:30,40.45,700,140800
20231219,10:34:39,40.5,50,140800
20231219,10:34:49,40.6,700,140800
20231219,10:34:59,40.65,150,140800
20231219,10:35:08,40.65,300,140800
20231219,10:35:19,40.8,200,140800
20231219,10:35:28,40.7,150,140800
20231219,10:35:48,40.9,50,140800
20231219,10:36:17,40.5,50,141150
20231219,10:36:35,40.35,50,141150
20231219,10:37:22,40.2,500,141150
20231219,10:38:50,40.2,150,141150
20231219,10:39:08,40.3,50,141100
20231219,10:39:52,40.45,50,141100
20231219,10:40:01,40.4,50,141100
20231219,10:40:10,40.4,50,141100
20231219,10:40:45,40.4,1000,141100
20231219,10:40:54,40.4,200,141100
20231219,10:41:20,40.5,50,141100
20231219,10:41:29,40.5,1800,141100
20231219,10:41:47,40.65,50,141100
20231219,10:41:55,40.5,150,141450
20231219,10:42:03,40.5,100,141450
20231219,10:42:12,40.5,150,141450
20231219,10:42:21,40.5,50,141450
20231219,10:42:31,40.6,200,141450
20231219,10:42:40,40.8,800,141450
20231219,10:42:49,40.85,100,141450
20231219,10:42:58,41.0,850,141450
20231219,10:43:18,41.15,100,141450
20231219,10:43:28,41.35,100,141450
20231219,10:43:38,41.75,100,141450
20231219,10:43:48,41.6,50,141450
20231219,10:43:57,41.65,850,141450
20231219,10:44:07,41.45,50,141450
20231219,10:44:16,41.55,100,141450
20231219,10:44:35,41.3,50,141450
20231219,10:44:54,41.15,50,141450
20231219,10:45:03,41.1,150,141000
20231219,10:45:41,40.85,150,141000
20231219,10:46:36,40.9,100,141000
20231219,10:47:03,40.85,50,141000
20231219,10:47:12,41.0,200,141000
20231219,10:47:21,41.0,100,141000
20231219,10:47:47,41.35,200,141000
20231219,10:47:56,41.25,150,141000
20231219,10:48:13,41.3,250,140650
20231219,10:48:22,41.2,50,140650
20231219,10:48:30,41.3,150,140650
20231219,10:48:48,41.2,150,140650
20231219,10:48:57,41.25,50,140650
20231219,10:49:06,41.15,250,140650
20231219,10:49:50,41.05,50,140650
20231219,10:50:07,41.0,100,140650
20231219,10:50:42,41.2,150,140650
20231219,10:50:51,41.15,2000,140650
20231219,10:51:08,41.25,50,141300
20231219,10:51:17,41.25,100,141300
20231219,10:51:26,40.6,1800,141300
20231219,10:51:35,41.25,50,141300
20231219,10:51:43,41.1,200,141300
20231219,10:51:52,41.05,50,141300
20231219,10:52:00,40.85,1950,141300
20231219,10:52:09,40.95,100,141300
20231219,10:52:26,41.05,800,141300
20231219,10:53:19,41.45,100,141300
20231219,10:53:36,41.75,2050,141300
20231219,10:53:53,41.85,50,141300
20231219,10:54:11,42.05,700,141300
20231219,10:54:20,42.05,50,141300
20231219,10:54:28,42.05,350,141300
20231219,10:54:37,42.1,150,141300
20231219,10:54:45,42.05,50,141300
20231219,10:54:52,42.15,200,141300
20231219,10:55:00,42.1,250,141300
20231219,10:55:09,42.0,500,141300
20231219,10:55:26,42.05,300,141300
20231219,10:55:43,42.1,250,141300
20231219,10:55:52,42.15,50,141300
20231219,10:56:00,42.1,100,141300
20231219,10:56:09,42.3,900,141300
20231219,10:56:58,42.45,350,141300
20231219,10:57:07,42.5,50,141400
20231219,10:57:15,42.55,750,141400
20231219,10:57:23,42.6,50,141400
20231219,10:57:40,42.7,600,141400
20231219,10:57:48,42.7,50,141400
20231219,10:57:56,42.7,550,141400
20231219,10:58:04,42.7,50,141400
20231219,10:58:12,42.8,900,141400
20231219,10:58:20,42.75,200,141400
20231219,10:58:28,42.8,150,141400
20231219,10:58:35,42.85,300,141400
20231219,10:58:59,42.95,250,141400
20231219,10:59:07,42.95,50,141400
20231219,10:59:16,42.85,50,141400
20231219,10:59:43,42.85,350,141400
20231219,11:00:10,43.1,250,140900
20231219,11:00:19,43.2,100,140900
20231219,11:00:54,43.2,1150,140900
20231219,11:01:29,43.3,50,140900
20231219,11:01:38,43.3,50,140900
20231219,11:01:47,43.4,200,140900
20231219,11:01:56,43.5,100,140900
20231219,11:02:05,43.2,2050,140900
20231219,11:02:14,43.1,850,140900
20231219,11:02:23,43.15,600,140900
20231219,11:02:32,43.0,1350,140900
20231219,11:02:41,43.15,3250,140900
20231219,11:03:14,43.2,50,142150
20231219,11:03:32,43.45,1250,142150
20231219,11:03:40,43.45,1200,142150
20231219,11:03:48,43.45,1300,142150
20231219,11:03:57,43.55,650,142150
20231219,11:04:07,43.6,1200,142150
20231219,11:04:16,43.45,250,142150
20231219,11:04:25,43.5,100,142150
20231219,11:04:34,43.4,400,142150
20231219,11:04:43,43.35,150,142150
20231219,11:04:53,43.4,550,142150
20231219,11:05:03,43.1,500,142150
20231219,11:05:12,43.15,100,142150
20231219,11:05:49,43.25,150,142150
20231219,11:05:58,43.35,100,141800
20231219,11:06:07,43.4,100,141800
20231219,11:06:25,43.5,150,141800
20231219,11:06:34,43.6,550,141800
20231219,11:07:09,43.85,950,141800
20231219,11:07:17,43.85,150,141800
20231219,11:07:34,43.75,500,141800
20231219,11:07:44,43.7,150,141800
20231219,11:07:53,43.8,50,141800
20231219,11:08:02,43.8,100,141800
20231219,11:08:11,43.8,100,141800
20231219,11:08:37,44.05,700,141800
20231219,11:08:47,44.05,200,141800
20231219,11:08:56,44.05,350,141800
20231219,11:09:05,44.1,100,141250
20231219,11:09:14,44.1,150,141250
20231219,11:09:32,44.15,100,141250
20231219,11:09:41,44.15,800,141250
20231219,11:09:50,44.05,350,141250
20231219,11:10:00,44.4,2050,141250
20231219,11:10:11,44.45,400,141250
20231219,11:10:21,44.35,550,141250
20231219,11:10:31,44.35,200,141250
20231219,11:10:41,44.3,200,141250
20231219,11:10:51,44.3,350,141250
20231219,11:11:01,44.3,400,141250
20231219,11:11:11,44.2,200,141250
20231219,11:11:30,44.15,50,141250
20231219,11:11:39,44.25,100,141250
20231219,11:11:48,44.25,50,141250
20231219,11:12:06,44.3,600,141250
20231219,11:12:16,44.2,1900,141250
20231219,11:12:25,44.8,7150,141250
20231219,11:12:43,44.3,2250,141250
20231219,11:12:52,44.7,800,141250
20231219,11:13:01,44.7,150,141250
20231219,11:13:11,44.75,100,141250
20231219,11:13:20,44.8,300,141250
20231219,11:13:29,44.8,150,141250
20231219,11:13:38,44.8,150,141250
20231219,11:13:48,44.95,200,141250
20231219,11:13:57,44.95,300,141250
20231219,11:14:06,45.0,250,141250
20231219,11:14:16,44.85,50,141250
20231219,11:14:35,44.5,400,141250
20231219,11:14:52,44.45,150,141250
20231219,11:15:19,44.4,50,145700
20231219,11:15:28,44.4,50,145700
20231219,11:15:37,44.45,100,145700
20231219,11:15:46,44.45,100,145700
20231219,11:16:32,44.45,100,145700
20231219,11:16:41,44.35,200,145700
20231219,11:16:59,44.4,350,145700
20231219,11:17:18,44.35,300,145700
20231219,11:17:28,44.1,50,145700
20231219,11:17:38,44.05,100,145700
20231219,11:17:47,44.0,50,145700
20231219,11:17:57,44.3,100,145700
20231219,11:18:06,44.15,100,145350
20231219,11:18:15,44.25,100,145350
20231219,11:19:00,44.0,400,145350
20231219,11:19:18,43.85,150,145350
20231219,11:19:27,43.5,11200,145350
20231219,11:19:36,43.4,50,145350
20231219,11:19:46,43.25,200,145350
20231219,11:19:56,43.3,100,145350
20231219,11:20:06,43.1,250,145350
20231219,11:20:26,43.3,150,145350
20231219,11:20:36,43.45,250,145350
20231219,11:20:45,43.5,100,145350
20231219,11:20:54,43.5,100,145350
20231219,11:21:03,43.6,200,145350
20231219,11:21:21,43.55,50,147100
20231219,11:21:39,43.05,300,147100
20231219,11:21:48,43.15,100,147100
20231219,11:22:50,43.2,200,147100
20231219,11:23:07,43.15,50,147100
20231219,11:23:51,43.25,150,147100
20231219,11:24:00,43.25,50,147100
20231219,11:25:19,43.1,250,147050
20231219,11:26:45,43.15,100,147050
20231219,11:27:18,43.2,50,146800
20231219,11:27:53,43.45,100,146800
20231219,11:29:16,43.7,150,146800
20231219,11:29:41,43.75,150,146800
20231219,11:30:06,43.75,50,146700
20231219,11:30:15,43.75,50,146700
20231219,11:30:23,43.7,200,146700
20231219,11:30:31,43.75,100,146700
20231219,11:30:56,43.75,500,146700
20231219,11:31:48,44.05,50,146700
20231219,11:33:10,43.8,300,147250
20231219,11:33:18,43.75,600,147250
20231219,11:33:32,43.65,50,147250
20231219,11:34:54,43.65,50,147250
20231219,11:35:15,43.65,850,147250
20231219,11:35:30,43.55,50,147250
20231219,11:37:03,43.65,50,146550
20231219,11:37:12,43.7,450,146550
20231219,11:38:10,43.85,100,146550
20231219,11:38:30,44.0,50,146550
20231219,11:38:41,44.0,550,146550
20231219,11:40:31,44.6,250,146700
20231219,11:40:52,44.55,100,146700
20231219,11:41:57,44.8,250,146700
20231219,11:42:18,45.35,200,146650
20231219,11:42:30,45.75,100,146650
20231219,11:42:41,45.95,400,146650
20231219,11:43:38,46.1,250,146650
20231219,11:43:48,46.3,350,146650
20231219,11:43:58,46.3,550,146650
20231219,11:44:08,45.95,1250,146650
20231219,11:44:18,45.95,300,146650
20231219,11:44:28,45.95,100,146650
20231219,11:44:47,45.95,50,146650
20231219,11:44:57,46.0,550,146650
20231219,11:45:07,46.0,1750,146550
20231219,11:45:16,46.0,50,146550
20231219,11:45:26,46.0,2000,146550
20231219,11:45:37,46.0,1750,146550
20231219,11:46:08,46.6,50,146550
20231219,11:46:19,46.6,250,146550
20231219,11:46:29,46.6,1450,146550
20231219,11:46:40,46.6,400,146550
20231219,11:47:10,46.75,50,146550
20231219,11:48:00,47.1,100,146550
20231219,11:48:10,47.1,50,149900
20231219,11:48:20,47.25,50,149900
20231219,11:48:42,47.4,450,149900
20231219,11:49:02,47.4,150,149900
20231219,11:49:22,47.4,100,149900
20231219,11:49:32,47.45,100,149900
20231219,11:49:42,47.5,100,149900
20231219,11:50:04,48.0,900,149900
20231219,11:50:49,48.8,100,149900
20231219,11:51:10,49.15,700,149900
20231219,11:51:53,49.65,100,150400
20231219,11:52:04,49.65,400,150400
20231219,11:52:15,49.6,450,150400
20231219,11:52:26,49.6,3850,150400
20231219,11:52:46,49.6,15950,150400
20231219,11:52:56,49.1,2100,150400
20231219,11:53:06,49.0,700,150400
20231219,11:53:36,48.2,650,150400
20231219,11:54:05,48.1,550,150400
20231219,11:54:14,48.1,200,165150
20231219,11:54:34,48.5,550,165150
20231219,11:54:43,48.55,100,165150
20231219,11:54:52,48.45,300,165150
20231219,11:55:02,48.6,100,165150
20231219,11:56:28,48.9,300,165150
20231219,11:56:38,48.9,250,165150
20231219,11:57:06,48.95,100,165150
20231219,11:57:25,49.25,300,165150
20231219,11:57:35,49.0,50,165150
20231219,11:57:44,48.85,300,165150
20231219,11:58:03,48.6,50,165150
20231219,11:58:13,48.6,100,165150
20231219,11:58:22,48.6,850,165150
20231219,11:59:36,48.6,900,165150
20231219,12:00:42,48.6,300,166150
20231219,12:01:22,48.75,100,166150
20231219,12:01:41,48.6,1550,166150
20231219,12:01:50,48.3,150,166150
20231219,12:02:38,47.45,700,166150
20231219,12:03:05,47.35,200,166150
20231219,12:04:02,47.0,400,167100
20231219,12:04:11,47.1,550,167100
20231219,12:04:21,47.2,100,167100
20231219,12:04:48,47.6,200,167100
20231219,12:05:06,47.65,100,167100
20231219,12:05:24,47.85,300,167100
20231219,12:05:43,47.75,650,167100
20231219,12:05:52,47.7,250,167100
20231219,12:06:10,47.8,100,166750
20231219,12:06:20,48.0,1800,166750
20231219,12:06:55,47.05,1800,166750
20231219,12:07:32,47.1,450,166750
20231219,12:08:09,47.2,200,166750
20231219,12:08:47,47.0,100,166750
20231219,12:10:54,47.6,100,166700
20231219,12:11:49,47.75,150,166700
20231219,12:11:58,47.75,50,166700
20231219,12:12:53,47.45,100,166750
20231219,12:13:21,47.3,100,166750
20231219,12:13:38,47.35,200,166750
20231219,12:13:47,47.35,100,166750
20231219,12:13:56,47.3,100,166750
20231219,12:14:04,47.35,100,166750
20231219,12:14:56,47.25,50,166750
20231219,12:15:13,47.35,150,166950
20231219,12:15:22,47.35,50,166950
20231219,12:16:07,47.5,1550,166950
20231219,12:16:24,47.2,50,166950
20231219,12:16:59,47.75,350,166950
20231219,12:17:09,47.85,100,166950
20231219,12:17:27,48.05,100,166950
20231219,12:17:45,48.25,200,166950
20231219,12:17:55,48.55,100,166950
20231219,12:18:04,48.6,150,166950
20231219,12:18:14,48.65,100,166850
20231219,12:18:23,48.5,250,166850
20231219,12:18:32,48.2,650,166850
20231219,12:18:42,48.2,100,166850
20231219,12:19:19,47.85,450,166850
20231219,12:19:29,47.95,300,166850
20231219,12:19:38,47.9,200,166850
20231219,12:19:47,47.85,700,166850
20231219,12:19:56,47.95,400,166850
20231219,12:20:04,47.9,50,166850
20231219,12:20:13,47.9,100,166850
20231219,12:20:29,47.9,50,166850
20231219,12:20:37,47.95,50,166850
20231219,12:20:46,47.85,150,166850
20231219,12:20:54,47.85,400,166850
20231219,12:21:19,47.9,50,168350
20231219,12:22:18,47.95,100,168350
20231219,12:22:27,48.0,100,168350
20231219,12:22:35,48.05,150,168350
20231219,12:23:10,48.25,50,168350
20231219,12:23:26,48.3,300,168350
20231219,12:23:44,48.6,150,168350
20231219,12:23:54,48.5,50,168350
20231219,12:24:47,48.8,50,168450
20231219,12:24:56,48.7,100,168450
20231219,12:25:14,49.1,200,168450
20231219,12:26:02,49.2,50,168450
20231219,12:26:59,48.75,50,168450
20231219,12:27:07,48.8,300,168450
20231219,12:27:25,48.7,50,168300
20231219,12:27:51,48.8,150,168300
20231219,12:27:59,49.0,200,168300
20231219,12:28:37,48.6,300,168300
20231219,12:28:42,48.8,50,168300
20231219,12:29:52,48.25,200,168300
20231219,12:30:18,48.25,400,168150
20231219,12:30:36,48.5,100,168150
20231219,12:30:45,48.65,500,168150
20231219,12:31:57,48.95,300,168150
20231219,12:32:05,49.0,250,168150
20231219,12:32:30,48.95,50,168150
20231219,12:32:38,49.0,50,168150
20231219,12:33:27,49.1,200,168000
20231219,12:33:36,49.05,50,168000
20231219,12:33:53,49.0,50,168000
20231219,12:34:12,49.4,450,168000
20231219,12:34:21,49.6,250,168000
20231219,12:34:57,49.75,100,168000
20231219,12:35:17,49.75,50,168000
20231219,12:36:14,49.65,50,168000
20231219,12:36:51,49.45,350,168250
20231219,12:37:16,49.4,1100,168250
20231219,12:38:07,49.4,150,168250
20231219,12:38:16,49.5,200,168250
20231219,12:38:54,49.7,50,168250
20231219,12:39:22,49.7,100,168550
20231219,12:39:32,49.65,50,168550
20231219,12:40:11,49.85,200,168550
20231219,12:40:30,50.0,1600,168550
20231219,12:40:41,50.25,1150,168550
20231219,12:40:51,50.25,2550,168550
20231219,12:41:01,50.25,1700,168550
20231219,12:41:11,50.0,1700,168550
20231219,12:41:31,49.55,50,168550
20231219,12:41:48,49.55,200,168550
20231219,12:42:31,49.4,250,168500
20231219,12:42:40,49.65,150,168500
20231219,12:42:50,49.85,50,168500
20231219,12:43:17,49.75,50,168500
20231219,12:43:26,49.75,50,168500
20231219,12:43:44,50.0,1000,168500
20231219,12:43:53,49.9,150,168500
20231219,12:44:10,49.85,50,168500
20231219,12:44:19,49.75,50,168500
20231219,12:44:45,49.85,50,168500
20231219,12:45:56,49.9,50,169350
20231219,12:46:05,49.95,100,169350
20231219,12:46:22,49.8,100,169350
20231219,12:46:39,49.8,100,169350
20231219,12:46:47,49.75,450,169350
20231219,12:46:56,49.8,50,169350
20231219,12:47:12,49.75,3500,169350
20231219,12:47:21,49.75,150,169350
20231219,12:47:30,49.8,1000,169350
20231219,12:47:39,49.8,4200,169350
20231219,12:47:48,49.8,550,169350
20231219,12:47:57,49.75,1750,169350
20231219,12:48:06,49.75,1800,169350
20231219,12:48:15,49.75,100,169350
20231219,12:48:23,49.75,1500,180650
20231219,12:48:32,49.8,200,180650
20231219,12:48:40,49.8,50,180650
20231219,12:48:49,49.75,500,180650
20231219,12:49:06,49.8,50,180650
20231219,12:49:15,49.75,1500,180650
20231219,12:50:05,49.8,50,180650
20231219,12:50:13,49.8,50,180650
20231219,12:50:30,49.8,400,180650
20231219,12:50:38,49.75,900,180650
20231219,12:51:21,49.8,150,184850
20231219,12:51:30,49.75,100,184850
20231219,12:51:38,49.8,500,184850
20231219,12:51:47,49.9,50,184850
20231219,12:51:56,50.05,50,184850
20231219,12:52:04,50.1,250,184850
20231219,12:52:13,50.0,100,184850
20231219,12:52:22,50.05,400,184850
20231219,12:52:31,50.1,300,184850
20231219,12:53:16,50.0,200,184850
20231219,12:53:25,50.0,1650,184850
20231219,12:53:58,49.9,50,184850
20231219,12:54:30,49.8,150,186850
20231219,12:54:39,49.75,3000,186850
20231219,12:54:49,49.6,50,186850
20231219,12:54:58,49.7,200,186850
20231219,12:55:07,49.55,50,186850
20231219,12:55:16,49.45,50,186850
20231219,12:55:33,49.55,150,186850
20231219,12:56:09,49.7,50,186850
20231219,12:56:19,49.9,100,186850
20231219,12:56:28,50.0,50,186850
20231219,12:56:45,50.1,400,186850
20231219,12:56:54,50.05,350,186850
20231219,12:57:12,50.1,100,186850
20231219,12:57:21,50.2,100,190100
20231219,12:57:30,50.2,100,190100
20231219,12:57:39,50.25,100,190100
20231219,12:57:49,50.3,700,190100
20231219,12:57:57,50.35,100,190100
20231219,12:58:25,50.45,100,190100
20231219,12:58:43,50.5,100,190100
20231219,12:59:12,50.6,50,190100
20231219,12:59:22,50.7,1100,190100
20231219,12:59:31,50.75,50,190100
20231219,12:59:41,50.75,50,190100
20231219,12:59:51,50.85,500,190100
20231219,13:00:00,50.9,1850,190100
20231219,13:00:20,50.2,200,194200
20231219,13:00:38,50.25,100,194200
20231219,13:01:05,50.3,950,194200
20231219,13:01:14,50.3,400,194200
20231219,13:01:58,50.3,100,194200
20231219,13:02:06,50.35,50,194200
20231219,13:02:24,50.3,850,194200
20231219,13:02:33,50.35,50,194200
20231219,13:02:42,50.3,400,194200
20231219,13:03:36,50.3,700,196400
20231219,13:03:53,50.05,50,196400
20231219,13:04:36,50.1,150,196400
20231219,13:04:53,50.15,50,196400
20231219,13:05:39,49.1,350,196400
20231219,13:06:26,49.35,50,196850
20231219,13:07:18,49.55,50,196850
20231219,13:07:34,49.55,100,196850
20231219,13:07:43,49.4,50,196850
20231219,13:08:07,49.4,50,196850
20231219,13:08:23,49.4,50,196850
20231219,13:08:41,49.35,450,196850
20231219,13:09:09,49.45,1050,196850
20231219,13:09:27,49.4,50,197400
20231219,13:09:36,49.4,200,197400
20231219,13:09:45,49.4,250,197400
20231219,13:09:54,49.65,650,197400
20231219,13:10:03,49.8,700,197400
20231219,13:10:12,49.8,50,197400
20231219,13:10:20,49.8,50,197400
20231219,13:10:29,49.75,50,197400
20231219,13:10:38,50.1,500,197400
20231219,13:10:47,50.0,400,197400
20231219,13:11:12,49.95,250,197400
20231219,13:11:45,49.85,50,197400
20231219,13:11:54,49.9,250,197400
20231219,13:12:10,49.9,250,197400
20231219,13:12:18,50.05,50,197300
20231219,13:13:59,49.6,100,197300
20231219,13:15:14,49.5,150,197300
20231219,13:17:24,49.6,250,197300
20231219,13:20:01,49.55,50,197300
20231219,13:20:10,49.55,100,197300
20231219,13:21:07,49.55,50,197300
20231219,13:22:40,49.35,450,197300
20231219,13:22:49,49.35,3300,197300
20231219,13:23:00,49.2,5100,197300
20231219,13:23:53,49.2,50,197300
20231219,13:25:48,48.75,50,205950
20231219,13:26:05,48.65,50,205950
20231219,13:26:14,48.85,50,205950
20231219,13:26:22,48.85,50,205950
20231219,13:26:30,48.85,50,205950
20231219,13:26:38,48.9,100,205950
20231219,13:26:55,48.9,50,205950
20231219,13:27:12,48.9,50,205950
20231219,13:27:37,49.15,100,205950
20231219,13:27:46,49.25,50,205950
20231219,13:29:40,49.45,50,205950
20231219,13:33:05,48.9,50,206000
20231219,13:37:09,49.75,50,206000
20231219,13:37:49,49.6,100,206000
20231219,13:37:57,49.55,50,206000
20231219,13:38:06,49.55,50,206000
20231219,13:39:08,49.5,50,206000
20231219,13:40:54,49.7,100,206000
20231219,13:42:02,50.0,50,206000
20231219,13:42:10,50.0,100,206000
20231219,13:43:14,50.4,50,205900
20231219,13:43:32,50.55,50,205900
20231219,13:43:41,50.4,100,205900
20231219,13:43:51,50.55,50,205900
20231219,13:44:01,50.45,100,205900
20231219,13:44:10,50.4,100,205900
20231219,13:44:45,50.5,50,205900
20231219,13:44:54,50.65,150,205900
20231219,13:45:28,50.75,1300,206000
20231219,13:45:38,50.75,200,206000
20231219,13:45:47,50.8,550,206000
20231219,13:46:13,50.7,3700,206000
20231219,13:46:22,50.75,1650,206000
20231219,13:46:40,50.7,2600,206000
20231219,13:46:49,50.7,950,206000
20231219,13:46:58,50.7,2500,206000
20231219,13:47:07,50.7,300,206000
20231219,13:47:24,50.7,1500,206000
20231219,13:47:32,50.75,1050,206000
20231219,13:47:41,50.75,400,206000
20231219,13:47:58,50.75,200,206000
20231219,13:48:07,50.8,50,206000
20231219,13:48:55,50.8,100,219900
20231219,13:49:20,50.7,750,219900
20231219,13:49:28,50.75,50,219900
20231219,13:49:37,50.7,50,219900
20231219,13:49:53,50.7,450,219900
20231219,13:50:10,50.7,1750,219900
20231219,13:50:18,50.7,850,219900
20231219,13:50:26,50.75,100,219900
20231219,13:50:34,50.8,50,219900
20231219,13:50:49,50.85,50,219900
20231219,13:50:58,50.9,50,219900
20231219,13:51:06,50.95,50,219900
20231219,13:51:16,51.05,50,219900
20231219,13:51:26,51.3,150,223400
20231219,13:51:45,51.3,50,223400
20231219,13:51:55,51.35,150,223400
20231219,13:52:16,51.3,250,223400
20231219,13:52:54,50.95,50,223400
20231219,13:53:03,51.0,50,223400
20231219,13:53:12,50.9,50,223400
20231219,13:53:30,50.8,50,223400
20231219,13:53:47,50.95,250,223400
20231219,13:53:56,50.9,50,223400
20231219,13:55:30,51.0,50,223900
20231219,13:56:08,51.05,50,223900
20231219,13:56:16,51.15,100,223900
20231219,13:56:52,51.1,250,223900
20231219,13:57:31,51.4,200,223950
20231219,13:57:41,51.5,300,223950
20231219,13:57:51,51.6,150,223950
20231219,13:58:00,51.6,1850,223950
20231219,13:58:10,51.0,9400,223950
20231219,13:58:19,51.0,400,223950
20231219,13:58:28,51.05,450,223950
20231219,13:58:38,51.2,150,223950
20231219,13:58:47,51.2,50,223950
20231219,13:58:56,51.2,250,223950
20231219,13:59:05,51.2,50,223950
20231219,14:00:05,50.8,1150,223950
20231219,14:00:13,51.0,200,223950
20231219,14:00:22,51.0,300,223950
20231219,14:00:30,51.0,150,226800
20231219,14:00:38,51.0,950,226800
20231219,14:00:47,51.2,450,226800
20231219,14:01:03,51.5,300,226800
20231219,14:01:12,51.25,450,226800
20231219,14:01:20,51.5,150,226800
20231219,14:01:29,51.5,600,226800
20231219,14:01:37,51.5,100,226800
20231219,14:01:45,51.5,50,226800
20231219,14:01:53,51.5,50,226800
20231219,14:02:01,51.25,900,226800
20231219,14:02:16,51.35,100,226800
20231219,14:02:25,51.3,550,226800
20231219,14:02:41,51.5,650,226800
20231219,14:02:49,51.7,950,226800
20231219,14:02:58,51.8,450,226800
20231219,14:03:07,52.0,150,226800
20231219,14:03:16,52.0,300,226800
20231219,14:03:24,52.0,150,228400
20231219,14:03:33,52.0,900,228400
20231219,14:03:42,52.05,4250,228400
20231219,14:03:58,52.05,1350,228400
20231219,14:04:07,52.0,300,228400
20231219,14:04:15,52.05,50,228400
20231219,14:04:24,52.0,2000,228400
20231219,14:04:40,52.0,600,228400
20231219,14:04:49,52.0,950,228400
20231219,14:04:58,52.0,450,228400
20231219,14:05:07,52.0,500,228400
20231219,14:05:16,52.0,550,228400
20231219,14:05:24,52.05,50,228400
20231219,14:05:33,52.25,1050,228400
20231219,14:05:50,52.25,50,228400
20231219,14:06:12,52.25,450,228400
20231219,14:07:20,52.45,50,239300
20231219,14:07:29,52.45,50,239300
20231219,14:07:38,52.6,200,239300
20231219,14:07:56,52.6,50,239300
20231219,14:08:55,52.75,300,239300
20231219,14:09:04,52.85,50,239300
20231219,14:09:22,52.9,150,239300
20231219,14:09:40,52.95,150,239550
20231219,14:11:41,53.4,50,239550
20231219,14:12:17,53.55,200,239550
20231219,14:12:57,54.0,50,239650
20231219,14:13:07,54.0,150,239650
20231219,14:13:16,53.65,100,239650
20231219,14:13:26,53.5,300,239650
20231219,14:13:43,53.75,450,239650
20231219,14:13:53,53.95,50,239650
20231219,14:14:02,53.6,1700,239650
20231219,14:14:38,53.5,200,239650
20231219,14:14:47,53.4,200,239650
20231219,14:15:05,53.45,150,239650
20231219,14:15:14,53.25,150,239650
20231219,14:15:55,53.5,500,238550
20231219,14:16:05,53.25,200,238550
20231219,14:16:15,52.65,500,238550
20231219,14:16:34,52.75,350,238550
20231219,14:16:43,52.55,550,238550
20231219,14:17:20,52.65,1100,238550
20231219,14:17:30,52.7,50,238550
20231219,14:17:39,52.75,150,238550
20231219,14:18:44,53.35,250,239550
20231219,14:18:53,53.45,250,239550
20231219,14:19:02,53.5,3300,239550
20231219,14:19:11,53.5,4700,239550
20231219,14:19:29,53.05,200,239550
20231219,14:19:39,53.0,250,239550
20231219,14:20:05,53.35,200,239550
20231219,14:20:57,53.6,50,239550
20231219,14:21:14,53.75,450,239550
20231219,14:21:23,53.75,450,239550
20231219,14:21:31,53.8,50,246350
20231219,14:21:49,53.7,50,246350
20231219,14:23:08,53.4,150,246350
20231219,14:24:21,53.4,500,246350
20231219,14:24:31,53.1,250,246350
20231219,14:24:58,53.2,200,246200
20231219,14:26:08,53.5,550,246200
20231219,14:26:52,53.7,50,246200
20231219,14:27:00,53.8,100,246200
20231219,14:27:35,53.75,50,246000
20231219,14:27:43,53.9,50,246000
20231219,14:28:01,54.1,400,246000
20231219,14:28:10,54.05,400,246000
20231219,14:28:19,54.1,50,246000
20231219,14:28:28,54.0,50,246000
20231219,14:29:13,53.7,200,246000
20231219,14:29:56,53.8,50,246000
20231219,14:30:22,53.9,450,246000
20231219,14:30:39,54.05,50,245900
20231219,14:30:57,54.2,300,245900
20231219,14:31:07,54.3,200,245900
20231219,14:31:16,54.3,200,245900
20231219,14:31:57,54.8,800,245900
20231219,14:32:45,54.8,500,245900
20231219,14:32:55,54.35,450,245900
20231219,14:33:04,54.35,2500,245900
20231219,14:33:13,54.45,250,245900
20231219,14:33:22,54.8,450,245900
20231219,14:33:31,54.8,200,246500
20231219,14:33:50,54.9,200,246500
20231219,14:33:59,54.95,150,246500
20231219,14:34:09,54.95,100,246500
20231219,14:34:18,55.05,300,246500
20231219,14:34:38,55.3,350,246500
20231219,14:34:58,55.3,1800,246500
20231219,14:35:18,55.3,150,246500
20231219,14:35:27,55.3,100,246500
20231219,14:35:46,55.45,50,246500
20231219,14:35:56,55.65,100,246500
20231219,14:36:06,55.85,50,246500
20231219,14:36:16,55.85,1150,246500
20231219,14:36:26,55.85,650,246500
20231219,14:36:37,55.85,400,249850
20231219,14:37:24,55.9,650,249850
20231219,14:37:43,56.1,1000,249850
20231219,14:37:51,55.9,100,249850
20231219,14:38:01,55.95,1500,249850
20231219,14:38:10,56.1,50,249850
20231219,14:38:19,55.9,50,249850
20231219,14:38:28,55.7,300,249850
20231219,14:38:47,55.8,2200,249850
20231219,14:38:56,55.5,100,249850
20231219,14:39:05,55.5,50,249850
20231219,14:39:14,55.4,100,249850
20231219,14:39:23,55.5,150,249850
20231219,14:39:32,55.75,1000,249850
20231219,14:40:16,55.45,100,251600
20231219,14:40:25,55.5,100,251600
20231219,14:40:34,55.25,100,251600
20231219,14:40:43,55.25,1800,251600
20231219,14:41:17,55.0,900,251600
20231219,14:41:34,55.1,100,251600
20231219,14:41:51,55.05,200,251600
20231219,14:41:59,55.1,150,251600
20231219,14:42:25,55.3,300,251600
20231219,14:42:34,55.1,850,253050
20231219,14:42:46,55.1,500,253050
20231219,14:42:56,55.1,300,253050
20231219,14:43:14,54.95,500,253050
20231219,14:43:23,54.95,50,253050
20231219,14:43:32,54.95,1050,253050
20231219,14:43:41,54.95,200,253050
20231219,14:43:49,54.95,400,253050
20231219,14:43:58,54.7,400,253050
20231219,14:44:07,54.6,150,253050
20231219,14:44:16,54.4,600,253050
20231219,14:45:28,54.85,50,253050
20231219,14:45:36,55.05,50,256350
20231219,14:46:22,54.4,2000,256350
20231219,14:46:32,54.0,1400,256350
20231219,14:46:41,54.0,400,256350
20231219,14:46:51,53.9,200,256350
20231219,14:47:00,53.75,1300,256350
20231219,14:47:56,53.55,50,256350
20231219,14:48:06,53.75,1150,256350
20231219,14:48:15,53.75,1100,256350
20231219,14:48:25,53.5,450,256350
20231219,14:48:34,53.5,450,259750
20231219,14:48:43,53.7,50,259750
20231219,14:48:52,53.6,50,259750
20231219,14:49:00,53.25,250,259750
20231219,14:49:28,53.25,300,259750
20231219,14:49:38,52.65,350,259750
20231219,14:49:49,52.5,100,259750
20231219,14:49:59,51.75,3200,259750
20231219,14:50:18,52.0,50,259750
20231219,14:50:37,51.75,450,259750
20231219,14:50:47,52.15,50,259750
20231219,14:51:24,52.2,350,259750
20231219,14:52:09,52.0,5500,262350
20231219,14:52:18,51.75,250,262350
20231219,14:52:28,51.65,300,262350
20231219,14:52:47,51.8,50,262350
20231219,14:53:04,52.1,50,262350
20231219,14:53:13,52.3,2000,262350
20231219,14:53:22,52.0,200,262350
20231219,14:53:40,51.95,100,262350
20231219,14:53:57,51.9,500,262350
20231219,14:54:07,51.85,50,262350
20231219,14:54:28,51.0,600,262350
20231219,14:54:38,51.0,300,270150
20231219,14:54:57,51.0,300,270150
20231219,14:55:07,51.35,250,270150
20231219,14:55:36,51.45,800,270150
20231219,14:55:46,51.45,1800,270150
20231219,14:55:55,51.45,2750,270150
20231219,14:56:05,51.5,50,270150
20231219,14:56:14,51.45,1500,270150
20231219,14:56:33,51.45,3550,270150
20231219,14:56:43,51.45,8900,270150
20231219,14:56:52,51.0,4350,270150
20231219,14:57:12,51.25,100,270150
20231219,14:57:40,51.25,12900,290500
20231219,14:57:51,50.75,7100,290500
20231219,14:58:03,50.7,2500,290500
20231219,14:58:15,50.6,850,290500
20231219,14:58:25,50.45,550,290500
20231219,14:58:36,49.85,300,290500
20231219,14:58:47,49.3,1250,290500
20231219,14:58:58,49.35,750,290500
20231219,14:59:08,49.2,1400,290500
20231219,14:59:18,48.95,1450,290500
20231219,14:59:29,49.05,300,290500
20231219,14:59:39,48.95,2050,290500
20231219,14:59:50,48.8,450,290500
20231219,15:00:01,48.65,1050,290500
20231219,15:00:46,47.7,500,309500
20231219,15:00:57,47.8,350,309500
20231219,15:01:07,47.9,350,309500
20231219,15:01:17,48.05,1050,309500
20231219,15:01:37,48.05,300,309500
20231219,15:01:48,48.6,50,309500
20231219,15:01:58,48.75,150,309500
20231219,15:02:08,48.7,150,309500
20231219,15:02:19,49.25,200,309500
20231219,15:02:29,49.7,100,309500
20231219,15:02:40,49.5,550,309500
20231219,15:02:50,49.55,2700,309500
20231219,15:03:00,49.8,250,309500
20231219,15:03:11,49.75,800,309500
20231219,15:03:21,49.5,1850,309500
20231219,15:03:31,49.5,400,309500
20231219,15:03:41,49.65,50,313850
20231219,15:03:50,49.7,50,313850
20231219,15:04:00,49.6,50,313850
20231219,15:04:20,49.65,50,313850
20231219,15:04:39,49.5,6750,313850
20231219,15:04:49,49.45,7800,313850
20231219,15:05:00,49.35,350,313850
20231219,15:05:19,49.15,50,313850
20231219,15:05:30,49.4,600,313850
20231219,15:05:40,49.5,750,313850
20231219,15:06:00,49.45,50,313850
20231219,15:06:20,49.6,350,313850
20231219,15:06:30,49.75,600,313850
20231219,15:06:39,49.5,50,328350
20231219,15:06:49,49.6,100,328350
20231219,15:07:08,49.55,400,328350
20231219,15:07:18,49.6,250,328350
20231219,15:07:27,49.55,100,328350
20231219,15:08:07,50.35,300,328350
20231219,15:08:28,50.35,300,328350
20231219,15:08:38,50.35,300,328350
20231219,15:08:58,50.4,200,328350
20231219,15:09:07,50.45,900,328350
20231219,15:09:17,50.3,100,328350
20231219,15:09:26,50.55,100,328350
20231219,15:10:12,50.55,600,328100
20231219,15:10:22,50.7,450,328100
20231219,15:10:32,50.9,200,328100
20231219,15:10:42,50.55,2050,328100
20231219,15:10:51,50.6,2350,328100
20231219,15:11:01,50.55,800,328100
20231219,15:11:10,50.6,9800,328100
20231219,15:11:20,50.55,450,328100
20231219,15:11:29,50.65,100,328100
20231219,15:11:39,50.8,250,328100
20231219,15:11:48,50.75,500,328100
20231219,15:11:57,50.65,100,328100
20231219,15:12:06,50.8,300,328100
20231219,15:12:34,50.65,450,342050
20231219,15:12:44,50.6,100,342050
20231219,15:12:53,50.75,1050,342050
20231219,15:13:02,50.8,350,342050
20231219,15:13:58,50.05,400,342050
20231219,15:14:08,50.2,250,342050
20231219,15:14:17,50.05,200,342050
20231219,15:14:27,50.2,200,342050
20231219,15:14:36,50.15,100,342050
20231219,15:14:46,50.1,100,342050
20231219,15:14:55,50.0,200,342050
20231219,15:15:14,49.8,300,342050
20231219,15:15:23,50.1,500,342050
20231219,15:15:32,49.95,750,342050
20231219,15:15:41,50.05,150,342600
20231219,15:15:50,50.1,350,342600
20231219,15:15:59,50.25,500,342600
20231219,15:16:08,50.2,50,342600
20231219,15:16:26,50.1,50,342600
20231219,15:16:52,49.75,100,342600
20231219,15:17:37,49.85,650,342600
20231219,15:17:46,49.75,50,342600
20231219,15:18:05,49.75,200,342600
20231219,15:18:15,49.6,250,342600
20231219,15:18:53,49.25,250,343200
20231219,15:19:12,49.2,100,343200
20231219,15:19:56,49.25,50,343200
20231219,15:20:39,48.85,1600,343200
20231219,15:20:48,48.75,1100,343200
20231219,15:20:58,48.5,1800,343200
20231219,15:21:16,48.5,1000,343200
20231219,15:21:26,48.5,250,343200
20231219,15:21:53,48.35,50,343550
20231219,15:22:11,48.4,450,343550
20231219,15:22:56,48.4,500,343550
20231219,15:23:23,48.4,50,343550
20231219,15:23:43,48.7,200,343550
20231219,15:24:01,48.65,50,343550
20231219,15:24:11,48.7,200,343550
20231219,15:24:30,48.55,100,343550
20231219,15:25:27,48.55,50,344000
20231219,15:25:37,48.5,100,344000
20231219,15:25:46,48.55,100,344000
20231219,15:26:04,48.8,50,344000
20231219,15:26:22,48.7,100,344000
20231219,15:26:49,48.9,300,344000
20231219,15:26:58,48.8,250,344000
20231219,15:27:06,49.0,150,344000
20231219,15:27:16,49.05,300,344000
20231219,15:27:25,49.05,500,344000
20231219,15:27:34,49.1,950,344000
20231219,15:27:46,49.1,150,344700
20231219,15:27:57,49.35,1800,344700
20231219,15:28:16,49.45,950,344700
20231219,15:28:35,49.3,500,344700
20231219,15:28:54,49.35,550,344700
20231219,15:29:13,49.4,200,344700
20231219,15:29:23,49.45,200,344700
20231219,15:29:36,49.7,250,344700
20231219,15:29:49,49.85,250,344700
20231219,15:30:00,49.85,50,344700
20231220,09:15:13,54.2,1,343250
20231220,09:15:13,58.3,1,343250
20231220,09:15:13,54.25,4300,343250
20231220,09:15:22,54.75,900,343250
20231220,09:15:37,56.0,200,343250
20231220,09:15:51,57.3,50,343250
20231220,09:15:59,56.75,550,343250
20231220,09:16:06,56.55,1700,343250
20231220,09:16:13,56.0,450,343250
20231220,09:16:21,56.35,900,343250
20231220,09:16:28,56.2,200,343250
20231220,09:16:41,56.0,100,343250
20231220,09:16:48,56.25,200,343250
20231220,09:17:02,56.25,700,343250
20231220,09:17:16,56.1,650,343250
20231220,09:17:23,56.3,400,343250
20231220,09:17:30,56.2,300,343250
20231220,09:17:36,56.2,300,343250
20231220,09:17:43,56.2,1800,348650
20231220,09:17:49,55.75,100,348650
20231220,09:17:56,55.75,850,348650
20231220,09:18:02,55.75,200,348650
20231220,09:18:09,55.8,750,348650
20231220,09:18:22,55.8,100,348650
20231220,09:18:28,55.85,100,348650
20231220,09:18:34,55.85,50,348650
20231220,09:18:41,56.05,50,348650
20231220,09:18:47,56.2,50,348650
20231220,09:18:54,56.2,50,348650
20231220,09:19:00,56.1,750,348650
20231220,09:19:07,56.05,50,348650
20231220,09:19:13,56.05,250,348650
20231220,09:19:20,56.0,50,348650
20231220,09:19:26,55.95,50,348650
20231220,09:19:32,55.6,150,348650
20231220,09:20:00,55.95,50,348650
20231220,09:20:17,56.3,100,348650
20231220,09:20:41,56.1,350,348650
20231220,09:20:49,56.1,50,351200
20231220,09:20:57,55.75,50,351200
20231220,09:21:05,55.8,1000,351200
20231220,09:21:13,55.95,300,351200
20231220,09:21:21,55.5,700,351200
20231220,09:21:29,55.45,500,351200
20231220,09:21:37,55.5,2250,351200
20231220,09:21:45,55.2,250,351200
20231220,09:21:54,55.2,300,351200
20231220,09:22:03,55.0,1800,351200
20231220,09:22:14,55.3,2150,351200
20231220,09:22:24,55.4,300,351200
20231220,09:22:42,55.8,250,351200
20231220,09:22:51,56.3,200,351200
20231220,09:23:09,56.35,50,351200
20231220,09:23:25,56.65,50,351200
20231220,09:23:33,56.8,350,351200
20231220,09:23:40,56.8,1250,351200
20231220,09:23:48,57.0,100,348200
20231220,09:23:57,57.4,100,348200
20231220,09:24:05,57.4,50,348200
20231220,09:24:21,58.0,100,348200
20231220,09:24:30,58.0,450,348200
20231220,09:24:40,58.0,200,348200
20231220,09:24:48,58.0,200,348200
20231220,09:24:56,58.0,50,348200
20231220,09:25:12,57.75,50,348200
20231220,09:25:21,58.05,700,348200
20231220,09:25:29,58.35,1200,348200
20231220,09:25:37,58.35,100,348200
20231220,09:25:45,58.0,50,348200
20231220,09:25:53,57.75,100,348200
20231220,09:26:01,58.15,150,348200
20231220,09:26:09,58.1,100,348200
20231220,09:26:26,58.05,50,348200
20231220,09:26:34,57.8,100,348200
20231220,09:26:45,57.75,300,346750
20231220,09:26:55,57.75,850,346750
20231220,09:27:04,57.85,50,346750
20231220,09:27:12,57.35,400,346750
20231220,09:27:28,57.8,50,346750
20231220,09:27:36,58.1,100,346750
20231220,09:28:09,58.1,100,346750
20231220,09:28:17,57.9,150,346750
20231220,09:28:25,58.2,350,346750
20231220,09:28:34,58.5,400,346750
20231220,09:28:42,58.75,300,346750
20231220,09:28:51,58.6,100,346750
20231220,09:28:59,58.3,2050,346750
20231220,09:29:16,58.05,300,346750
20231220,09:29:25,58.35,50,346750
20231220,09:29:42,58.1,50,346750
20231220,09:29:50,58.2,400,347250
20231220,09:29:59,58.1,50,347250
20231220,09:30:07,58.4,150,347250
20231220,09:30:16,58.45,400,347250
20231220,09:30:24,58.25,1000,347250
20231220,09:30:32,58.3,300,347250
20231220,09:30:41,58.1,2150,347250
20231220,09:30:49,58.35,650,347250
20231220,09:30:57,58.35,50,347250
20231220,09:31:05,58.3,50,347250
20231220,09:31:14,58.6,600,347250
20231220,09:31:22,58.55,150,347250
20231220,09:31:29,58.55,600,347250
20231220,09:31:38,58.55,250,347250
20231220,09:31:46,58.55,1400,347250
20231220,09:31:54,58.6,250,347250
20231220,09:32:02,58.6,400,347250
20231220,09:32:10,58.95,150,347250
20231220,09:32:19,59.35,2650,347250
20231220,09:32:27,59.55,1700,347250
20231220,09:32:35,59.3,250,347250
20231220,09:32:44,59.3,100,347250
20231220,09:32:52,59.35,4500,345100
20231220,09:33:00,59.15,200,345100
20231220,09:33:08,59.4,300,345100
20231220,09:33:17,59.1,200,345100
20231220,09:33:25,59.35,150,345100
20231220,09:33:33,59.45,450,345100
20231220,09:33:41,59.75,800,345100
20231220,09:33:50,59.8,300,345100
20231220,09:33:59,60.25,1350,345100
20231220,09:34:08,60.35,700,345100
20231220,09:34:16,60.35,50,345100
20231220,09:34:34,60.25,100,345100
20231220,09:34:42,60.3,150,345100
20231220,09:34:50,60.25,50,345100
20231220,09:34:58,60.15,100,345100
20231220,09:35:07,60.2,650,345100
20231220,09:35:15,60.25,150,345100
20231220,09:35:23,60.45,250,345100
20231220,09:35:39,60.45,50,345100
20231220,09:35:55,60.4,50,348350
20231220,09:36:03,60.5,100,348350
20231220,09:36:19,60.85,50,348350
20231220,09:36:45,61.1,850,348350
20231220,09:37:20,61.5,400,348350
20231220,09:37:28,61.65,200,348350
20231220,09:37:37,61.65,200,348350
20231220,09:37:45,61.9,250,348350
20231220,09:37:53,62.0,1600,348350
20231220,09:38:02,62.0,1250,348350
20231220,09:38:10,62.0,50,348350
20231220,09:38:18,61.9,1550,348350
20231220,09:38:27,61.6,600,348350
20231220,09:38:36,61.75,250,348350
20231220,09:38:45,61.9,100,348350
20231220,09:38:53,61.6,500,349250
20231220,09:39:01,61.7,150,349250
20231220,09:39:10,61.7,50,349250
20231220,09:39:19,61.7,300,349250
20231220,09:39:28,61.7,1200,349250
20231220,09:39:37,61.55,700,349250
20231220,09:39:46,61.5,3400,349250
20231220,09:39:56,61.65,2950,349250
20231220,09:40:13,61.6,50,349250
20231220,09:40:22,61.6,50,349250
20231220,09:40:31,61.7,100,349250
20231220,09:40:40,61.7,1100,349250
20231220,09:40:49,61.7,250,349250
20231220,09:40:58,61.5,1400,349250
20231220,09:41:08,61.45,900,349250
20231220,09:41:26,61.45,250,349250
20231220,09:41:35,61.55,1050,349250
20231220,09:41:52,61.45,100,342700
20231220,09:42:01,61.3,800,342700
20231220,09:42:10,61.35,550,342700
20231220,09:42:18,61.3,500,342700
20231220,09:42:34,61.3,50,342700
20231220,09:42:43,61.2,1250,342700
20231220,09:42:51,61.25,1500,342700
20231220,09:42:59,61.4,50,342700
20231220,09:43:07,61.0,300,342700
20231220,09:43:24,61.0,450,342700
20231220,09:43:57,60.75,700,342700
20231220,09:44:13,60.75,50,342700
20231220,09:44:21,60.9,600,342700
20231220,09:44:29,60.5,500,342700
20231220,09:44:44,60.75,100,342700
20231220,09:44:53,60.95,250,344450
20231220,09:45:09,60.95,300,344450
20231220,09:45:25,61.0,1050,344450
20231220,09:45:42,60.4,700,344450
20231220,09:45:50,60.3,700,344450
20231220,09:45:59,60.1,750,344450
20231220,09:46:07,60.15,100,344450
20231220,09:46:16,59.8,450,344450
20231220,09:46:24,60.0,100,344450
20231220,09:46:32,59.5,250,344450
20231220,09:46:49,59.75,9050,344450
20231220,09:46:58,59.5,50,344450
20231220,09:47:06,59.9,150,344450
20231220,09:47:14,60.0,100,344450
20231220,09:47:22,59.8,500,344450
20231220,09:47:38,59.9,50,344450
20231220,09:48:01,59.95,800,335600
20231220,09:48:10,60.0,750,335600
20231220,09:48:28,59.5,150,335600
20231220,09:48:36,59.4,500,335600
20231220,09:48:52,59.55,100,335600
20231220,09:49:01,59.8,150,335600
20231220,09:49:09,59.85,50,335600
20231220,09:49:25,59.75,50,335600
20231220,09:49:41,59.75,850,335600
20231220,09:49:49,59.75,200,335600
20231220,09:50:05,59.8,50,335600
20231220,09:50:13,59.8,150,335600
20231220,09:50:21,59.5,450,335600
20231220,09:50:29,59.8,100,335600
20231220,09:50:53,59.9,2850,336600
20231220,09:51:01,59.9,250,336600
20231220,09:51:10,60.0,100,336600
20231220,09:51:18,59.95,3750,336600
20231220,09:51:26,59.95,250,336600
20231220,09:51:34,59.9,50,336600
20231220,09:52:03,59.85,750,336600
20231220,09:52:13,59.85,100,336600
20231220,09:52:21,59.9,1600,336600
20231220,09:52:30,59.9,300,336600
20231220,09:52:39,59.85,50,336600
20231220,09:52:55,59.9,200,336600
20231220,09:53:03,59.9,1900,336600
20231220,09:53:12,59.9,2350,336600
20231220,09:53:20,59.85,650,336600
20231220,09:53:28,59.85,400,336600
20231220,09:53:36,59.85,50,336600
20231220,09:54:01,59.75,150,331050
20231220,09:54:09,59.8,50,331050
20231220,09:54:17,59.7,50,331050
20231220,09:54:25,59.55,450,331050
20231220,09:54:33,59.65,50,331050
20231220,09:54:41,59.55,450,331050
20231220,09:54:50,59.45,950,331050
20231220,09:55:06,59.5,300,331050
20231220,09:55:23,59.45,50,331050
20231220,09:55:40,59.45,100,331050
20231220,09:55:48,59.2,1850,331050
20231220,09:55:57,59.2,450,331050
20231220,09:56:05,59.15,1050,331050
20231220,09:56:13,59.1,50,331050
20231220,09:56:22,59.0,1300,331050
20231220,09:56:37,59.2,800,331050
20231220,09:56:46,59.1,50,331050
20231220,09:57:02,59.1,50,326200
20231220,09:57:10,59.0,1050,326200
20231220,09:57:26,59.2,1100,326200
20231220,09:57:35,59.15,900,326200
20231220,09:57:51,59.2,400,326200
20231220,09:58:08,59.25,400,326200
20231220,09:58:16,59.2,50,326200
20231220,09:58:24,59.3,50,326200
20231220,09:58:33,59.15,50,326200
20231220,09:58:42,59.1,50,326200
20231220,09:58:50,59.15,100,326200
20231220,10:00:16,59.15,300,325700
20231220,10:00:32,59.15,2700,325700
20231220,10:00:49,59.0,200,325700
20231220,10:01:14,58.95,50,325700
20231220,10:02:02,58.6,50,325700
20231220,10:02:10,58.7,1350,325700
20231220,10:02:47,58.15,500,325700
20231220,10:02:59,58.15,50,323700
20231220,10:03:08,57.95,1950,323700
20231220,10:03:17,57.9,150,323700
20231220,10:03:26,57.0,18900,323700
20231220,10:03:35,56.9,3200,323700
20231220,10:03:44,57.0,100,323700
20231220,10:03:53,57.0,750,323700
20231220,10:04:01,57.0,2500,323700
20231220,10:04:10,56.95,900,323700
20231220,10:04:18,56.85,50,323700
20231220,10:04:27,56.95,250,323700
20231220,10:04:35,57.0,450,323700
20231220,10:04:43,57.0,400,323700
20231220,10:04:51,56.9,50,323700
20231220,10:04:59,57.0,400,323700
20231220,10:05:07,56.95,2150,323700
20231220,10:05:16,56.85,1000,323700
20231220,10:05:25,56.8,450,323700
20231220,10:05:33,57.0,500,323700
20231220,10:05:41,56.95,150,323700
20231220,10:05:58,57.0,400,303400
20231220,10:06:06,56.95,450,303400
20231220,10:06:14,56.95,50,303400
20231220,10:06:22,56.8,350,303400
20231220,10:06:38,56.8,400,303400
20231220,10:06:47,56.75,1550,303400
20231220,10:06:55,56.65,50,303400
20231220,10:07:12,56.7,450,303400
20231220,10:07:21,56.6,300,303400
20231220,10:07:30,55.95,14900,303400
20231220,10:07:38,55.95,2100,303400
20231220,10:07:58,55.0,3100,303400
20231220,10:08:09,54.95,4450,303400
20231220,10:08:18,54.9,350,303400
20231220,10:08:27,55.0,300,303400
20231220,10:08:35,54.8,150,303400
20231220,10:08:44,54.85,50,303400
20231220,10:08:52,54.8,100,280750
20231220,10:09:01,54.75,450,280750
20231220,10:09:10,54.75,150,280750
20231220,10:09:19,54.75,450,280750
20231220,10:09:51,54.95,50,280750
20231220,10:09:59,54.75,500,280750
20231220,10:10:24,55.0,750,280750
20231220,10:10:32,55.0,800,280750
20231220,10:10:40,55.1,1350,280750
20231220,10:10:49,55.0,1050,280750
20231220,10:10:57,55.0,1600,280750
20231220,10:11:05,55.0,3250,280750
20231220,10:11:14,55.0,600,280750
20231220,10:11:22,54.95,1000,280750
20231220,10:11:31,55.0,4600,280750
20231220,10:11:39,54.75,900,280750
20231220,10:11:48,55.0,3950,274200
20231220,10:11:56,54.95,50,274200
20231220,10:12:05,54.85,150,274200
20231220,10:12:14,54.9,50,274200
20231220,10:12:23,54.7,2700,274200
20231220,10:12:31,54.75,2850,274200
20231220,10:12:39,54.6,150,274200
20231220,10:12:47,54.75,700,274200
20231220,10:12:55,54.7,100,274200
20231220,10:13:04,54.7,550,274200
20231220,10:13:12,54.7,300,274200
20231220,10:13:19,54.7,250,274200
20231220,10:13:28,54.65,550,274200
20231220,10:13:36,54.95,750,274200
20231220,10:13:45,55.05,450,274200
20231220,10:13:53,54.95,1250,274200
20231220,10:14:01,54.8,1300,274200
20231220,10:14:17,54.8,500,274200
20231220,10:14:25,54.8,100,274200
20231220,10:14:41,54.75,750,274200
20231220,10:15:07,55.05,1250,270750
20231220,10:15:16,55.1,850,270750
20231220,10:15:24,54.95,50,270750
20231220,10:15:33,55.1,3200,270750
20231220,10:15:42,55.05,500,270750
20231220,10:15:51,55.0,1450,270750
20231220,10:15:59,54.95,3050,270750
20231220,10:16:08,54.95,550,270750
20231220,10:16:16,54.95,350,270750
20231220,10:16:24,55.0,750,270750
20231220,10:16:33,55.0,500,270750
20231220,10:16:42,54.85,150,270750
20231220,10:16:50,55.1,800,270750
20231220,10:16:59,55.1,700,270750
20231220,10:17:08,55.05,50,270750
20231220,10:17:25,55.1,600,270750
20231220,10:17:33,55.1,650,270750
20231220,10:17:42,55.1,500,270750
20231220,10:17:50,55.1,2100,264350
20231220,10:17:59,55.1,800,264350
20231220,10:18:07,55.1,2200,264350
20231220,10:18:15,55.05,2850,264350
20231220,10:18:24,55.15,2400,264350
20231220,10:18:33,55.0,400,264350
20231220,10:18:41,55.0,250,264350
20231220,10:18:50,55.2,100,264350
20231220,10:18:58,55.2,1100,264350
20231220,10:19:06,55.1,100,264350
20231220,10:19:14,55.15,50,264350
20231220,10:19:23,55.0,550,264350
20231220,10:19:31,55.15,250,264350
20231220,10:19:56,55.2,50,264350
20231220,10:20:21,55.25,50,264350
20231220,10:20:29,55.2,400,264350
20231220,10:20:37,55.0,50,264350
20231220,10:20:45,55.05,50,264350
20231220,10:20:53,55.0,200,261150
20231220,10:21:02,55.0,50,261150
20231220,10:21:25,55.2,300,261150
20231220,10:21:32,55.1,50,261150
20231220,10:21:39,55.1,50,261150
20231220,10:21:47,55.05,100,261150
20231220,10:21:54,55.0,400,261150
20231220,10:22:25,55.0,50,261150
20231220,10:22:33,55.0,150,261150
20231220,10:22:41,55.0,50,261150
20231220,10:22:48,55.0,50,261150
20231220,10:22:56,55.0,50,261150
20231220,10:23:21,55.0,500,261150
20231220,10:23:54,55.1,50,261150
20231220,10:24:01,55.0,450,260800
20231220,10:24:09,55.0,450,260800
20231220,10:24:49,55.2,50,260800
20231220,10:25:26,55.5,250,260800
20231220,10:25:44,55.5,300,260800
20231220,10:26:17,55.6,200,260800
20231220,10:26:33,55.6,100,260800
20231220,10:26:49,55.65,50,260800
20231220,10:27:13,55.8,50,261200
20231220,10:27:36,55.7,50,261200
20231220,10:27:52,55.6,50,261200
20231220,10:28:00,55.75,50,261200
20231220,10:28:08,55.55,150,261200
20231220,10:28:24,55.45,100,261200
20231220,10:28:31,55.6,50,261200
20231220,10:28:46,55.6,50,261200
20231220,10:28:54,55.6,100,261200
20231220,10:29:11,55.0,1400,261200
20231220,10:29:19,55.15,50,261200
20231220,10:29:28,55.05,500,261200
20231220,10:29:37,54.75,150,261200
20231220,10:29:45,54.75,850,261200
20231220,10:29:54,54.95,250,260150
20231220,10:30:03,54.8,500,260150
20231220,10:30:11,55.1,50,260150
20231220,10:30:29,55.05,150,260150
20231220,10:30:37,55.0,350,260150
20231220,10:30:46,55.05,50,260150
20231220,10:30:54,55.1,50,260150
20231220,10:31:02,55.05,350,260150
20231220,10:31:27,55.3,100,260150
20231220,10:31:53,55.25,50,260150
20231220,10:32:01,55.25,50,260150
20231220,10:32:09,55.25,50,260150
20231220,10:32:42,55.3,50,260150
20231220,10:32:50,55.0,4050,260150
20231220,10:32:58,55.0,800,257950
20231220,10:33:13,54.95,950,257950
20231220,10:33:36,54.95,50,257950
20231220,10:33:44,55.0,800,257950
20231220,10:33:52,54.95,50,257950
20231220,10:34:08,55.0,400,257950
20231220,10:34:16,54.95,150,257950
20231220,10:34:25,54.9,100,257950
20231220,10:34:33,54.8,50,257950
20231220,10:34:41,54.8,650,257950
20231220,10:34:49,54.8,150,257950
20231220,10:34:57,54.85,100,257950
20231220,10:35:13,54.95,200,257950
20231220,10:35:21,55.0,450,257950
20231220,10:35:29,54.85,100,257950
20231220,10:35:36,54.85,50,257950
20231220,10:35:59,55.0,250,253700
20231220,10:36:13,54.75,1000,253700
20231220,10:36:21,54.95,50,253700
20231220,10:36:42,55.0,100,253700
20231220,10:36:50,55.0,9850,253700
20231220,10:36:57,55.2,1750,253700
20231220,10:37:05,55.15,1400,253700
20231220,10:37:13,55.3,1000,253700
20231220,10:37:20,55.3,50,253700
20231220,10:37:28,55.3,50,253700
20231220,10:38:00,55.9,50,253700
20231220,10:38:08,55.95,1000,253700
20231220,10:38:16,55.95,200,253700
20231220,10:38:24,55.95,50,253700
20231220,10:38:31,55.95,1450,253700
20231220,10:38:38,55.95,200,253700
20231220,10:38:45,55.95,200,253700
20231220,10:38:52,55.95,1650,244450
20231220,10:39:00,55.9,50,244450
20231220,10:39:08,55.95,1400,244450
20231220,10:39:46,55.9,50,244450
20231220,10:40:02,55.95,1050,244450
20231220,10:40:10,55.9,750,244450
20231220,10:40:18,55.95,450,244450
20231220,10:40:33,55.95,350,244450
20231220,10:40:49,55.9,50,244450
20231220,10:40:57,55.9,50,244450
20231220,10:41:04,55.85,150,244450
20231220,10:41:12,55.85,200,244450
20231220,10:41:19,55.9,150,244450
20231220,10:41:28,55.95,800,244450
20231220,10:41:37,55.95,5950,244450
20231220,10:41:45,55.8,1600,244450
20231220,10:41:54,55.75,350,233100
20231220,10:42:12,55.85,1750,233100
20231220,10:42:21,55.75,200,233100
20231220,10:42:29,55.75,350,233100
20231220,10:43:34,55.75,50,233100
20231220,10:43:42,55.7,50,233100
20231220,10:44:08,55.9,50,233100
20231220,10:44:41,55.95,2050,233100
20231220,10:44:49,56.0,1800,233100
20231220,10:44:58,56.0,50,233100
20231220,10:45:06,56.0,200,230350
20231220,10:45:14,56.0,50,230350
20231220,10:45:24,56.25,700,230350
20231220,10:45:42,56.0,50,230350
20231220,10:45:58,56.0,50,230350
20231220,10:46:06,56.05,50,230350
20231220,10:46:23,56.15,50,230350
20231220,10:46:40,56.05,50,230350
20231220,10:46:57,56.25,50,230350
20231220,10:47:07,56.45,4500,230350
20231220,10:47:15,56.5,50,230350
20231220,10:47:24,56.3,450,230350
20231220,10:47:32,56.45,50,230350
20231220,10:47:48,56.4,50,230350
20231220,10:47:56,56.55,150,228550
20231220,10:48:05,56.7,100,228550
20231220,10:48:13,56.75,200,228550
20231220,10:48:21,56.7,550,228550
20231220,10:48:30,56.65,150,228550
20231220,10:48:38,56.45,350,228550
20231220,10:48:47,56.45,400,228550
20231220,10:48:56,56.45,150,228550
20231220,10:49:05,56.3,100,228550
20231220,10:49:46,56.3,50,228550
20231220,10:50:23,56.3,50,228550
20231220,10:50:32,56.2,50,228550
20231220,10:50:41,56.2,50,228550
20231220,10:51:05,56.0,550,226850
20231220,10:51:14,55.95,400,226850
20231220,10:51:22,55.85,350,226850
20231220,10:51:30,55.8,50,226850
20231220,10:51:38,55.8,100,226850
20231220,10:52:18,55.6,50,226850
20231220,10:53:18,55.9,550,226850
20231220,10:53:25,55.9,50,226850
20231220,10:53:33,55.85,1050,226850
20231220,10:53:41,55.85,1350,226850
20231220,10:54:02,55.9,50,223500
20231220,10:54:09,56.0,600,223500
20231220,10:54:16,55.9,100,223500
20231220,10:54:23,56.0,200,223500
20231220,10:54:31,56.0,150,223500
20231220,10:54:38,55.9,550,223500
20231220,10:54:47,55.8,150,223500
20231220,10:54:54,55.95,50,223500
20231220,10:55:01,55.8,200,223500
20231220,10:55:09,56.05,50,223500
20231220,10:55:17,56.1,200,223500
20231220,10:55:24,56.0,50,223500
20231220,10:55:32,56.05,50,223500
20231220,10:55:40,56.05,50,223500
20231220,10:56:04,56.2,200,223500
20231220,10:56:35,56.15,50,223500
20231220,10:56:43,56.1,150,223500
20231220,10:56:51,56.4,1000,223500
20231220,10:57:14,56.5,250,221950
20231220,10:57:22,56.65,250,221950
20231220,10:57:30,56.5,600,221950
20231220,10:57:37,56.55,100,221950
20231220,10:57:52,56.6,150,221950
20231220,10:58:30,56.85,50,221950
20231220,10:59:00,56.9,150,221950
20231220,10:59:21,56.7,500,221950
20231220,11:00:14,57.4,800,221150
20231220,11:00:21,57.55,50,221150
20231220,11:00:28,57.6,250,221150
20231220,11:00:36,57.7,50,221150
20231220,11:00:43,57.7,50,221150
20231220,11:00:51,57.6,300,221150
20231220,11:01:51,57.6,1050,221150
20231220,11:02:13,57.6,50,221150
20231220,11:02:42,57.75,200,221150
20231220,11:02:49,58.0,250,221150
20231220,11:04:27,58.0,300,220200
20231220,11:04:35,58.0,50,220200
20231220,11:04:43,58.0,50,220200
20231220,11:05:14,58.0,50,220200
20231220,11:05:30,58.2,450,220200
20231220,11:06:01,58.25,50,219700
20231220,11:06:08,58.25,700,219700
20231220,11:06:15,58.35,850,219700
20231220,11:06:22,58.35,350,219700
20231220,11:06:29,58.4,100,219700
20231220,11:06:43,58.35,50,219700
20231220,11:06:50,58.35,50,219700
20231220,11:06:56,58.4,50,219700
20231220,11:07:03,58.4,300,219700
20231220,11:07:10,58.4,50,219700
20231220,11:07:18,58.45,450,219700
20231220,11:07:26,58.5,50,219700
20231220,11:07:49,58.35,300,219700
20231220,11:08:04,58.3,50,219700
20231220,11:08:11,58.2,300,219700
20231220,11:08:18,58.2,900,219700
20231220,11:08:32,58.15,50,219700
20231220,11:08:40,58.2,400,219700
20231220,11:09:46,58.0,50,216200
20231220,11:09:53,58.1,1500,216200
20231220,11:10:08,58.05,300,216200
20231220,11:10:22,58.05,50,216200
20231220,11:10:43,58.2,50,216200
20231220,11:10:51,58.1,50,216200
20231220,11:10:58,58.0,50,216200
20231220,11:11:28,58.05,200,216200
20231220,11:11:35,58.1,600,216200
20231220,11:11:43,58.0,1300,216200
20231220,11:12:15,58.15,200,215900
20231220,11:12:23,58.15,250,215900
20231220,11:12:47,58.15,500,215900
20231220,11:12:55,58.15,50,215900
20231220,11:13:10,58.15,450,215900
20231220,11:13:40,58.1,200,215900
20231220,11:13:47,58.1,50,215900
20231220,11:13:55,58.15,100,215900
20231220,11:14:03,58.15,100,215900
20231220,11:14:33,58.1,2050,215900
20231220,11:14:41,58.05,50,215900
20231220,11:14:52,58.15,2050,215900
20231220,11:15:04,58.2,1800,217400
20231220,11:15:13,57.9,150,217400
20231220,11:15:31,57.9,50,217400
20231220,11:15:40,58.0,950,217400
20231220,11:15:56,58.2,1800,217400
20231220,11:16:04,58.15,100,217400
20231220,11:16:12,58.2,300,217400
20231220,11:16:21,58.2,3650,217400
20231220,11:16:29,58.2,1500,217400
20231220,11:16:45,58.45,1800,217400
20231220,11:17:01,58.3,150,217400
20231220,11:17:24,58.1,50,217400
20231220,11:17:56,58.25,50,217400
20231220,11:18:59,57.95,50,216150
20231220,11:19:08,57.8,250,216150
20231220,11:19:49,57.9,400,216150
20231220,11:20:16,57.75,1500,216150
20231220,11:20:25,57.7,1000,216150
20231220,11:21:05,57.85,50,215700
20231220,11:22:39,58.2,50,215700
20231220,11:22:48,58.3,50,215700
20231220,11:22:57,58.5,250,215700
20231220,11:23:05,58.55,50,215700
20231220,11:24:09,58.45,50,215900
20231220,11:24:18,58.05,300,215900
20231220,11:24:27,58.15,50,215900
20231220,11:24:44,58.2,300,215900
20231220,11:25:01,58.1,600,215900
20231220,11:25:09,58.2,450,215900
20231220,11:25:18,58.2,2650,215900
20231220,11:25:43,58.5,150,215900
20231220,11:25:51,58.5,200,215900
20231220,11:26:15,58.6,1200,215900
20231220,11:26:22,58.55,50,215900
20231220,11:26:37,58.6,600,215900
20231220,11:26:59,58.65,50,215900
20231220,11:27:07,58.7,50,221050
20231220,11:27:36,58.8,100,221050
20231220,11:27:44,58.85,50,221050
20231220,11:27:52,58.85,100,221050
20231220,11:27:59,58.85,400,221050
20231220,11:28:07,59.0,50,221050
20231220,11:28:14,58.95,350,221050
20231220,11:28:22,59.2,50,221050
20231220,11:28:38,59.05,50,221050
20231220,11:28:59,59.05,50,221050
20231220,11:29:14,59.1,700,221050
20231220,11:29:31,58.85,50,221050
20231220,11:29:48,58.65,300,221050
20231220,11:29:56,58.45,50,221050
20231220,11:30:04,58.25,100,220450
20231220,11:30:32,57.95,350,220450
20231220,11:30:41,58.25,50,220450
20231220,11:31:07,58.1,100,220450
20231220,11:31:25,57.8,50,220450
20231220,11:31:42,57.65,50,220450
20231220,11:31:52,57.65,50,220450
20231220,11:32:00,57.55,250,220450
20231220,11:32:08,57.5,200,220450
20231220,11:32:17,57.3,300,220450
20231220,11:32:26,57.35,50,220450
20231220,11:32:34,57.35,150,220450
20231220,11:32:51,57.45,50,220450
20231220,11:33:08,57.3,550,220450
20231220,11:33:16,57.25,100,220450
20231220,11:33:45,56.9,250,220450
20231220,11:34:28,56.9,50,220450
20231220,11:34:37,56.75,200,220450
20231220,11:34:45,56.85,200,220450
20231220,11:34:53,56.75,50,220450
20231220,11:35:10,56.8,500,220450
20231220,11:35:18,56.65,150,220450
20231220,11:35:28,56.1,500,220450
20231220,11:35:37,56.45,50,220450
20231220,11:35:46,56.45,50,220450
20231220,11:36:03,56.45,200,220300
20231220,11:36:11,56.5,100,220300
20231220,11:36:20,56.45,50,220300
20231220,11:36:29,56.55,150,220300
20231220,11:36:37,56.55,400,220300
20231220,11:36:46,56.5,50,220300
20231220,11:37:02,56.5,50,220300
20231220,11:37:11,56.55,250,220300
20231220,11:37:20,56.95,50,220300
20231220,11:37:29,57.1,150,220300
20231220,11:37:40,57.25,100,220300
20231220,11:37:58,57.3,50,220300
20231220,11:38:07,57.55,300,220300
20231220,11:38:16,57.0,1950,220300
20231220,11:39:00,57.0,50,220300
20231220,11:41:19,57.05,100,220650
20231220,11:41:28,56.6,250,220650
20231220,11:41:47,56.85,50,220650
20231220,11:42:24,57.1,50,220600
20231220,11:42:42,57.0,750,220600
20231220,11:42:51,56.55,700,220600
20231220,11:42:59,56.35,200,220600
20231220,11:43:08,56.25,200,220600
20231220,11:43:27,56.25,50,220600
20231220,11:43:36,55.8,300,220600
20231220,11:44:11,55.6,100,220600
20231220,11:44:21,55.55,50,220600
20231220,11:44:31,55.4,50,220600
20231220,11:44:40,55.45,50,220600
20231220,11:45:07,55.8,4750,221100
20231220,11:45:16,55.8,4750,221100
20231220,11:45:25,55.8,8700,221100
20231220,11:45:34,56.5,200,221100
20231220,11:45:43,56.75,500,221100
20231220,11:45:52,56.85,400,221100
20231220,11:46:00,56.85,450,221100
20231220,11:46:16,56.55,50,221100
20231220,11:46:57,56.65,50,221100
20231220,11:47:23,56.45,50,221100
20231220,11:47:57,56.45,300,221100
20231220,11:48:06,56.45,250,221100
20231220,11:48:14,56.2,250,211700
20231220,11:48:55,56.2,150,211700
20231220,11:49:04,56.05,300,211700
20231220,11:49:13,56.05,1700,211700
20231220,11:49:22,56.05,3500,211700
20231220,11:49:31,56.35,3550,211700
20231220,11:49:48,56.3,600,211700
20231220,11:50:14,56.1,100,211700
20231220,11:51:07,56.05,50,206900
20231220,11:51:17,55.65,300,206900
20231220,11:51:37,56.1,50,206900
20231220,11:51:45,56.05,100,206900
20231220,11:51:55,56.0,2800,206900
20231220,11:52:21,55.9,50,206900
20231220,11:52:30,55.5,100,206900
20231220,11:52:41,55.1,50,206900
20231220,11:53:40,55.1,50,206900
20231220,11:54:00,54.7,150,206900
20231220,11:54:19,55.0,50,204000
20231220,11:54:37,54.65,50,204000
20231220,11:54:46,54.95,50,204000
