date,time,tick_price,volume,open_interest
20240206,13:27:48,2.8,450,850
20240206,13:27:55,2.75,100,850
20240206,13:28:08,2.75,50,850
20240206,13:28:34,2.75,100,850
20240206,13:28:40,2.75,50,850
20240206,13:28:58,2.75,50,850
20240206,13:29:04,2.75,50,850
20240206,13:29:29,2.75,50,850
20240206,13:30:26,2.75,50,850
20240206,13:31:01,2.75,250,850
20240206,13:31:25,2.75,50,850
20240206,13:32:06,2.75,50,850
20240206,13:32:53,2.75,50,1250
20240206,13:34:52,2.8,50,1250
20240206,13:35:20,2.8,50,1350
20240206,13:35:25,2.85,200,1350
20240206,14:03:34,2.9,50,1350
20240206,14:05:34,2.9,50,1350
20240206,14:06:02,2.85,50,1350
20240206,14:07:40,2.9,50,1350
20240206,14:09:30,2.9,50,1350
20240206,14:10:43,2.9,50,1350
20240206,14:25:50,3.0,50,1350
20240206,15:25:45,3.0,550,1350
20240207,09:15:20,2.45,1,1900
20240207,09:15:20,2.35,300,1900
20240207,09:15:32,2.35,150,1900
20240207,09:15:46,2.35,50,1900
20240207,09:16:00,2.35,50,1900
20240207,09:17:16,2.4,150,1900
20240207,09:17:40,2.35,50,1900
20240207,09:19:09,2.5,100,1900
20240207,09:19:19,2.5,50,1900
20240207,09:19:28,2.5,100,1900
20240207,09:19:46,2.5,50,2350
20240207,09:20:05,2.5,50,2350
20240207,09:20:27,2.55,50,2350
20240207,09:21:45,2.6,50,2350
20240207,09:22:07,2.6,50,2350
20240207,09:25:47,2.6,50,2450
20240207,09:27:36,2.6,50,2450
20240207,09:28:41,2.6,50,2500
20240207,09:43:01,2.6,50,2550
20240207,09:52:36,2.6,100,2600
20240207,10:16:47,2.25,50,2500
20240207,10:17:01,2.4,100,2500
20240207,10:28:23,2.5,50,2450
20240207,10:29:34,2.25,50,2500
20240207,10:36:53,2.3,250,2450
20240207,10:37:08,2.3,200,2450
20240207,10:37:22,2.3,50,2450
20240207,11:33:59,2.5,50,2000
20240207,11:34:15,2.5,50,2000
20240207,11:37:22,2.5,50,2000
20240207,11:37:50,2.3,50,2000
20240207,11:37:58,2.4,50,1900
20240207,11:38:08,2.4,100,1900
20240207,11:38:19,2.4,50,1900
20240207,11:38:38,2.4,100,1900
20240207,12:02:34,2.25,100,1650
20240207,12:03:52,2.2,50,1650
20240207,12:09:24,2.15,100,1650
20240207,12:27:48,2.15,50,1650
20240207,13:42:26,2.05,150,1700
20240207,13:43:01,2.0,50,1700
20240207,14:11:33,1.85,50,1700
20240207,14:18:33,1.85,100,1650
20240207,14:34:39,1.8,200,1650
20240207,14:45:06,1.8,50,1600
20240207,14:53:59,1.7,50,1650
20240207,14:58:18,1.7,150,1700
20240207,15:00:08,1.75,50,1750
20240207,15:01:11,1.75,150,1750
20240207,15:03:04,1.75,50,1650
20240207,15:05:13,1.7,50,1650
20240207,15:07:22,1.7,50,1650
20240207,15:07:45,1.75,650,1650
20240207,15:08:36,1.75,50,1800
20240207,15:08:48,1.75,50,1800
20240207,15:08:53,1.75,50,1800
20240207,15:09:14,1.75,200,1800
20240207,15:09:34,1.8,100,1800
20240207,15:09:38,1.8,50,1800
20240207,15:09:47,1.75,50,1800
20240207,15:13:12,1.7,50,2050
20240207,15:17:02,1.85,150,2100
20240207,15:17:08,1.9,100,2100
20240207,15:17:14,1.85,300,2100
20240207,15:17:20,1.9,500,2100
20240207,15:19:07,1.85,100,2700
20240207,15:19:34,1.9,50,2700
20240207,15:23:02,1.95,350,2700
20240207,15:23:07,1.8,250,2700
20240207,15:23:11,1.8,50,2700
20240207,15:23:16,1.9,50,2700
20240207,15:23:21,1.9,200,2700
20240207,15:23:26,1.9,150,3200
20240207,15:23:40,1.9,50,3200
20240207,15:23:44,1.9,900,3200
20240207,15:24:13,1.9,250,3200
20240207,15:24:18,1.9,50,3200
20240207,15:24:22,1.9,100,3200
20240207,15:24:27,1.9,50,3200
20240207,15:24:32,1.9,50,3200
20240207,15:24:38,1.9,50,3200
20240207,15:26:25,1.85,50,3200
20240207,15:26:31,1.85,50,4700
20240207,15:29:24,1.75,100,4700
20240207,15:29:49,1.8,50,4750
20240208,09:15:18,1.95,1,4650
20240208,09:15:18,1.9,150,4650
20240208,09:16:07,1.85,50,4650
20240208,10:12:54,1.65,50,4800
20240208,10:30:42,1.55,250,4800
20240208,10:48:29,1.55,50,5050
20240208,10:50:43,1.8,50,5050
20240208,10:58:25,1.45,100,5050
20240208,11:03:12,1.45,50,5050
20240208,11:03:24,1.8,100,5050
20240208,11:03:34,1.75,100,5050
20240208,11:04:23,1.8,50,5050
20240208,11:04:32,1.85,50,5050
20240208,11:04:42,1.9,150,5050
20240208,11:04:51,1.9,150,5050
20240208,11:05:00,1.85,150,5050
20240208,11:05:09,1.7,50,4750
20240208,11:05:26,1.7,50,4750
20240208,11:06:14,1.7,150,4750
20240208,11:06:55,1.65,100,4750
20240208,11:07:15,1.6,50,4750
20240208,11:08:05,1.6,50,4450
20240208,11:08:34,1.65,50,4450
20240208,11:10:08,1.8,100,4450
20240208,11:11:11,1.8,100,4350
20240208,11:16:17,1.8,50,4350
20240208,11:21:18,1.8,50,4350
20240208,11:21:44,1.85,150,4350
20240208,11:22:16,1.65,150,4350
20240208,11:22:24,1.6,250,4350
20240208,11:22:50,1.6,50,4350
20240208,11:23:20,1.6,100,4050
20240208,11:28:14,1.65,150,4050
20240208,11:28:40,1.65,100,4050
20240208,11:28:48,1.7,50,4050
20240208,11:28:58,1.65,100,4050
20240208,11:29:07,1.7,100,4350
20240208,11:32:49,1.7,50,4400
20240208,11:33:22,1.7,50,4400
20240208,11:34:58,1.7,50,4400
20240208,11:41:19,1.6,50,4400
20240208,11:44:16,1.65,50,4450
20240208,11:45:46,1.65,50,4450
20240208,11:46:22,1.65,50,4450
20240208,11:46:35,1.65,50,4450
20240208,11:47:42,1.6,50,4450
20240208,11:48:57,1.6,50,4450
20240208,11:49:03,1.6,50,4450
20240208,11:49:23,1.6,50,4450
20240208,11:52:33,1.6,50,4650
20240208,12:12:49,1.55,100,4700
20240208,12:13:04,1.55,50,4700
20240208,12:21:00,1.6,50,4650
20240208,12:21:15,1.6,50,4650
20240208,12:21:39,1.6,50,4650
20240208,12:23:45,1.6,100,4650
20240208,12:23:52,1.6,50,4650
20240208,12:26:04,1.55,50,4650
20240208,12:41:01,1.55,150,4650
20240208,12:42:45,1.5,50,4500
20240208,12:42:51,1.55,100,4500
20240208,12:49:55,1.55,200,4650
20240208,12:51:39,1.5,50,4750
20240208,12:59:10,1.5,50,4800
20240208,13:02:22,1.5,50,4850
20240208,13:02:41,1.5,50,4850
20240208,13:02:52,1.5,50,4850
20240208,13:04:05,1.5,500,4850
20240208,13:07:13,1.6,100,5100
20240208,13:20:32,1.6,50,5200
20240208,13:24:43,1.6,650,5200
20240208,13:27:41,1.5,100,5700
20240208,13:27:47,1.5,100,5700
20240208,13:28:00,1.5,50,5700
20240208,13:35:23,1.65,100,5700
20240208,13:35:27,1.65,50,5700
20240208,13:35:58,1.65,50,5700
20240208,13:36:04,1.7,100,5700
20240208,13:36:23,1.6,50,5700
20240208,13:36:35,1.6,450,5700
20240208,13:39:50,1.6,50,6350
20240208,13:41:17,1.6,50,6350
20240208,13:41:21,1.6,50,6350
20240208,13:42:03,1.6,50,6350
20240208,13:42:11,1.65,500,6350
20240208,13:43:39,1.6,50,6350
20240208,13:43:47,1.65,50,6350
20240208,13:53:34,1.7,50,6350
20240208,13:54:56,1.6,100,6350
20240208,14:00:23,1.55,50,6400
20240208,14:02:05,1.55,50,6400
20240208,14:04:13,1.55,100,6350
20240208,14:07:11,1.75,150,6450
20240208,14:07:33,1.65,100,6450
20240208,14:08:31,1.65,200,6700
20240208,14:08:38,1.7,50,6700
20240208,14:08:44,1.65,100,6700
20240208,14:12:43,1.85,200,7050
20240208,14:13:39,1.8,900,7050
20240208,14:14:26,1.8,350,7050
20240208,14:14:35,1.8,150,7850
20240208,14:14:43,1.8,50,7850
20240208,14:14:50,1.8,50,7850
20240208,14:15:16,1.8,50,7850
20240208,14:15:26,1.9,650,7850
20240208,14:15:42,1.95,50,7850
20240208,14:16:15,1.95,100,7850
20240208,14:16:23,1.9,50,7850
20240208,14:16:30,2.0,150,7850
20240208,14:16:38,2.05,150,7850
20240208,14:16:47,2.05,50,7850
20240208,14:16:55,2.05,50,7850
20240208,14:17:19,2.0,250,7850
20240208,14:17:36,2.05,150,8400
20240208,14:17:44,2.0,250,8400
20240208,14:17:53,1.95,100,8400
20240208,14:18:01,1.95,50,8400
20240208,14:19:02,1.9,150,8400
20240208,14:19:31,1.95,1350,8400
20240208,14:21:15,2.0,50,9400
20240208,14:23:00,1.9,50,9400
20240208,14:23:27,2.0,150,9400
20240208,14:23:34,2.1,250,9400
20240208,14:26:59,2.1,100,9550
20240208,14:28:07,2.0,150,9550
20240208,14:29:47,2.05,150,9500
20240208,14:31:04,1.9,100,9500
20240208,14:31:29,2.05,50,9500
20240208,14:31:37,2.0,400,9500
20240208,14:32:38,2.0,100,9700
20240208,14:32:46,2.0,150,9700
20240208,14:32:54,2.0,50,9700
20240208,14:33:09,2.05,250,9700
20240208,14:33:47,1.95,150,9700
20240208,14:33:55,2.05,650,9700
20240208,14:34:10,1.95,200,9700
20240208,14:34:33,2.0,1000,9700
20240208,14:34:40,2.0,50,9700
20240208,14:35:09,2.0,100,9700
20240208,14:35:17,2.0,50,9700
20240208,14:35:24,2.0,50,9700
20240208,14:35:32,2.05,50,9700
20240208,14:35:48,2.05,100,9850
20240208,14:36:29,2.1,100,9850
20240208,14:36:45,2.05,250,9850
20240208,14:36:56,2.1,100,9850
20240208,14:37:24,2.1,50,9850
20240208,14:37:32,2.05,150,9850
20240208,14:37:50,2.15,850,9850
20240208,14:38:25,2.15,600,9850
20240208,14:38:33,2.05,50,9850
20240208,14:38:41,2.0,200,10900
20240208,14:39:09,2.0,50,10900
20240208,14:39:35,1.95,600,10900
20240208,14:40:01,1.95,50,10900
20240208,14:40:34,2.0,600,10900
20240208,14:40:43,1.95,50,10900
20240208,14:40:59,1.95,50,10900
20240208,14:42:15,1.9,50,10500
20240208,14:42:33,1.9,500,10500
20240208,14:44:05,1.9,400,10500
20240208,14:44:13,1.9,100,10500
20240208,14:44:30,1.9,50,10500
20240208,14:45:33,1.85,50,10850
20240208,14:45:40,1.9,50,10850
20240208,14:45:56,1.9,50,10850
20240208,14:46:33,1.95,200,10850
20240208,14:49:14,1.95,50,11100
20240208,14:50:41,1.9,100,11150
20240208,14:50:56,1.85,50,11150
20240208,14:51:18,1.95,500,11150
20240208,14:51:50,1.9,50,11150
20240208,14:53:35,1.9,50,11150
20240208,14:56:24,1.95,50,11600
20240208,14:59:13,2.0,200,11600
20240208,14:59:38,2.0,50,11600
20240208,15:00:05,1.95,250,11750
20240208,15:00:14,1.95,100,11750
20240208,15:00:23,1.9,100,11750
20240208,15:00:31,2.0,50,11750
20240208,15:01:53,1.95,100,11750
20240208,15:02:13,1.9,150,11750
20240208,15:02:23,1.95,650,11750
20240208,15:02:32,1.95,50,11750
20240208,15:02:52,2.0,100,10950
20240208,15:03:12,1.95,100,10950
20240208,15:03:22,1.95,400,10950
20240208,15:03:31,1.95,100,10950
20240208,15:03:41,1.95,400,10950
20240208,15:04:27,1.9,50,10950
20240208,15:05:03,1.85,200,10950
20240208,15:05:13,1.85,50,10950
20240208,15:05:40,1.9,50,10600
20240208,15:05:49,1.85,650,10600
20240208,15:06:06,1.8,50,10600
20240208,15:06:41,1.8,50,10600
20240208,15:08:19,1.9,150,10600
20240208,15:08:28,1.8,50,10600
20240208,15:08:46,1.85,150,10400
20240208,15:09:20,1.9,600,10400
20240208,15:09:57,1.85,250,10400
20240208,15:10:50,1.85,50,10400
20240208,15:11:07,1.85,500,10400
20240208,15:12:05,1.75,200,10350
20240208,15:12:22,1.75,50,10350
20240208,15:13:02,1.8,400,10350
20240208,15:13:10,1.85,400,10350
20240208,15:13:26,1.85,50,10350
20240208,15:13:34,1.85,100,10350
20240208,15:13:59,1.75,50,10350
20240208,15:14:07,1.95,150,10350
20240208,15:14:15,1.95,100,10350
20240208,15:15:40,1.95,50,10700
20240208,15:18:19,1.8,650,10700
20240208,15:18:26,1.75,400,10700
20240208,15:18:49,1.85,500,10700
20240208,15:20:19,1.85,50,10700
20240208,15:20:43,1.8,50,10700
20240208,15:21:23,1.8,100,10100
20240208,15:23:18,1.7,50,10100
20240208,15:23:26,1.65,300,10100
20240208,15:24:10,1.75,100,9900
20240208,15:24:47,1.8,100,9900
20240208,15:25:28,1.75,50,9900
20240208,15:27:42,1.75,50,10100
20240208,15:28:11,1.75,100,10100
20240208,15:28:38,1.7,100,10100
20240209,09:15:03,1.9,1,10050
20240209,09:15:03,1.9,100,10050
20240209,09:15:04,1.95,850,10050
20240209,09:15:05,1.9,100,10050
20240209,09:15:06,1.85,400,10050
20240209,09:15:08,1.85,200,10050
20240209,09:15:09,1.9,900,10050
20240209,09:15:10,1.85,200,10050
20240209,09:15:12,1.75,250,10050
20240209,09:15:16,1.75,200,10050
20240209,09:15:17,1.85,50,10050
20240209,09:15:22,1.9,50,10050
20240209,09:15:27,1.8,50,10050
20240209,09:15:33,1.75,100,10050
20240209,09:15:49,1.7,50,10050
20240209,09:15:53,1.7,550,10050
20240209,09:16:04,1.7,50,10050
20240209,09:16:13,1.7,150,10050
20240209,09:16:16,1.7,400,10050
20240209,09:16:25,1.7,50,11550
20240209,09:16:28,1.7,100,11550
20240209,09:16:29,1.65,50,11550
20240209,09:16:35,1.65,100,11550
20240209,09:17:04,1.75,250,11550
20240209,09:17:06,1.75,50,11550
20240209,09:17:18,1.7,1000,11550
20240209,09:17:19,1.7,1200,11550
20240209,09:17:24,1.75,400,11550
20240209,09:17:28,1.65,1100,11550
20240209,09:17:29,1.7,800,11550
20240209,09:17:30,1.75,850,11550
20240209,09:17:31,1.75,550,11550
20240209,09:17:34,1.65,3400,11550
20240209,09:17:35,1.75,50,11550
20240209,09:17:38,1.7,250,11550
20240209,09:17:45,1.75,200,11550
20240209,09:17:51,1.8,500,11550
20240209,09:17:52,1.8,2650,11550
20240209,09:17:53,1.8,3050,11550
20240209,09:17:54,1.9,1050,11550
20240209,09:17:55,1.85,1800,11550
20240209,09:17:56,1.85,250,11550
20240209,09:18:10,1.9,100,11550
20240209,09:18:23,1.85,250,11550
20240209,09:18:26,1.8,250,11550
20240209,09:18:31,1.8,150,11550
20240209,09:18:32,1.75,50,11550
20240209,09:18:43,1.75,150,11550
20240209,09:18:48,1.75,500,11550
20240209,09:18:54,1.7,50,11550
20240209,09:18:59,1.75,50,11550
20240209,09:19:08,1.7,100,11550
20240209,09:19:11,1.7,100,11550
20240209,09:19:27,1.7,50,11550
20240209,09:19:31,1.7,400,20100
20240209,09:19:40,1.65,50,20100
20240209,09:19:40,1.65,400,20100
20240209,09:20:12,1.6,50,20100
20240209,09:20:13,1.6,50,20100
20240209,09:20:22,1.65,50,20100
20240209,09:20:45,1.6,250,20100
20240209,09:20:52,1.65,100,20100
20240209,09:20:55,1.6,400,20100
20240209,09:20:57,1.6,200,20100
20240209,09:20:59,1.65,100,20100
20240209,09:21:05,1.6,500,20100
20240209,09:21:12,1.6,250,20100
20240209,09:21:20,1.6,1800,20100
20240209,09:21:21,1.6,900,20100
20240209,09:21:22,1.6,600,20100
20240209,09:21:25,1.6,1500,20100
20240209,09:21:27,1.6,1000,20100
20240209,09:21:30,1.6,1250,20100
20240209,09:21:35,1.6,350,20100
20240209,09:21:37,1.6,50,20100
20240209,09:21:43,1.6,50,20100
20240209,09:21:44,1.65,350,20100
20240209,09:21:48,1.65,50,20100
20240209,09:21:52,1.65,1000,20100
20240209,09:21:59,1.65,50,20100
20240209,09:22:44,1.65,50,20100
20240209,09:22:46,1.6,50,27650
20240209,09:22:54,1.65,50,27650
20240209,09:23:05,1.6,450,27650
20240209,09:23:06,1.6,250,27650
20240209,09:23:09,1.6,250,27650
20240209,09:23:12,1.6,800,27650
20240209,09:23:16,1.6,50,27650
20240209,09:23:31,1.55,2000,27650
20240209,09:23:32,1.55,2550,27650
20240209,09:23:33,1.5,1450,27650
20240209,09:23:34,1.5,550,27650
20240209,09:23:38,1.55,50,27650
20240209,09:25:10,1.55,50,27650
20240209,09:25:25,1.6,50,27650
20240209,09:25:30,1.6,50,33600
20240209,09:25:33,1.6,100,33600
20240209,09:26:10,1.55,350,33600
20240209,09:26:35,1.5,150,33600
20240209,09:26:37,1.5,50,33600
20240209,09:26:38,1.5,100,33600
20240209,09:27:01,1.55,350,33600
20240209,09:27:22,1.5,50,33600
20240209,09:27:23,1.55,50,33600
20240209,09:27:32,1.5,50,33600
20240209,09:27:49,1.55,1800,33600
20240209,09:28:01,1.55,1600,33600
20240209,09:28:18,1.5,50,33600
20240209,09:28:20,1.55,100,31550
20240209,09:28:22,1.55,50,31550
20240209,09:28:25,1.5,50,31550
20240209,09:28:29,1.55,50,31550
20240209,09:28:30,1.55,100,31550
20240209,09:28:37,1.5,50,31550
20240209,09:28:52,1.55,50,31550
20240209,09:29:12,1.55,200,31550
20240209,09:31:10,1.55,50,31550
20240209,09:31:23,1.55,50,31350
20240209,09:31:30,1.5,250,31350
20240209,09:31:31,1.5,150,31350
20240209,09:31:32,1.5,50,31350
20240209,09:31:40,1.45,50,31350
20240209,09:31:42,1.45,50,31350
20240209,09:32:00,1.5,100,31350
20240209,09:32:01,1.5,250,31350
20240209,09:32:25,1.5,250,31350
20240209,09:33:29,1.5,50,31350
20240209,09:34:01,1.45,50,31350
20240209,09:35:06,1.45,50,31650
20240209,09:35:09,1.45,100,31650
20240209,09:35:12,1.45,50,31650
20240209,09:35:27,1.45,50,31650
20240209,09:36:56,1.5,50,31650
20240209,09:38:01,1.5,450,31500
20240209,09:38:03,1.5,50,31500
20240209,09:38:03,1.5,350,31500
20240209,09:38:04,1.5,250,31500
20240209,09:38:08,1.55,550,31500
20240209,09:38:10,1.55,2350,31500
20240209,09:38:33,1.55,150,31500
20240209,09:38:55,1.55,300,31500
20240209,09:38:56,1.6,1850,31500
20240209,09:39:04,1.6,50,31500
20240209,09:39:05,1.6,50,31500
20240209,09:39:10,1.6,150,31500
20240209,09:40:00,1.55,200,31500
20240209,09:40:21,1.65,1800,31500
20240209,09:40:52,1.65,50,31500
20240209,09:41:15,1.65,250,35900
20240209,09:41:24,1.6,400,35900
20240209,09:41:28,1.6,250,35900
20240209,09:41:35,1.7,2150,35900
20240209,09:41:36,1.6,3700,35900
20240209,09:42:04,1.65,450,35900
20240209,09:42:13,1.7,2050,35900
20240209,09:42:14,1.7,3200,35900
20240209,09:42:15,1.7,1400,35900
20240209,09:42:16,1.6,800,35900
20240209,09:42:18,1.65,50,35900
20240209,09:42:41,1.65,250,35900
20240209,09:42:44,1.65,50,35900
20240209,09:42:53,1.65,600,35900
20240209,09:43:11,1.65,50,35900
20240209,09:43:14,1.65,50,35900
20240209,09:43:58,1.6,350,35900
20240209,09:44:05,1.6,250,47650
20240209,09:44:11,1.6,250,47650
20240209,09:44:22,1.6,250,47650
20240209,09:44:32,1.6,650,47650
20240209,09:45:21,1.6,50,47650
20240209,09:46:05,1.6,250,47650
20240209,09:46:07,1.55,200,47650
20240209,09:46:13,1.6,300,47650
20240209,09:47:09,1.6,1500,47750
20240209,09:47:46,1.6,50,47750
20240209,09:49:38,1.6,4050,47750
20240209,09:49:39,1.6,50,47750
20240209,09:49:40,1.6,50,47750
20240209,09:49:41,1.6,100,47750
20240209,09:49:42,1.6,50,47750
20240209,09:49:49,1.6,50,47750
20240209,09:50:01,1.6,250,47750
20240209,09:50:16,1.6,50,47750
20240209,09:50:25,1.55,400,47750
20240209,09:50:39,1.6,50,47750
20240209,09:50:54,1.55,50,47750
20240209,09:50:59,1.6,50,47750
20240209,09:51:00,1.6,2100,47750
20240209,09:51:06,1.65,50,47750
20240209,09:51:40,1.65,50,47750
20240209,09:51:47,1.65,50,47750
20240209,09:51:48,1.65,200,47750
20240209,09:52:05,1.65,250,47750
20240209,09:52:30,1.65,250,48350
20240209,09:52:46,1.65,250,48350
20240209,09:52:49,1.65,50,48350
20240209,09:53:48,1.65,50,48350
20240209,09:54:05,1.6,50,48350
20240209,09:54:34,1.6,800,48350
20240209,09:54:37,1.6,300,48350
20240209,09:54:38,1.55,200,48350
20240209,09:54:42,1.6,250,48350
20240209,09:54:59,1.6,50,48350
20240209,09:55:05,1.6,1800,48350
20240209,09:55:07,1.55,150,48350
20240209,09:55:12,1.6,50,48350
20240209,09:55:14,1.55,550,48350
20240209,09:55:18,1.6,100,48350
20240209,09:55:39,1.6,300,48350
20240209,09:56:01,1.6,1000,47550
20240209,09:56:16,1.6,50,47550
20240209,09:56:19,1.6,100,47550
20240209,09:57:25,1.65,50,47550
20240209,09:58:11,1.65,4750,47550
20240209,09:58:13,1.65,100,47550
20240209,09:59:39,1.7,50,47550
20240209,09:59:40,1.7,200,52250
20240209,09:59:41,1.75,50,52250
20240209,09:59:42,1.75,50,52250
20240209,09:59:43,1.75,50,52250
20240209,09:59:44,1.75,50,52250
20240209,09:59:45,1.75,50,52250
20240209,09:59:47,1.75,150,52250
20240209,09:59:48,1.75,150,52250
20240209,09:59:49,1.75,150,52250
20240209,09:59:51,1.7,50,52250
20240209,09:59:53,1.75,100,52250
20240209,09:59:55,1.75,400,52250
20240209,09:59:56,1.75,200,52250
20240209,09:59:57,1.75,50,52250
20240209,09:59:58,1.75,50,52250
20240209,09:59:59,1.75,50,52250
20240209,10:00:00,1.75,50,52250
20240209,10:00:02,1.75,100,52250
20240209,10:00:03,1.75,200,52250
20240209,10:00:04,1.75,200,52250
20240209,10:00:06,1.75,950,52250
20240209,10:00:07,1.75,200,52250
20240209,10:00:09,1.75,50,52250
20240209,10:00:10,1.75,250,52250
20240209,10:00:11,1.8,200,52250
20240209,10:00:13,1.8,100,52250
20240209,10:00:14,1.8,50,52250
20240209,10:00:15,1.8,50,52250
20240209,10:00:16,1.8,50,52250
20240209,10:00:18,1.8,100,52250
20240209,10:00:19,1.8,50,52250
20240209,10:00:20,1.8,50,52250
20240209,10:00:21,1.8,50,52250
20240209,10:00:23,1.8,100,52250
20240209,10:00:24,1.8,50,52250
20240209,10:00:26,1.8,150,52250
20240209,10:00:27,1.8,250,52250
20240209,10:00:28,1.8,200,52250
20240209,10:00:29,1.8,200,52250
20240209,10:00:30,1.8,550,52250
20240209,10:00:31,1.8,700,52250
20240209,10:00:32,1.8,250,52250
20240209,10:00:33,1.85,300,52250
20240209,10:00:34,1.85,50,52250
20240209,10:00:35,1.85,50,52250
20240209,10:00:36,1.85,50,52250
20240209,10:00:37,1.85,50,52250
20240209,10:00:38,1.85,50,52250
20240209,10:00:39,1.85,200,52250
20240209,10:00:40,1.8,13000,52250
20240209,10:00:41,1.8,50,52250
20240209,10:00:42,1.8,2100,52250
20240209,10:00:43,1.85,200,52250
20240209,10:00:44,1.85,200,52250
20240209,10:00:45,1.85,200,52250
20240209,10:00:46,1.85,200,52250
20240209,10:00:47,1.85,50,52250
20240209,10:00:48,1.85,50,52250
20240209,10:00:49,1.85,50,52250
20240209,10:00:50,1.9,250,52250
20240209,10:00:51,1.85,200,52250
20240209,10:00:58,1.85,100,52250
20240209,10:01:01,1.85,250,52250
20240209,10:01:06,1.9,550,52250
20240209,10:01:07,1.9,50,52250
20240209,10:01:08,1.9,50,52250
20240209,10:01:10,1.95,200,52250
20240209,10:01:11,1.95,900,52250
20240209,10:01:14,2.0,200,52250
20240209,10:01:24,2.0,100,52250
20240209,10:01:26,2.0,50,52250
20240209,10:01:37,1.9,100,48550
20240209,10:01:38,1.9,250,48550
20240209,10:01:39,1.9,100,48550
20240209,10:01:41,1.9,200,48550
20240209,10:01:57,1.85,50,48550
20240209,10:02:15,1.85,100,48550
20240209,10:02:21,1.85,100,48550
20240209,10:02:28,1.8,50,48550
20240209,10:02:29,1.8,50,48550
20240209,10:02:30,1.8,450,48550
20240209,10:02:31,1.8,400,48550
20240209,10:02:32,1.75,250,48550
20240209,10:02:35,1.75,50,48550
20240209,10:02:36,1.75,50,48550
20240209,10:02:37,1.8,100,48550
20240209,10:02:38,1.75,50,48550
20240209,10:02:39,1.7,50,48550
20240209,10:02:40,1.7,50,48550
20240209,10:02:41,1.7,50,48550
20240209,10:02:42,1.7,50,48550
20240209,10:02:43,1.7,50,48550
20240209,10:02:44,1.7,50,48550
20240209,10:02:45,1.7,50,48550
20240209,10:02:46,1.7,50,48550
20240209,10:02:47,1.7,200,48550
20240209,10:02:48,1.7,200,48550
20240209,10:02:49,1.7,200,48550
20240209,10:02:50,1.7,100,48550
20240209,10:02:51,1.7,50,48550
20240209,10:02:52,1.7,100,48550
20240209,10:02:55,1.65,50,48550
20240209,10:02:56,1.65,200,48550
20240209,10:02:57,1.7,250,48550
20240209,10:02:58,1.65,350,48550
20240209,10:02:59,1.65,200,48550
20240209,10:03:00,1.65,50,48550
20240209,10:03:01,1.6,700,48550
20240209,10:03:02,1.65,200,48550
20240209,10:03:04,1.6,100,48550
20240209,10:03:05,1.6,200,48550
20240209,10:03:06,1.6,200,48550
20240209,10:03:07,1.6,200,48550
20240209,10:03:08,1.6,200,48550
20240209,10:03:09,1.6,350,48550
20240209,10:03:10,1.6,200,48550
20240209,10:03:13,1.6,50,48550
20240209,10:03:14,1.6,50,48550
20240209,10:03:15,1.6,50,48550
20240209,10:03:16,1.6,550,48550
20240209,10:03:17,1.6,200,48550
20240209,10:03:18,1.6,100,48550
20240209,10:03:20,1.6,100,48550
20240209,10:03:21,1.6,100,48550
20240209,10:03:22,1.6,100,48550
20240209,10:04:05,1.65,50,48550
20240209,10:04:06,1.65,50,48550
20240209,10:04:16,1.65,100,48550
20240209,10:04:52,1.6,100,44650
20240209,10:04:55,1.6,50,44650
20240209,10:04:56,1.6,50,44650
20240209,10:05:06,1.6,50,44650
20240209,10:05:12,1.6,100,44650
20240209,10:05:40,1.65,300,44650
20240209,10:06:02,1.6,50,44650
20240209,10:06:06,1.6,400,44650
20240209,10:06:09,1.55,50,44650
20240209,10:06:10,1.55,50,44650
20240209,10:06:11,1.55,50,44650
20240209,10:06:12,1.55,50,44650
20240209,10:06:13,1.55,150,44650
20240209,10:06:14,1.55,1350,44650
20240209,10:06:18,1.55,50,44650
20240209,10:06:31,1.55,50,44650
20240209,10:06:32,1.55,50,44650
20240209,10:06:33,1.55,50,44650
20240209,10:06:34,1.55,200,44650
20240209,10:06:35,1.55,200,44650
20240209,10:06:36,1.55,250,44650
20240209,10:06:37,1.55,200,44650
20240209,10:06:38,1.55,200,44650
20240209,10:06:39,1.55,250,44650
20240209,10:06:42,1.5,200,44650
20240209,10:06:43,1.5,200,44650
20240209,10:06:44,1.5,50,44650
20240209,10:07:12,1.5,50,44650
20240209,10:07:40,1.55,200,43650
20240209,10:09:36,1.5,1250,43650
20240209,10:09:36,1.5,100,43650
20240209,10:09:41,1.5,100,43650
20240209,10:09:44,1.5,150,43650
20240209,10:09:51,1.5,250,43650
20240209,10:10:05,1.5,250,43650
20240209,10:10:10,1.5,100,43650
20240209,10:10:53,1.55,250,43650
20240209,10:10:55,1.55,50,42500
20240209,10:11:06,1.55,100,42500
20240209,10:11:16,1.55,250,42500
20240209,10:12:00,1.6,100,42500
20240209,10:12:01,1.6,50,42500
20240209,10:12:13,1.6,50,42500
20240209,10:12:29,1.6,50,42500
20240209,10:12:44,1.6,50,42500
20240209,10:13:08,1.6,50,42500
20240209,10:13:22,1.6,50,42500
20240209,10:14:19,1.6,50,42500
20240209,10:16:11,1.65,250,42600
20240209,10:16:24,1.7,100,42600
20240209,10:16:34,1.7,50,42550
20240209,10:17:55,1.7,50,42550
20240209,10:18:16,1.7,100,42550
20240209,10:18:33,1.7,1800,42550
20240209,10:18:34,1.7,800,42550
20240209,10:18:40,1.75,50,42550
20240209,10:19:36,1.75,6200,43400
20240209,10:20:52,1.8,50,43400
20240209,10:21:09,1.75,50,43400
20240209,10:21:12,1.75,100,43400
20240209,10:21:34,1.7,50,43400
20240209,10:22:16,1.7,50,43400
20240209,10:22:32,1.7,800,43400
20240209,10:23:08,1.7,100,47450
20240209,10:25:24,1.75,1800,47450
20240209,10:25:37,1.75,200,49150
20240209,10:25:55,1.75,4100,49150
20240209,10:25:56,1.75,1100,49150
20240209,10:26:09,1.75,300,49150
20240209,10:26:12,1.75,50,49150
20240209,10:27:20,1.8,50,49150
20240209,10:28:58,1.75,50,49800
20240209,10:29:26,1.8,100,49800
20240209,10:29:32,1.75,50,49800
20240209,10:30:27,1.75,50,49800
20240209,10:31:05,1.75,50,49800
20240209,10:32:12,1.8,100,49800
20240209,10:33:20,1.75,100,49800
20240209,10:33:23,1.8,50,49800
20240209,10:33:29,1.8,50,49800
20240209,10:34:34,1.75,50,49750
20240209,10:34:38,1.75,250,49750
20240209,10:34:46,1.75,50,49750
20240209,10:34:47,1.75,50,49750
20240209,10:34:59,1.7,50,49750
20240209,10:35:19,1.7,50,49750
20240209,10:36:48,1.75,50,49750
20240209,10:37:56,1.75,2500,49450
20240209,10:37:57,1.75,800,49450
20240209,10:38:01,1.75,50,49450
20240209,10:38:02,1.75,100,49450
20240209,10:39:48,1.75,100,49450
20240209,10:40:13,1.7,50,49450
20240209,10:41:07,1.7,50,51600
20240209,10:41:11,1.7,50,51600
20240209,10:41:14,1.7,100,51600
20240209,10:41:20,1.7,50,51600
20240209,10:41:27,1.7,50,51600
20240209,10:41:38,1.7,250,51600
20240209,10:41:47,1.7,50,51600
20240209,10:42:02,1.7,50,51600
20240209,10:42:44,1.7,50,51600
20240209,10:43:50,1.75,50,51550
20240209,10:44:16,1.7,50,51550
20240209,10:45:40,1.75,50,51550
20240209,10:45:41,1.75,50,51550
20240209,10:45:42,1.75,50,51550
20240209,10:45:49,1.75,50,51550
20240209,10:45:50,1.75,50,51550
20240209,10:45:59,1.75,50,51550
20240209,10:46:00,1.75,50,51550
20240209,10:46:01,1.75,50,51550
20240209,10:46:03,1.75,50,51550
20240209,10:46:06,1.75,50,51550
20240209,10:46:11,1.75,50,51550
20240209,10:46:26,1.7,50,51550
20240209,10:46:27,1.75,50,51550
20240209,10:46:28,1.75,50,51550
20240209,10:46:29,1.75,150,51550
20240209,10:46:30,1.75,150,51550
20240209,10:46:31,1.75,150,51550
20240209,10:46:32,1.75,150,52350
20240209,10:46:33,1.75,150,52350
20240209,10:46:36,1.75,250,52350
20240209,10:46:37,1.8,50,52350
20240209,10:46:38,1.75,150,52350
20240209,10:46:39,1.75,100,52350
20240209,10:46:41,1.8,100,52350
20240209,10:46:42,1.8,200,52350
20240209,10:46:43,1.8,50,52350
20240209,10:46:44,1.8,50,52350
20240209,10:46:45,1.8,50,52350
20240209,10:46:46,1.8,50,52350
20240209,10:46:47,1.8,50,52350
20240209,10:46:48,1.8,50,52350
20240209,10:46:49,1.8,50,52350
20240209,10:46:50,1.8,50,52350
20240209,10:47:02,1.75,50,52350
20240209,10:47:03,1.75,100,52350
20240209,10:47:07,1.75,50,52350
20240209,10:47:17,1.75,50,52350
20240209,10:47:30,1.7,50,52350
20240209,10:47:33,1.7,200,52350
20240209,10:47:34,1.7,200,52350
20240209,10:47:35,1.7,200,52350
20240209,10:47:36,1.7,200,52350
20240209,10:47:37,1.7,200,52350
20240209,10:47:38,1.7,250,52350
20240209,10:47:39,1.7,200,52350
20240209,10:47:40,1.7,200,52350
20240209,10:47:41,1.7,250,52350
20240209,10:47:42,1.7,200,52350
20240209,10:47:43,1.7,200,52350
20240209,10:47:44,1.7,150,52350
20240209,10:48:10,1.7,1450,52350
20240209,10:48:33,1.65,1800,52350
20240209,10:48:45,1.65,2550,52350
20240209,10:48:46,1.6,5450,52350
20240209,10:48:47,1.6,50,52350
20240209,10:49:05,1.6,500,52350
20240209,10:49:06,1.6,50,52350
20240209,10:49:13,1.55,1800,52350
20240209,10:49:36,1.55,100,46300
20240209,10:49:44,1.55,1800,46300
20240209,10:49:45,1.55,200,46300
20240209,10:49:49,1.55,150,46300
20240209,10:49:50,1.55,1250,46300
20240209,10:49:51,1.55,4300,46300
20240209,10:49:52,1.6,1700,46300
20240209,10:49:53,1.55,250,46300
20240209,10:49:54,1.6,300,46300
20240209,10:50:06,1.55,950,46300
20240209,10:50:07,1.55,100,46300
20240209,10:50:11,1.55,500,46300
20240209,10:50:11,1.6,3100,46300
20240209,10:50:13,1.6,400,46300
20240209,10:50:14,1.55,250,46300
20240209,10:50:15,1.55,100,46300
20240209,10:50:16,1.55,200,46300
20240209,10:50:20,1.6,1050,46300
20240209,10:50:21,1.55,5700,46300
20240209,10:50:23,1.55,50,46300
20240209,10:50:24,1.55,350,46300
20240209,10:50:25,1.55,100,46300
20240209,10:50:36,1.5,1800,46300
20240209,10:50:53,1.5,1800,46300
20240209,10:51:27,1.5,50,46300
20240209,10:51:35,1.5,100,46300
20240209,10:52:04,1.5,650,46300
20240209,10:52:07,1.45,1900,46300
20240209,10:52:12,1.5,250,46300
20240209,10:52:44,1.5,50,46300
20240209,10:52:45,1.5,50,33250
20240209,10:52:52,1.5,200,33250
20240209,10:52:52,1.5,400,33250
20240209,10:52:53,1.5,2400,33250
20240209,10:52:54,1.5,2400,33250
20240209,10:52:55,1.5,2400,33250
20240209,10:52:56,1.5,1250,33250
20240209,10:52:59,1.55,200,33250
20240209,10:53:22,1.5,1000,33250
20240209,10:53:23,1.5,400,33250
20240209,10:53:33,1.55,350,33250
20240209,10:53:37,1.5,250,33250
20240209,10:54:04,1.5,450,33250
20240209,10:54:11,1.5,50,33250
20240209,10:54:19,1.5,50,33250
20240209,10:54:32,1.5,250,33250
20240209,10:54:32,1.5,4000,33250
20240209,10:54:37,1.5,2500,33250
20240209,10:54:38,1.5,150,33250
20240209,10:55:12,1.45,750,33250
20240209,10:55:13,1.5,550,33250
20240209,10:55:14,1.5,100,33250
20240209,10:55:23,1.45,1800,33250
20240209,10:55:24,1.4,2150,33250
20240209,10:55:24,1.45,50,33250
20240209,10:55:26,1.45,50,33250
20240209,10:55:28,1.45,50,33250
20240209,10:55:36,1.4,3600,26350
20240209,10:55:50,1.4,1800,26350
20240209,10:55:51,1.4,1800,26350
20240209,10:56:02,1.45,50,26350
20240209,10:56:06,1.35,2300,26350
20240209,10:56:12,1.35,2300,26350
20240209,10:56:16,1.45,250,26350
20240209,10:56:23,1.4,950,26350
20240209,10:56:26,1.4,900,26350
20240209,10:57:02,1.4,100,26350
20240209,10:57:04,1.4,2500,26350
20240209,10:58:06,1.4,250,26350
20240209,10:59:11,1.35,600,26350
20240209,10:59:26,1.35,100,26750
20240209,10:59:29,1.35,50,26750
20240209,10:59:47,1.35,50,26750
20240209,11:00:12,1.3,250,26750
20240209,11:00:57,1.3,1800,26750
20240209,11:01:36,1.3,50,26750
20240209,11:02:29,1.3,400,24550
20240209,11:02:51,1.35,50,24550
20240209,11:02:52,1.35,50,24550
20240209,11:02:53,1.35,50,24550
20240209,11:02:57,1.35,50,24550
20240209,11:02:58,1.35,50,24550
20240209,11:02:59,1.35,50,24550
20240209,11:03:00,1.35,50,24550
20240209,11:03:02,1.35,50,24550
20240209,11:03:03,1.35,50,24550
20240209,11:03:04,1.35,50,24550
20240209,11:03:08,1.3,1800,24550
20240209,11:03:25,1.35,50,24550
20240209,11:03:28,1.35,1350,24550
20240209,11:03:28,1.35,150,24550
20240209,11:04:34,1.35,50,23700
20240209,11:04:38,1.35,50,23700
20240209,11:04:40,1.3,1800,23700
20240209,11:05:09,1.4,250,23700
20240209,11:05:14,1.4,350,23700
20240209,11:05:15,1.4,50,23700
20240209,11:05:34,1.35,200,23700
20240209,11:05:35,1.35,200,23700
20240209,11:05:36,1.35,100,23700
20240209,11:05:39,1.35,250,23700
20240209,11:05:45,1.35,500,23700
20240209,11:06:15,1.35,250,23700
20240209,11:06:18,1.35,50,23700
20240209,11:06:20,1.35,550,23700
20240209,11:06:25,1.35,1800,23700
20240209,11:06:30,1.35,50,23700
20240209,11:06:34,1.35,50,23700
20240209,11:07:14,1.35,100,23700
20240209,11:08:07,1.35,100,24950
20240209,11:08:28,1.35,50,24950
20240209,11:08:52,1.35,500,24950
20240209,11:09:10,1.3,50,24950
20240209,11:10:11,1.35,50,24950
20240209,11:10:18,1.35,50,24950
20240209,11:10:31,1.35,50,24950
20240209,11:11:44,1.3,2000,25100
20240209,11:11:45,1.3,300,25100
20240209,11:12:01,1.3,50,25100
20240209,11:15:24,1.3,200,27050
20240209,11:15:25,1.3,50,27050
20240209,11:16:54,1.35,50,27100
20240209,11:16:58,1.35,50,27100
20240209,11:17:21,1.35,50,27100
20240209,11:18:07,1.3,50,27100
20240209,11:18:11,1.35,50,27100
20240209,11:18:27,1.35,50,27100
20240209,11:18:28,1.35,50,27100
20240209,11:18:31,1.35,250,27100
20240209,11:19:55,1.35,100,27100
20240209,11:20:21,1.35,100,27150
20240209,11:20:31,1.4,50,27150
20240209,11:20:32,1.4,50,27150
20240209,11:20:34,1.4,50,27150
20240209,11:20:35,1.4,50,27150
20240209,11:20:36,1.4,50,27150
20240209,11:20:37,1.4,50,27150
20240209,11:20:52,1.4,50,27150
20240209,11:21:06,1.4,50,27150
20240209,11:21:07,1.4,50,27150
20240209,11:21:08,1.4,50,27150
20240209,11:21:09,1.4,50,27150
20240209,11:21:10,1.4,50,27150
20240209,11:21:11,1.4,50,27150
20240209,11:21:12,1.4,50,27150
20240209,11:21:13,1.4,50,27150
20240209,11:21:14,1.4,50,27150
20240209,11:21:15,1.4,50,27150
20240209,11:21:16,1.4,50,27150
20240209,11:21:17,1.4,150,27150
20240209,11:21:18,1.4,50,27150
20240209,11:21:19,1.45,50,27150
20240209,11:21:20,1.45,50,27150
20240209,11:21:25,1.45,50,27150
20240209,11:21:26,1.45,50,27150
20240209,11:21:32,1.45,50,27150
20240209,11:21:52,1.4,100,27150
20240209,11:22:03,1.4,50,27150
20240209,11:22:54,1.4,50,27700
20240209,11:23:36,1.35,50,27700
20240209,11:23:46,1.35,50,27700
20240209,11:23:59,1.35,100,27700
20240209,11:25:07,1.35,50,27700
20240209,11:25:15,1.35,1000,27700
20240209,11:26:01,1.35,50,27350
20240209,11:26:04,1.35,250,27350
20240209,11:26:05,1.35,150,27350
20240209,11:26:06,1.35,150,27350
20240209,11:26:07,1.35,150,27350
20240209,11:29:02,1.35,850,27100
20240209,11:29:11,1.35,150,27100
20240209,11:29:12,1.35,200,27100
20240209,11:29:13,1.35,150,27100
20240209,11:29:14,1.35,100,27100
20240209,11:30:03,1.35,100,27100
20240209,11:30:06,1.35,200,27100
20240209,11:30:17,1.35,100,27100
20240209,11:30:52,1.4,1900,27100
20240209,11:30:54,1.4,5950,27100
20240209,11:30:58,1.4,500,27100
20240209,11:31:02,1.4,250,27100
20240209,11:31:14,1.4,100,27100
20240209,11:31:32,1.45,3350,27100
20240209,11:31:34,1.45,250,27100
20240209,11:31:35,1.45,850,27100
20240209,11:31:41,1.45,100,28550
20240209,11:31:59,1.45,50,28550
20240209,11:32:28,1.45,3900,28550
20240209,11:33:17,1.45,100,28550
20240209,11:33:36,1.45,50,28550
20240209,11:33:48,1.4,150,28550
20240209,11:33:50,1.45,50,28550
20240209,11:34:01,1.45,50,28550
20240209,11:34:33,1.45,50,28550
20240209,11:35:06,1.45,50,28550
20240209,11:35:16,1.4,50,28900
20240209,11:36:32,1.4,50,28900
20240209,11:37:02,1.4,100,28900
20240209,11:37:03,1.4,100,28900
20240209,11:37:04,1.4,200,28900
20240209,11:37:45,1.4,50,28850
20240209,11:37:54,1.4,50,28850
20240209,11:38:03,1.4,250,28850
20240209,11:38:04,1.4,250,28850
20240209,11:38:50,1.45,200,28850
20240209,11:38:52,1.35,50,28850
20240209,11:39:59,1.35,500,28850
20240209,11:40:20,1.35,250,28850
20240209,11:40:21,1.3,250,28850
20240209,11:40:22,1.35,50,28850
20240209,11:40:23,1.35,50,28850
20240209,11:40:24,1.35,650,28850
20240209,11:40:28,1.35,50,28850
20240209,11:40:29,1.35,50,28850
20240209,11:41:07,1.4,800,29250
20240209,11:41:10,1.4,800,29250
20240209,11:41:34,1.35,50,29250
20240209,11:42:03,1.35,50,29250
20240209,11:42:30,1.35,50,29250
20240209,11:43:41,1.35,50,28300
20240209,11:43:59,1.35,50,28300
20240209,11:44:33,1.35,1700,28300
20240209,11:45:18,1.4,250,28300
20240209,11:47:29,1.4,50,27350
20240209,11:47:41,1.45,50,27350
20240209,11:47:58,1.45,250,27350
20240209,11:48:19,1.45,50,27350
20240209,11:48:20,1.45,50,27350
20240209,11:48:29,1.45,50,27350
20240209,11:50:24,1.45,100,27350
20240209,11:51:30,1.4,800,27350
20240209,11:52:12,1.4,200,27350
20240209,11:52:30,1.4,250,27350
20240209,11:53:22,1.4,100,27050
20240209,11:53:25,1.35,100,27050
20240209,11:53:27,1.4,250,27050
20240209,11:53:28,1.4,100,27050
20240209,11:53:30,1.4,50,27050
20240209,11:53:40,1.4,50,27050
20240209,11:54:04,1.4,250,27050
20240209,11:54:24,1.4,200,27050
20240209,11:54:26,1.4,50,27050
20240209,11:54:27,1.4,50,27050
20240209,11:54:34,1.45,50,27050
20240209,11:54:34,1.4,50,27050
20240209,11:54:36,1.4,250,27050
20240209,11:54:40,1.4,100,27050
20240209,11:54:41,1.4,50,27050
20240209,11:54:51,1.4,650,27050
20240209,11:55:26,1.4,650,27050
20240209,11:56:07,1.4,50,26850
20240209,12:00:24,1.4,1800,26850
20240209,12:01:36,1.35,100,26850
20240209,12:01:40,1.25,3650,26850
20240209,12:01:40,1.25,450,26850
20240209,12:01:41,1.25,50,28100
20240209,12:01:56,1.25,50,28100
20240209,12:02:53,1.25,250,28100
20240209,12:03:01,1.25,150,28100
20240209,12:05:09,1.25,50,25250
20240209,12:05:10,1.3,50,25250
20240209,12:12:37,1.3,150,25250
20240209,12:13:27,1.3,50,25250
20240209,12:14:05,1.3,50,25250
20240209,12:14:42,1.25,50,25250
20240209,12:14:43,1.3,50,25250
20240209,12:15:14,1.3,400,25250
20240209,12:15:16,1.3,50,25250
20240209,12:16:01,1.35,100,25250
20240209,12:16:02,1.4,1950,25250
20240209,12:17:55,1.35,100,26600
20240209,12:18:16,1.35,50,26600
20240209,12:18:22,1.35,700,26600
20240209,12:18:36,1.35,2000,26600
20240209,12:18:56,1.35,300,26600
20240209,12:19:10,1.35,300,26600
20240209,12:20:24,1.35,50,28550
20240209,12:20:34,1.35,50,28550
20240209,12:20:35,1.35,250,28550
20240209,12:20:39,1.35,600,28550
20240209,12:20:57,1.35,50,28550
20240209,12:20:58,1.35,250,28550
20240209,12:20:59,1.35,150,28550
20240209,12:21:40,1.35,50,28550
20240209,12:22:02,1.35,50,28550
20240209,12:22:09,1.35,100,28550
20240209,12:23:59,1.35,650,27550
20240209,12:24:03,1.35,650,27550
20240209,12:24:09,1.35,100,27550
20240209,12:24:46,1.35,50,27550
20240209,12:25:09,1.35,50,27550
20240209,12:25:13,1.35,50,27550
20240209,12:25:30,1.35,150,27550
20240209,12:25:31,1.35,50,27550
20240209,12:25:42,1.35,50,27550
20240209,12:25:44,1.35,50,27550
20240209,12:26:06,1.35,50,27500
20240209,12:26:14,1.35,50,27500
20240209,12:26:59,1.35,50,27500
20240209,12:27:03,1.35,50,27500
20240209,12:27:26,1.35,50,27500
20240209,12:27:32,1.35,550,27500
20240209,12:28:15,1.35,50,27500
20240209,12:29:22,1.35,100,27500
20240209,12:29:26,1.35,300,27550
20240209,12:29:32,1.35,200,27550
20240209,12:29:40,1.35,50,27550
20240209,12:30:19,1.35,50,27550
20240209,12:30:25,1.35,50,27550
20240209,12:30:44,1.3,200,27550
20240209,12:31:13,1.3,50,27550
20240209,12:32:33,1.35,50,27450
20240209,12:33:02,1.35,50,27450
20240209,12:33:03,1.4,50,27450
20240209,12:33:07,1.35,50,27450
20240209,12:33:15,1.35,50,27450
20240209,12:33:40,1.35,50,27450
20240209,12:33:53,1.35,650,27450
20240209,12:34:01,1.3,50,27450
20240209,12:34:03,1.3,300,27450
20240209,12:35:02,1.3,50,27450
20240209,12:38:37,1.35,50,27400
20240209,12:39:45,1.35,600,27400
20240209,12:42:43,1.35,50,27500
20240209,12:47:15,1.3,50,27500
20240209,12:48:30,1.35,50,27500
20240209,12:49:45,1.35,250,27500
20240209,12:50:32,1.4,100,27500
20240209,12:50:49,1.4,50,27250
20240209,12:51:03,1.4,50,27250
20240209,12:51:14,1.4,50,27250
20240209,12:51:47,1.4,50,27250
20240209,12:52:02,1.4,50,27250
20240209,12:53:54,1.4,50,27200
20240209,12:55:12,1.35,50,27200
20240209,12:55:54,1.35,2400,27150
20240209,12:55:56,1.35,100,27150
20240209,12:57:00,1.4,50,27150
20240209,12:57:11,1.35,150,27150
20240209,12:57:23,1.35,500,27150
20240209,12:57:24,1.35,250,27150
20240209,12:57:31,1.35,50,27150
20240209,12:59:04,1.3,50,26250
20240209,12:59:34,1.3,250,26250
20240209,13:03:49,1.25,50,26450
20240209,13:05:31,1.25,50,26450
20240209,13:07:07,1.3,900,26400
20240209,13:07:08,1.3,50,26400
20240209,13:07:08,1.35,1000,26400
20240209,13:07:17,1.3,100,26400
20240209,13:07:35,1.35,100,26400
20240209,13:13:24,1.3,50,27400
20240209,13:13:57,1.3,50,27400
20240209,13:14:18,1.3,50,27400
20240209,13:14:23,1.3,50,27400
20240209,13:14:34,1.3,50,27400
20240209,13:14:40,1.3,300,27400
20240209,13:14:51,1.3,300,27400
20240209,13:15:43,1.3,50,27400
20240209,13:16:06,1.3,1000,27400
20240209,13:20:48,1.25,850,27400
20240209,13:21:12,1.25,3350,27850
20240209,13:21:15,1.25,50,27850
20240209,13:22:32,1.2,1800,27850
20240209,13:22:50,1.2,50,27850
20240209,13:23:10,1.2,1800,27650
20240209,13:24:02,1.2,1000,27650
20240209,13:24:20,1.25,50,27650
20240209,13:25:24,1.2,2450,27650
20240209,13:25:25,1.2,50,27650
20240209,13:25:49,1.2,50,27650
20240209,13:26:04,1.2,50,28250
20240209,13:26:06,1.2,50,28250
20240209,13:26:09,1.2,50,28250
20240209,13:27:00,1.2,500,28250
20240209,13:27:36,1.2,300,28250
20240209,13:27:45,1.2,1000,28250
20240209,13:27:53,1.2,450,28250
20240209,13:27:54,1.2,100,28250
20240209,13:27:55,1.25,1000,28250
20240209,13:27:56,1.25,1000,28250
20240209,13:27:58,1.2,50,28250
20240209,13:28:02,1.25,1000,28250
20240209,13:28:04,1.25,1000,28250
20240209,13:28:07,1.25,1000,28250
20240209,13:28:09,1.25,1000,28250
20240209,13:28:31,1.2,50,28250
20240209,13:28:41,1.2,50,28250
20240209,13:29:11,1.2,50,31000
20240209,13:33:49,1.25,650,31000
20240209,13:35:26,1.2,1900,31000
20240209,13:35:26,1.2,300,31000
20240209,13:35:28,1.2,250,31000
20240209,13:35:34,1.2,50,31000
20240209,13:35:43,1.2,50,31000
20240209,13:35:49,1.2,50,31000
20240209,13:36:01,1.2,1050,31000
20240209,13:36:11,1.2,50,31000
20240209,13:36:28,1.2,50,31000
20240209,13:36:55,1.15,550,31000
20240209,13:36:59,1.15,50,31000
20240209,13:37:09,1.15,550,31000
20240209,13:37:13,1.2,450,31000
20240209,13:38:06,1.2,1000,31000
20240209,13:38:11,1.15,250,32000
20240209,13:38:12,1.15,500,32000
20240209,13:38:13,1.15,250,32000
20240209,13:42:07,1.2,50,32000
20240209,13:43:11,1.15,100,31450
20240209,13:43:13,1.15,200,31450
20240209,13:43:15,1.15,200,31450
20240209,13:43:16,1.15,300,31450
20240209,13:43:17,1.15,100,31450
20240209,13:43:19,1.15,200,31450
20240209,13:43:20,1.15,100,31450
20240209,13:43:23,1.15,200,31450
20240209,13:43:24,1.15,150,31450
20240209,13:43:29,1.15,950,31450
20240209,13:43:30,1.1,4750,31450
20240209,13:43:53,1.1,300,31450
20240209,13:44:00,1.1,200,33500
20240209,13:44:15,1.1,250,33500
20240209,13:44:54,1.1,100,33500
20240209,13:45:02,1.1,100,33500
20240209,13:46:07,1.1,50,33500
20240209,13:46:25,1.05,50,33500
20240209,13:46:53,1.05,50,33500
20240209,13:47:03,1.1,50,33500
20240209,13:53:24,1.1,300,33800
20240209,13:53:59,1.05,50,33800
20240209,14:00:44,1.1,50,33600
20240209,14:01:03,1.1,1000,33600
20240209,14:01:19,1.1,1750,33600
20240209,14:01:21,1.1,200,33600
20240209,14:06:07,1.05,4350,33850
20240209,14:06:09,1.1,150,33850
20240209,14:06:20,1.05,2500,33850
20240209,14:06:22,1.1,150,33850
20240209,14:08:36,1.05,50,33850
20240209,14:09:41,1.05,50,31400
20240209,14:09:50,1.1,200,31400
20240209,14:10:00,1.05,50,31400
20240209,14:10:12,1.05,50,31400
20240209,14:10:21,1.05,50,31400
20240209,14:10:39,1.05,50,31400
20240209,14:11:46,1.05,250,31400
20240209,14:12:31,1.05,50,30900
20240209,14:12:38,1.05,100,30900
20240209,14:12:52,1.05,50,30900
20240209,14:13:10,1.05,50,30900
20240209,14:13:16,1.05,50,30900
20240209,14:13:43,1.05,850,30900
20240209,14:13:46,1.05,50,30900
20240209,14:13:52,1.05,50,30900
20240209,14:14:06,1.05,1000,30250
20240209,14:14:08,1.1,200,30250
20240209,14:15:11,1.0,50,30250
20240209,14:15:25,1.0,50,30250
20240209,14:15:48,1.0,750,30250
20240209,14:17:28,1.0,100,29450
20240209,14:20:33,1.05,1000,29450
20240209,14:20:34,1.05,2200,29400
20240209,14:20:48,1.0,200,29400
20240209,14:21:05,1.0,50,29400
20240209,14:21:06,1.0,50,29400
20240209,14:23:06,1.0,1800,29050
20240209,14:23:23,1.05,1000,29050
20240209,14:25:32,1.05,50,29050
20240209,14:26:02,1.05,100,29050
20240209,14:26:30,1.05,350,31250
20240209,14:27:08,1.0,300,31250
20240209,14:27:47,1.05,350,31250
20240209,14:28:28,1.0,300,31250
20240209,14:28:40,1.0,400,31250
20240209,14:28:46,0.95,100,31250
20240209,14:29:06,0.95,50,31250
20240209,14:30:02,0.95,1000,31250
20240209,14:30:06,0.95,2800,31250
20240209,14:30:06,0.95,1800,31250
20240209,14:31:31,0.95,600,31250
20240209,14:31:32,0.95,1800,31250
20240209,14:33:12,0.95,250,31250
20240209,14:33:14,1.0,1050,34100
20240209,14:33:21,0.95,50,34100
20240209,14:33:34,0.95,1800,34100
20240209,14:33:39,1.0,250,34100
20240209,14:34:16,0.95,250,34100
20240209,14:34:26,1.0,50,34100
20240209,14:34:38,0.95,650,34100
20240209,14:34:39,1.0,250,34100
20240209,14:34:41,0.95,50,34100
20240209,14:34:42,0.9,2100,34100
20240209,14:34:43,0.95,100,34100
20240209,14:34:50,0.95,1800,34100
20240209,14:35:12,0.95,1800,35500
20240209,14:35:15,0.9,100,35500
20240209,14:35:31,0.95,2000,35500
20240209,14:35:46,0.95,50,35500
20240209,14:35:49,0.95,550,35500
20240209,14:36:07,0.95,500,35500
20240209,14:36:13,0.95,950,35500
20240209,14:36:24,0.95,550,35500
20240209,14:37:21,0.95,1100,35500
20240209,14:37:38,0.95,6500,35500
20240209,14:37:39,0.95,600,35500
20240209,14:38:00,0.95,250,35500
20240209,14:38:09,0.95,50,42850
20240209,14:38:10,0.95,50,42850
20240209,14:38:23,0.95,50,42850
20240209,14:38:54,0.95,1800,42850
20240209,14:39:22,0.95,250,42850
20240209,14:39:35,0.95,50,42850
20240209,14:40:30,0.95,250,42850
20240209,14:42:22,0.9,2700,42900
20240209,14:42:36,0.95,50,42900
20240209,14:42:44,0.95,50,42900
20240209,14:46:34,0.95,300,44700
20240209,14:53:35,0.95,1600,44700
20240209,14:54:16,1.0,1000,44700
20240209,14:55:48,0.95,2400,44700
20240209,14:56:01,0.95,150,44700
20240209,14:56:09,0.95,250,44700
20240209,14:56:13,0.95,150,44050
20240209,14:56:26,0.95,500,44050
20240209,14:56:40,0.95,500,44050
20240209,14:56:59,0.95,1500,44050
20240209,14:57:20,1.0,250,44050
20240209,14:57:53,0.95,250,44050
20240209,14:58:41,0.95,150,44050
20240209,14:59:18,0.95,900,44050
20240209,14:59:24,0.9,800,43650
20240209,14:59:35,0.9,400,43650
20240209,14:59:36,0.9,400,43650
20240209,14:59:39,1.0,2000,43650
20240209,14:59:44,0.95,1800,43650
20240209,14:59:47,1.0,50,43650
20240209,14:59:55,0.95,50,43650
20240209,15:00:09,0.95,50,43650
20240209,15:00:36,0.95,300,43650
20240209,15:00:56,0.95,250,43650
20240209,15:00:59,0.95,350,43650
20240209,15:05:22,0.95,150,42950
20240209,15:06:49,1.0,250,42950
20240209,15:08:00,1.0,150,42950
20240209,15:08:56,0.95,1250,42800
20240209,15:08:57,0.9,1000,42800
20240209,15:09:26,1.0,1000,42800
20240209,15:10:26,1.0,400,42800
20240209,15:12:03,0.95,100,43550
20240209,15:12:29,1.0,100,43550
20240209,15:14:00,0.95,100,43550
20240209,15:14:03,0.95,250,43550
20240209,15:14:49,0.95,200,43550
20240209,15:14:54,0.95,800,43650
20240209,15:15:08,1.0,50,43650
20240209,15:15:54,0.9,1000,43650
20240209,15:17:20,0.95,100,43650
20240209,15:18:11,0.95,300,42750
20240209,15:18:21,0.9,100,42750
20240209,15:20:02,0.95,500,42750
20240209,15:20:35,0.95,300,42650
20240209,15:20:43,0.95,250,42650
20240209,15:20:46,0.95,250,42650
20240209,15:21:21,0.95,250,42650
20240209,15:21:26,0.95,300,42650
20240209,15:22:24,0.95,350,42650
20240209,15:22:32,0.95,100,42650
20240209,15:22:44,0.9,100,42650
20240209,15:22:54,0.95,300,42650
20240209,15:23:12,0.95,250,42100
20240209,15:23:15,0.95,50,42100
20240209,15:23:29,0.95,50,42100
20240209,15:23:31,0.95,400,42100
20240209,15:24:08,0.95,50,42100
20240209,15:24:17,0.95,1050,42100
20240209,15:24:22,0.95,600,42100
20240209,15:24:23,0.95,50,42100
20240209,15:24:35,0.9,50,42100
20240209,15:24:50,0.95,300,42100
20240209,15:24:53,0.95,100,42100
20240209,15:25:02,0.9,150,42100
20240209,15:25:03,0.9,150,42100
20240209,15:25:38,0.95,550,42100
20240209,15:25:40,0.9,400,42100
20240209,15:25:42,0.95,500,42100
20240209,15:25:51,0.85,250,42100
20240209,15:26:13,0.85,300,42100
20240209,15:26:17,0.85,200,41500
20240209,15:26:19,0.85,500,41500
20240209,15:26:23,0.9,500,41500
20240209,15:26:37,0.9,1550,41500
20240209,15:27:09,0.95,1000,41500
20240209,15:27:18,0.95,250,41500
20240209,15:27:19,0.9,1000,41500
20240209,15:27:20,0.95,800,41500
20240209,15:27:24,0.9,350,41500
20240209,15:28:18,0.9,900,41500
20240209,15:28:32,0.95,100,41500
20240209,15:28:33,0.95,100,41500
20240209,15:28:34,0.95,100,41500
20240209,15:28:38,0.95,50,41500
20240209,15:28:46,0.9,50,41500
20240209,15:28:50,0.95,750,41500
20240209,15:28:53,0.95,500,41500
20240209,15:28:57,0.95,250,41500
20240209,15:29:00,0.95,2800,41500
20240209,15:29:01,0.95,50,41500
20240209,15:29:06,0.9,300,41500
20240209,15:29:22,0.95,300,42450
20240209,15:29:26,0.9,150,42450
20240209,15:29:55,1.0,100,42450
20240209,15:29:59,0.95,100,42450
20240212,09:15:01,0.9,1,42150
20240212,09:15:01,0.9,50,42150
20240212,09:15:02,0.95,600,42150
20240212,09:15:03,0.95,50,42150
20240212,09:15:04,1.8,300,42150
20240212,09:15:06,1.0,250,42150
20240212,09:15:07,0.95,100,42150
20240212,09:15:13,0.95,100,42150
20240212,09:15:22,1.2,1750,42150
20240212,09:15:23,0.9,250,42150
20240212,09:15:33,0.9,250,42700
20240212,09:15:49,0.95,400,42700
20240212,09:16:00,0.95,1750,42700
20240212,09:16:58,0.95,50,42700
20240212,09:17:05,0.9,50,42700
20240212,09:17:13,0.95,250,42700
20240212,09:17:28,1.0,750,42700
20240212,09:17:40,0.95,600,42700
20240212,09:17:43,0.95,50,42700
20240212,09:17:45,0.95,50,42700
20240212,09:17:49,1.0,400,42700
20240212,09:17:52,0.95,1100,42700
20240212,09:18:19,0.95,400,42700
20240212,09:18:38,0.95,100,43450
20240212,09:18:42,0.95,50,43450
20240212,09:19:04,0.9,50,43450
20240212,09:19:06,0.95,50,43450
20240212,09:19:19,0.9,100,43450
20240212,09:20:02,0.9,400,43450
20240212,09:20:05,0.9,500,43450
20240212,09:20:14,0.95,50,43450
20240212,09:20:15,0.9,1800,43450
20240212,09:20:16,0.9,1000,43450
20240212,09:20:17,0.9,1000,43450
20240212,09:20:18,0.9,1000,43450
20240212,09:20:19,0.9,1000,43450
20240212,09:20:20,0.95,50,43450
20240212,09:20:21,0.9,1000,43450
20240212,09:21:04,0.95,50,43450
20240212,09:21:06,0.95,600,43450
20240212,09:22:02,0.9,1000,44900
20240212,09:22:04,0.9,1000,44900
20240212,09:22:05,0.9,1000,44900
20240212,09:22:06,0.9,1000,44900
20240212,09:22:13,0.9,1000,44900
20240212,09:22:13,0.95,650,44900
20240212,09:22:15,0.9,1000,44900
20240212,09:22:17,0.9,1600,44900
20240212,09:22:25,0.9,50,44900
20240212,09:22:28,0.85,100,44900
20240212,09:22:48,0.85,100,44900
20240212,09:22:49,0.9,50,44900
20240212,09:23:08,0.9,1300,44900
20240212,09:23:20,0.9,100,44900
20240212,09:23:47,0.9,100,44900
20240212,09:25:01,0.95,50,45450
20240212,09:25:02,0.95,50,45450
20240212,09:25:29,0.95,200,45450
20240212,09:25:46,0.95,50,45450
20240212,09:25:54,0.95,550,45450
20240212,09:25:57,1.0,50,45450
20240212,09:26:02,0.95,250,45450
20240212,09:26:05,0.95,50,45450
20240212,09:26:12,0.95,50,45450
20240212,09:26:18,0.95,1000,45450
20240212,09:26:26,0.95,100,45450
20240212,09:26:29,0.9,500,45450
20240212,09:26:40,0.9,100,45450
20240212,09:27:04,0.95,250,45450
20240212,09:27:16,0.9,50,45450
20240212,09:27:17,0.95,400,45450
20240212,09:27:51,0.95,200,46750
20240212,09:28:14,0.95,50,46750
20240212,09:28:41,0.9,200,46750
20240212,09:29:49,0.95,50,46750
20240212,09:29:58,0.9,100,46750
20240212,09:30:02,0.9,50,46750
20240212,09:30:05,0.9,1350,46750
20240212,09:30:33,0.9,750,46750
20240212,09:30:40,0.9,100,46850
20240212,09:33:03,0.95,50,46850
20240212,09:33:22,0.95,50,46850
20240212,09:33:32,0.95,200,47000
20240212,09:33:37,0.95,50,47000
20240212,09:33:42,0.95,50,47000
20240212,09:34:03,0.95,200,47000
20240212,09:34:05,1.0,50,47000
20240212,09:34:13,0.95,100,47000
20240212,09:34:18,0.95,50,47000
20240212,09:34:30,1.0,100,47000
20240212,09:34:33,0.95,50,47000
20240212,09:34:46,1.0,200,47000
20240212,09:34:50,0.95,50,47000
20240212,09:34:51,0.95,50,47000
20240212,09:37:20,1.0,50,47000
20240212,09:37:21,1.0,50,47700
20240212,09:37:48,1.0,50,47700
20240212,09:38:07,0.95,50,47700
20240212,09:38:17,1.0,1800,47700
20240212,09:38:54,1.05,1450,47700
20240212,09:39:00,1.0,50,47700
20240212,09:39:09,1.0,400,47700
20240212,09:39:11,1.0,5300,47700
20240212,09:39:52,1.0,50,45900
20240212,09:40:07,1.0,50,45900
20240212,09:40:21,1.0,500,45900
20240212,09:40:25,0.95,50,45900
20240212,09:40:32,1.0,1100,45900
20240212,09:40:33,1.0,700,45900
20240212,09:40:34,1.0,750,45900
20240212,09:40:43,1.05,150,45900
20240212,09:40:43,1.05,100,45900
20240212,09:40:46,1.0,100,45900
20240212,09:40:46,1.0,350,45900
20240212,09:40:49,1.0,1700,45900
20240212,09:40:52,1.05,700,45900
20240212,09:40:53,1.05,100,45900
20240212,09:40:56,1.05,50,45900
20240212,09:41:05,1.0,1100,45900
20240212,09:41:11,1.05,50,45900
20240212,09:41:15,1.0,600,45900
20240212,09:41:24,1.0,300,45900
20240212,09:41:26,0.95,500,45900
20240212,09:41:28,0.95,900,45900
20240212,09:41:29,1.0,900,45900
20240212,09:41:37,1.0,250,45900
20240212,09:41:37,0.95,950,45900
20240212,09:41:40,1.0,150,45900
20240212,09:41:41,0.95,1700,45900
20240212,09:41:44,0.95,50,45900
20240212,09:41:53,0.9,100,45900
20240212,09:41:57,0.95,50,45900
20240212,09:41:59,0.9,200,45900
20240212,09:42:00,0.95,50,45900
20240212,09:42:04,0.9,150,45900
20240212,09:42:06,0.95,50,45900
20240212,09:42:07,0.95,100,45900
20240212,09:42:34,0.9,900,49450
20240212,09:42:44,0.95,200,49450
20240212,09:43:13,0.95,2000,49450
20240212,09:43:18,0.95,50,49450
20240212,09:43:31,0.95,50,49450
20240212,09:43:57,0.95,50,49450
20240212,09:44:59,0.9,50,49450
20240212,09:45:29,0.9,100,49450
20240212,09:45:31,0.95,500,49450
20240212,09:45:50,0.95,50,49450
20240212,09:46:05,0.95,50,49450
20240212,09:46:06,0.9,50,49450
20240212,09:46:18,0.95,50,49450
20240212,09:47:05,0.95,50,49450
20240212,09:47:25,0.9,200,49450
20240212,09:47:26,0.9,1800,49450
20240212,09:47:34,0.95,250,49450
20240212,09:47:53,0.95,100,49450
20240212,09:48:48,0.9,950,49450
20240212,09:50:56,0.9,200,47950
20240212,09:51:03,0.9,100,47950
20240212,09:53:49,0.95,50,48100
20240212,09:54:04,0.9,50,48100
20240212,09:54:18,0.95,100,48100
20240212,09:54:34,0.95,200,48050
20240212,09:55:05,0.9,50,48050
20240212,09:56:46,0.9,4000,48050
20240212,09:57:18,0.9,250,48050
20240212,09:57:19,0.85,100,48050
20240212,09:57:32,0.9,50,48050
20240212,09:58:55,0.9,50,47600
20240212,09:58:56,0.9,50,47600
20240212,09:59:24,0.9,100,47600
20240212,09:59:29,0.85,100,47600
20240212,10:00:10,0.85,100,47600
20240212,10:00:36,0.9,1200,47900
20240212,10:00:43,0.85,100,47900
20240212,10:01:02,0.85,450,47900
20240212,10:01:14,0.85,50,47900
20240212,10:01:16,0.9,50,47900
20240212,10:01:32,0.85,1250,47900
20240212,10:03:31,0.85,50,47900
20240212,10:04:58,0.85,100,47650
20240212,10:05:44,0.8,50,47650
20240212,10:05:53,0.8,50,47650
20240212,10:05:54,0.8,50,47650
20240212,10:06:11,0.8,50,47650
20240212,10:06:18,0.8,100,47650
20240212,10:06:33,0.8,50,47650
20240212,10:08:46,0.8,1000,47650
20240212,10:09:18,0.8,50,47950
20240212,10:09:21,0.8,2250,47950
20240212,10:09:22,0.8,1000,47950
20240212,10:09:38,0.8,1100,47950
20240212,10:09:39,0.8,300,48050
20240212,10:09:40,0.8,50,48050
20240212,10:09:41,0.8,100,48050
20240212,10:10:01,0.75,150,48050
20240212,10:10:17,0.75,100,48050
20240212,10:10:33,0.75,150,48050
20240212,10:10:48,0.75,150,48050
20240212,10:10:53,0.75,50,48050
20240212,10:11:20,0.75,50,48050
20240212,10:11:26,0.75,50,48050
20240212,10:11:32,0.75,100,48050
20240212,10:12:11,0.75,50,48050
20240212,10:13:44,0.75,3800,47750
20240212,10:13:47,0.75,600,47750
20240212,10:14:44,0.8,50,47750
20240212,10:14:58,0.8,50,47750
20240212,10:17:15,0.75,50,46000
20240212,10:17:17,0.8,850,46000
20240212,10:17:56,0.8,50,46000
20240212,10:18:10,0.8,50,46000
20240212,10:20:53,0.8,50,46000
20240212,10:21:24,0.75,50,46200
20240212,10:21:44,0.75,50,46100
20240212,10:22:28,0.8,300,46100
20240212,10:23:40,0.8,50,46100
20240212,10:23:52,0.7,2550,46100
20240212,10:23:53,0.7,50,46100
20240212,10:24:02,0.7,400,46100
20240212,10:24:10,0.75,50,46100
20240212,10:24:33,0.8,500,46100
20240212,10:25:16,0.8,950,46100
20240212,10:25:30,0.8,50,45800
20240212,10:26:29,0.75,250,45800
20240212,10:26:32,0.75,100,45800
20240212,10:27:14,0.75,200,45800
20240212,10:27:45,0.75,250,46200
20240212,10:27:59,0.8,250,46200
20240212,10:28:17,0.8,50,46200
20240212,10:28:55,0.8,50,46200
20240212,10:29:37,0.8,50,46200
20240212,10:30:15,0.8,50,46200
20240212,10:30:22,0.8,300,46200
20240212,10:30:56,0.8,50,46400
20240212,10:32:46,0.8,700,46400
20240212,10:32:47,0.8,1800,46400
20240212,10:33:35,0.8,100,46400
20240212,10:33:38,0.8,100,45800
20240212,10:33:52,0.8,50,45800
20240212,10:34:06,0.75,100,45800
20240212,10:34:43,0.8,100,45800
20240212,10:35:12,0.8,50,45800
20240212,10:40:41,0.75,250,45800
20240212,10:41:10,0.75,50,45800
20240212,10:41:44,0.8,100,45800
20240212,10:44:02,0.75,100,46000
20240212,10:48:48,0.8,50,46100
20240212,10:51:10,0.75,50,46100
20240212,10:52:12,0.7,3800,46100
20240212,10:52:13,0.75,450,46100
20240212,10:52:15,0.75,50,46100
20240212,10:52:19,0.75,50,46100
20240212,10:52:23,0.75,100,46100
20240212,10:54:07,0.75,50,46100
20240212,10:54:11,0.75,500,46100
20240212,10:54:13,0.75,50,46100
20240212,10:54:18,0.75,850,46100
20240212,10:54:18,0.7,1800,46100
20240212,10:54:52,0.75,50,46100
20240212,10:54:54,0.7,500,48300
20240212,10:54:57,0.75,50,48300
20240212,10:57:57,0.7,50,48300
20240212,10:59:19,0.75,50,48200
20240212,10:59:23,0.7,400,48200
20240212,10:59:24,0.75,100,48200
20240212,10:59:26,0.7,250,48200
20240212,11:01:41,0.7,150,48200
20240212,11:01:54,0.7,1800,48250
20240212,11:02:10,0.75,250,48250
20240212,11:02:11,0.75,500,48250
20240212,11:06:42,0.75,50,48250
20240212,11:07:00,0.7,250,47950
20240212,11:07:38,0.7,50,47950
20240212,11:12:33,0.75,150,47950
20240212,11:14:01,0.75,500,47750
20240212,11:19:28,0.7,100,47750
20240212,11:19:29,0.7,50,47750
20240212,11:21:26,0.75,50,47750
20240212,11:23:01,0.75,1500,47750
20240212,11:25:50,0.75,500,48800
20240212,11:26:05,0.8,1050,48800
20240212,11:26:06,0.75,50,48800
20240212,11:26:07,0.75,50,48800
20240212,11:26:08,0.75,50,48800
20240212,11:26:09,0.8,300,48800
20240212,11:26:16,0.8,250,48800
20240212,11:26:23,0.8,250,48800
20240212,11:26:25,0.8,1250,48800
20240212,11:26:42,0.8,250,48800
20240212,11:26:45,0.8,700,48800
20240212,11:26:47,0.8,1200,48800
20240212,11:26:51,0.8,50,48800
20240212,11:27:15,0.8,50,48800
20240212,11:27:27,0.8,800,48800
20240212,11:27:29,0.8,50,48800
20240212,11:27:53,0.8,50,49650
20240212,11:28:40,0.8,100,49650
20240212,11:31:31,0.75,50,49650
20240212,11:32:33,0.75,150,49500
20240212,11:33:16,0.75,2100,49500
20240212,11:33:21,0.75,50,49500
20240212,11:33:32,0.8,50,49500
20240212,11:33:33,0.8,50,49500
20240212,11:34:02,0.75,50,49500
20240212,11:34:14,0.75,550,47850
20240212,11:35:30,0.75,100,47850
20240212,11:36:18,0.75,700,47850
20240212,11:36:19,0.75,400,47850
20240212,11:37:09,0.8,50,47350
20240212,11:37:49,0.75,50,47350
20240212,11:40:09,0.7,2900,47350
20240212,11:40:10,0.7,2050,47350
20240212,11:40:51,0.75,50,47350
20240212,11:42:00,0.7,1000,47350
20240212,11:42:00,0.7,50,47350
20240212,11:42:02,0.7,800,47350
20240212,11:42:09,0.7,100,47350
20240212,11:42:35,0.65,50,47350
20240212,11:45:36,0.65,50,47350
20240212,11:46:34,0.65,50,50950
20240212,11:47:03,0.7,600,50950
20240212,11:48:04,0.7,50,50950
20240212,11:48:12,0.7,150,50950
20240212,11:48:13,0.7,200,50950
20240212,11:48:15,0.65,50,50950
20240212,11:48:18,0.7,150,50950
20240212,11:51:07,0.7,2350,50900
20240212,11:51:12,0.7,250,50900
20240212,11:54:04,0.7,1800,50900
20240212,11:54:05,0.7,100,51850
20240212,11:54:27,0.7,50,51850
20240212,11:55:49,0.65,50,51850
20240212,11:56:17,0.7,150,51850
20240212,11:57:12,0.7,1000,51850
20240212,11:57:13,0.7,50,51850
20240212,11:57:18,0.7,150,51850
20240212,12:00:50,0.7,500,51850
20240212,12:00:59,0.7,600,51950
20240212,12:02:45,0.7,1500,51950
20240212,12:03:05,0.75,1150,51950
20240212,12:04:47,0.7,1800,53500
20240212,12:04:47,0.65,3650,53500
20240212,12:04:52,0.7,50,53500
20240212,12:05:05,0.65,700,53500
20240212,12:05:18,0.7,50,53500
20240212,12:06:03,0.7,500,53500
20240212,12:06:24,0.7,100,53500
20240212,12:06:33,0.7,4250,53500
20240212,12:06:40,0.7,50,53500
20240212,12:06:54,0.75,7150,57500
20240212,12:06:55,0.7,350,57500
20240212,12:07:03,0.75,250,57500
20240212,12:08:05,0.7,100,57500
20240212,12:08:16,0.7,150,57500
20240212,12:09:09,0.75,2150,57500
20240212,12:09:19,0.8,100,57500
20240212,12:09:21,0.75,200,57500
20240212,12:09:38,0.75,50,57500
20240212,12:09:55,0.75,1300,57500
20240212,12:09:59,0.75,900,63100
20240212,12:10:01,0.75,700,63100
20240212,12:10:02,0.8,750,63100
20240212,12:10:27,0.75,700,63100
20240212,12:10:54,0.75,400,63100
20240212,12:10:57,0.75,250,63100
20240212,12:11:03,0.75,6450,63100
20240212,12:11:03,0.7,2600,63100
20240212,12:12:25,0.75,4800,63100
20240212,12:13:29,0.8,100,64950
20240212,12:13:49,0.8,550,64950
20240212,12:14:19,0.8,50,64950
20240212,12:14:37,0.8,50,64950
20240212,12:14:46,0.8,50,64950
20240212,12:15:02,0.85,100,64950
20240212,12:15:17,0.8,50,64950
20240212,12:16:10,0.8,50,64950
20240212,12:17:00,0.8,50,65700
20240212,12:17:08,0.85,500,65700
20240212,12:18:43,0.8,100,65700
20240212,12:19:00,0.8,50,65700
20240212,12:19:01,0.8,250,66000
20240212,12:19:03,0.8,100,66000
20240212,12:19:08,0.8,100,66000
20240212,12:20:20,0.8,50,66000
20240212,12:20:29,0.8,500,66000
20240212,12:21:10,0.8,500,66000
20240212,12:22:05,0.8,450,66450
20240212,12:23:47,0.75,600,66450
20240212,12:23:48,0.8,50,66450
20240212,12:23:49,0.8,50,66450
20240212,12:24:15,0.8,300,66450
20240212,12:24:17,0.75,100,66450
20240212,12:25:48,0.75,50,66200
20240212,12:25:52,0.75,300,66200
20240212,12:27:01,0.8,500,66200
20240212,12:27:54,0.75,500,66200
20240212,12:29:13,0.75,50,66150
20240212,12:30:11,0.8,50,66150
20240212,12:30:59,0.7,50,65650
20240212,12:35:55,0.8,250,65650
20240212,12:43:27,0.8,50,65650
20240212,12:43:57,0.8,350,65650
20240212,12:44:13,0.7,50,65650
20240212,12:48:37,0.8,50,65300
20240212,12:51:47,0.75,50,65250
20240212,12:51:48,0.8,50,65250
20240212,12:52:10,0.8,250,65150
20240212,12:52:49,0.75,250,65150
20240212,12:53:59,0.75,50,65150
20240212,12:55:08,0.8,400,65150
20240212,12:55:27,0.8,2250,65100
20240212,12:55:28,0.8,3950,65100
20240212,12:55:38,0.8,850,65100
20240212,12:56:59,0.8,1450,65100
20240212,12:57:25,0.85,250,65100
20240212,12:57:40,0.85,100,65100
20240212,12:58:12,0.75,50,65100
20240212,12:58:50,0.75,100,63050
20240212,12:59:28,0.75,200,63050
20240212,13:00:45,0.8,1850,63050
20240212,13:00:46,0.75,2700,63050
20240212,13:01:00,0.8,100,66800
20240212,13:01:03,0.75,650,66800
20240212,13:01:04,0.75,200,66800
20240212,13:01:26,0.7,100,66800
20240212,13:02:08,0.75,550,66800
20240212,13:03:15,0.7,5550,66800
20240212,13:03:57,0.75,50,66800
20240212,13:03:58,0.7,1400,66800
20240212,13:03:59,0.7,1000,66800
20240212,13:04:05,0.7,50,71800
20240212,13:04:39,0.75,550,71800
20240212,13:04:40,0.75,200,71800
20240212,13:04:48,0.7,250,71800
20240212,13:04:49,0.65,2550,71800
20240212,13:05:00,0.7,50,71800
20240212,13:05:02,0.7,50,71800
20240212,13:05:22,0.7,250,71800
20240212,13:05:33,0.7,3550,71800
20240212,13:05:34,0.65,2350,71800
20240212,13:05:35,0.7,200,71800
20240212,13:05:38,0.75,500,71800
20240212,13:05:44,0.7,1950,71800
20240212,13:05:45,0.75,500,71800
20240212,13:05:46,0.7,1350,71800
20240212,13:05:47,0.7,100,71800
20240212,13:05:54,0.7,550,71800
20240212,13:05:57,0.7,550,71800
20240212,13:06:01,0.7,200,71800
20240212,13:06:03,0.7,200,71800
20240212,13:06:04,0.7,200,71800
20240212,13:06:05,0.7,50,71800
20240212,13:06:23,0.75,100,71800
20240212,13:06:25,0.7,3000,71800
20240212,13:06:26,0.7,1400,71800
20240212,13:06:28,0.7,50,71800
20240212,13:07:02,0.7,250,81850
20240212,13:07:17,0.7,3950,81850
20240212,13:07:42,0.75,700,81850
20240212,13:07:46,0.7,50,81850
20240212,13:07:53,0.7,50,81850
20240212,13:08:02,0.7,50,81850
20240212,13:08:04,0.7,50,81850
20240212,13:08:19,0.7,50,81850
20240212,13:08:27,0.7,50,81850
20240212,13:08:40,0.7,50,81850
20240212,13:08:42,0.7,50,81850
20240212,13:11:06,0.75,500,85400
20240212,13:13:38,0.7,250,84900
20240212,13:15:06,0.75,500,84900
20240212,13:15:16,0.7,5000,84900
20240212,13:15:17,0.7,400,84900
20240212,13:15:25,0.7,100,84900
20240212,13:15:26,0.7,50,84900
20240212,13:15:40,0.7,250,84900
20240212,13:16:29,0.7,100,84900
20240212,13:18:30,0.7,100,88750
20240212,13:18:43,0.7,550,88750
20240212,13:18:44,0.7,500,88750
20240212,13:18:45,0.7,450,88750
20240212,13:18:51,0.7,650,88750
20240212,13:18:52,0.7,1700,88750
20240212,13:19:23,0.65,100,88750
20240212,13:19:51,0.65,1400,90900
20240212,13:20:01,0.7,250,90900
20240212,13:20:40,0.7,1200,90900
20240212,13:20:41,0.7,50,90900
20240212,13:21:04,0.75,2100,90900
20240212,13:21:15,0.7,50,90900
20240212,13:22:38,0.75,950,90900
20240212,13:23:11,0.75,50,91950
20240212,13:23:20,0.75,50,91950
20240212,13:23:34,0.75,100,91950
20240212,13:23:57,0.75,300,91950
20240212,13:33:54,0.7,250,91950
20240212,13:34:23,0.7,250,92400
20240212,13:35:42,0.75,250,92300
20240212,13:36:15,0.75,50,92300
20240212,13:37:45,0.75,250,92300
20240212,13:38:47,0.75,250,92350
20240212,13:39:21,0.75,300,92350
20240212,13:43:30,0.8,50,92050
20240212,13:44:50,0.75,50,92050
20240212,13:44:58,0.75,50,92050
20240212,13:46:11,0.75,50,92050
20240212,13:47:19,0.75,50,92100
20240212,13:48:07,0.75,50,92100
20240212,13:49:41,0.75,50,92100
20240212,13:50:02,0.75,50,92250
20240212,13:50:03,0.75,50,92250
20240212,13:50:10,0.75,100,92250
20240212,13:52:22,0.75,200,92100
20240212,13:54:12,0.7,100,92100
20240212,13:55:18,0.75,50,92100
20240212,13:55:21,0.75,200,92100
20240212,13:56:23,0.7,100,92100
20240212,13:59:30,0.75,100,91950
20240212,14:01:11,0.75,500,91950
20240212,14:01:17,0.7,750,91950
20240212,14:02:19,0.7,250,91950
20240212,14:02:53,0.7,400,91950
20240212,14:03:44,0.75,50,91950
20240212,14:04:04,0.75,50,91950
20240212,14:06:18,0.7,50,91800
20240212,14:07:26,0.7,50,91800
20240212,14:13:21,0.7,950,91800
20240212,14:13:21,0.7,50,91800
20240212,14:13:22,0.7,50,91800
20240212,14:13:23,0.7,50,91800
20240212,14:13:24,0.7,50,91800
20240212,14:13:25,0.7,50,91800
20240212,14:14:11,0.75,50,91800
20240212,14:18:04,0.75,50,91250
20240212,14:19:26,0.75,50,91200
20240212,14:22:40,0.7,100,91200
20240212,14:22:56,0.7,50,91200
20240212,14:23:42,0.7,100,91200
20240212,14:24:42,0.7,50,91200
20240212,14:28:25,0.7,100,91350
20240212,14:31:12,0.7,250,91450
20240212,14:33:52,0.7,150,91450
20240212,14:34:05,0.7,250,91450
20240212,14:34:11,0.7,950,91450
20240212,14:34:13,0.7,650,91450
20240212,14:34:32,0.7,100,92800
20240212,14:35:23,0.7,50,92800
20240212,14:35:25,0.7,100,92800
20240212,14:35:36,0.7,50,92800
20240212,14:36:42,0.7,100,92800
20240212,14:37:49,0.65,250,92800
20240212,14:40:08,0.65,250,93150
20240212,14:40:32,0.65,50,93150
20240212,14:40:49,0.65,50,93150
20240212,14:42:11,0.6,50,93150
20240212,14:42:56,0.6,550,93150
20240212,14:43:01,0.7,350,93150
20240212,14:48:54,0.7,500,93150
20240212,14:50:15,0.65,300,93100
20240212,14:51:43,0.65,250,93450
20240212,14:53:23,0.65,200,93450
20240212,14:53:25,0.65,50,93700
20240212,14:53:59,0.65,50,93700
20240212,14:58:22,0.65,50,93700
20240212,14:58:56,0.65,50,93700
20240212,14:59:32,0.6,750,93700
20240212,15:01:17,0.6,500,93700
20240212,15:09:18,0.6,500,93850
20240212,15:09:29,0.65,500,93850
20240212,15:09:37,0.65,1100,93850
20240212,15:10:14,0.6,750,93850
20240212,15:10:58,0.6,650,94150
20240212,15:11:13,0.6,750,94150
20240212,15:13:19,0.6,250,94150
20240212,15:13:36,0.6,50,93750
20240212,15:13:42,0.6,50,93750
20240212,15:13:43,0.55,50,93750
20240212,15:14:31,0.55,650,93750
20240212,15:16:01,0.55,50,93750
20240212,15:16:14,0.6,500,93750
20240212,15:16:20,0.6,50400,93750
20240212,15:16:21,0.6,280950,93850
20240212,15:16:22,0.6,68150,93850
20240212,15:16:41,0.55,2200,93850
20240212,15:17:03,0.65,50,93850
20240212,15:17:09,0.55,3700,93850
20240212,15:17:29,0.5,600,93850
20240212,15:17:30,0.5,500,93850
20240212,15:18:11,0.5,1100,93850
20240212,15:18:27,0.5,100,93850
20240212,15:18:49,0.5,300,93850
20240212,15:18:51,0.5,550,93850
20240212,15:19:01,0.55,1200,93850
20240212,15:19:24,0.5,300,93850
20240212,15:19:25,0.5,400,498450
20240212,15:19:26,0.55,6450,498450
20240212,15:19:27,0.55,300,498450
20240212,15:19:35,0.55,600,498450
20240212,15:19:36,0.55,850,498450
20240212,15:20:06,0.55,500,498450
20240212,15:20:29,0.6,1800,498450
20240212,15:20:30,0.6,700,498450
20240212,15:21:36,0.55,100,498450
20240212,15:21:52,0.55,50,498450
20240212,15:22:16,0.55,50,498450
20240212,15:22:17,0.5,12500,498450
20240212,15:22:35,0.5,1000,498450
20240212,15:22:35,0.5,750,498000
20240212,15:23:56,0.5,1000,498000
20240212,15:24:35,0.5,250,498000
20240212,15:24:44,0.5,100,498000
20240212,15:24:59,0.5,2900,498000
20240212,15:25:01,0.5,200,498000
20240212,15:25:02,0.5,200,498000
20240212,15:25:04,0.5,150,498000
20240212,15:25:11,0.55,1100,498000
20240212,15:25:32,0.55,1050,499000
20240212,15:25:39,0.5,500,499000
20240212,15:26:05,0.55,200,499000
20240212,15:26:13,0.5,1150,499000
20240212,15:26:23,0.55,400,499000
20240212,15:26:32,0.55,600,499000
20240212,15:26:42,0.5,100,499000
20240212,15:27:01,0.5,500,499000
20240212,15:27:05,0.5,300,499000
20240212,15:27:22,0.55,200,499000
20240212,15:27:26,0.55,300,499000
20240212,15:27:30,0.5,50,499000
20240212,15:27:41,0.55,250,499000
20240212,15:28:18,0.55,50,499000
20240212,15:28:31,0.5,350,498100
20240212,15:28:37,0.5,2000,498100
20240212,15:29:08,0.5,100,498100
20240212,15:29:14,0.55,350,498100
20240212,15:29:48,0.5,100,498100
20240212,15:29:55,0.55,1400,498100
20240213,09:15:02,0.6,1,499850
20240213,09:15:02,0.65,1850,499850
20240213,09:15:03,0.6,200,499850
20240213,09:15:05,0.6,250,499850
20240213,09:15:06,0.55,50,499850
20240213,09:15:15,0.55,100,499850
20240213,09:15:16,0.65,1700,499850
20240213,09:15:16,0.65,500,499850
20240213,09:15:23,0.65,200,499850
20240213,09:15:24,0.65,300,499850
20240213,09:15:26,0.7,50,499850
20240213,09:15:36,0.7,1000,500700
20240213,09:15:37,0.65,50,500700
20240213,09:15:39,0.7,50,500700
20240213,09:15:54,0.65,350,500700
20240213,09:15:55,0.65,100,500700
20240213,09:15:56,0.65,250,500700
20240213,09:15:57,0.65,165650,500700
20240213,09:15:58,0.65,103050,500700
20240213,09:15:59,0.65,32950,500700
20240213,09:16:00,0.65,109100,500700
20240213,09:16:01,0.65,100,500700
20240213,09:16:04,0.65,50,500700
20240213,09:16:06,0.65,350,500700
20240213,09:16:07,0.65,500,500700
20240213,09:16:09,0.6,1200,500700
20240213,09:16:10,0.6,1000,500700
20240213,09:16:14,0.5,850,500700
20240213,09:16:16,0.6,250,500700
20240213,09:16:17,0.6,50,500700
20240213,09:16:18,0.6,150,500700
20240213,09:16:19,0.6,250,500700
20240213,09:16:20,0.6,50,500700
20240213,09:16:26,0.6,350,500700
20240213,09:16:26,0.55,150,500700
20240213,09:16:27,0.6,1000,500700
20240213,09:16:28,0.6,50,500700
20240213,09:16:42,0.6,100,500700
20240213,09:16:50,0.6,50,500700
20240213,09:17:22,0.6,250,500700
20240213,09:17:29,0.6,1800,500700
20240213,09:17:29,0.6,1000,500700
20240213,09:17:39,0.6,650,500700
20240213,09:17:40,0.6,650,500700
20240213,09:17:46,0.55,500,500700
20240213,09:18:10,0.55,1850,500700
20240213,09:18:13,0.55,1100,500700
20240213,09:18:26,0.6,900,500700
20240213,09:18:39,0.6,800,102950
20240213,09:18:47,0.6,350,102950
20240213,09:18:49,0.6,50,102950
20240213,09:18:55,0.6,200,102950
20240213,09:19:21,0.6,100,102950
20240213,09:19:32,0.6,900,102950
20240213,09:19:34,0.6,400,102950
20240213,09:19:35,0.6,100,102950
20240213,09:19:36,0.6,50,102950
20240213,09:19:50,0.55,50,102950
20240213,09:19:50,0.6,150,102950
20240213,09:20:17,0.55,50,102950
20240213,09:21:36,0.55,1500,103850
20240213,09:21:42,0.6,500,103850
20240213,09:22:05,0.55,100,103850
20240213,09:22:20,0.6,50,103850
20240213,09:23:02,0.6,150,103850
20240213,09:23:03,0.6,100,103850
20240213,09:23:04,0.6,100,103850
20240213,09:23:14,0.6,100,103850
20240213,09:23:18,0.6,650,103850
20240213,09:23:19,0.6,450,103850
20240213,09:23:20,0.65,400,103850
20240213,09:23:36,0.65,100,103850
20240213,09:23:38,0.65,100,103850
20240213,09:23:41,0.65,50,103850
20240213,09:24:20,0.55,100,103850
20240213,09:24:28,0.55,250,103850
20240213,09:25:14,0.6,2800,102900
20240213,09:25:18,0.65,700,102900
20240213,09:25:18,0.55,50,102900
20240213,09:25:19,0.55,350,102900
20240213,09:25:52,0.6,250,102900
20240213,09:25:57,0.55,250,102900
20240213,09:26:02,0.65,50,102900
20240213,09:26:03,0.6,150,102900
20240213,09:26:15,0.6,450,102900
20240213,09:27:02,0.65,500,102900
20240213,09:27:12,0.65,50,102900
20240213,09:27:17,0.6,150,102900
20240213,09:27:28,0.65,350,102900
20240213,09:27:30,0.65,300,102900
20240213,09:27:45,0.6,150,102750
20240213,09:27:45,0.6,100,102750
20240213,09:28:21,0.6,1650,102750
20240213,09:28:40,0.65,250,102750
20240213,09:28:58,0.55,500,102750
20240213,09:31:01,0.65,850,102750
20240213,09:31:02,0.65,350,102400
20240213,09:31:35,0.6,50,102400
20240213,09:31:38,0.6,100,102400
20240213,09:31:39,0.6,1050,102400
20240213,09:31:41,0.6,900,102400
20240213,09:31:46,0.6,550,102400
20240213,09:31:56,0.6,250,102400
20240213,09:32:05,0.6,300,102400
20240213,09:32:11,0.65,50,102400
20240213,09:32:26,0.6,100,102400
20240213,09:32:30,0.65,50,102400
20240213,09:32:35,0.6,50,102400
20240213,09:32:42,0.6,1100,102400
20240213,09:32:49,0.6,300,102400
20240213,09:32:51,0.65,1000,102400
20240213,09:32:55,0.6,500,102400
20240213,09:32:55,0.6,50,102400
20240213,09:32:56,0.6,250,102400
20240213,09:33:00,0.6,50,102400
20240213,09:33:01,0.6,100,102400
20240213,09:33:13,0.6,50,102400
20240213,09:33:23,0.65,50,102400
20240213,09:33:24,0.6,1000,102400
20240213,09:33:49,0.6,500,102400
20240213,09:33:50,0.6,50,103800
20240213,09:34:08,0.6,50,103800
20240213,09:34:12,0.6,250,103800
20240213,09:34:37,0.6,50,103800
20240213,09:34:48,0.65,750,103800
20240213,09:35:07,0.6,50,103800
20240213,09:35:39,0.65,50,103800
20240213,09:36:31,0.6,800,103800
20240213,09:36:41,0.6,100,103800
20240213,09:36:42,0.6,400,103700
20240213,09:36:54,0.6,50,103700
20240213,09:36:56,0.6,100,103700
20240213,09:36:57,0.65,50,103700
20240213,09:37:15,0.6,200,103700
20240213,09:37:33,0.6,600,103700
20240213,09:37:42,0.65,50,103700
20240213,09:37:59,0.65,100,103700
20240213,09:38:30,0.65,100,103700
20240213,09:38:35,0.6,50,103700
20240213,09:38:51,0.6,1000,103700
20240213,09:39:11,0.65,1000,103700
20240213,09:39:43,0.6,1400,103500
20240213,09:39:46,0.6,800,103500
20240213,09:39:51,0.65,150,103500
20240213,09:39:59,0.6,850,103500
20240213,09:40:00,0.6,300,103500
20240213,09:40:01,0.6,600,103500
20240213,09:40:37,0.65,150,103500
20240213,09:41:21,0.65,50,103500
20240213,09:41:27,0.65,100,103500
20240213,09:41:59,0.65,250,103500
20240213,09:42:40,0.65,100,103550
20240213,09:42:41,0.65,50,103550
20240213,09:43:17,0.65,1800,103550
20240213,09:43:18,0.65,2800,103550
20240213,09:43:18,0.7,3850,103550
20240213,09:43:45,0.65,50,103550
20240213,09:44:05,0.7,50,103550
20240213,09:44:11,0.7,50,103550
20240213,09:44:27,0.65,500,103550
20240213,09:44:33,0.7,500,103550
20240213,09:45:10,0.7,1200,103550
20240213,09:45:31,0.6,2100,103550
20240213,09:45:33,0.7,50,103550
20240213,09:45:55,0.6,500,106150
20240213,09:45:59,0.6,500,106150
20240213,09:47:30,0.6,50,106150
20240213,09:47:43,0.6,100,106150
20240213,09:47:57,0.6,50,106150
20240213,09:47:58,0.6,50,106150
20240213,09:48:11,0.6,100,106150
20240213,09:48:24,0.65,50,106150
20240213,09:49:59,0.65,250,104550
20240213,09:50:25,0.65,250,104550
20240213,09:50:56,0.65,50,104550
20240213,09:51:16,0.6,100,104550
20240213,09:52:12,0.6,100,104550
20240213,09:52:13,0.6,50,104700
20240213,09:52:16,0.55,4500,104700
20240213,09:52:19,0.6,50,104700
20240213,09:52:20,0.6,50,104700
20240213,09:52:46,0.6,250,104700
20240213,09:52:54,0.55,100,104700
20240213,09:52:55,0.6,100,104700
20240213,09:53:15,0.6,50,104700
20240213,09:53:16,0.6,50,104700
20240213,09:53:22,0.6,50,104700
20240213,09:53:44,0.55,50,104700
20240213,09:54:06,0.6,250,104700
20240213,09:54:10,0.6,250,104700
20240213,09:54:17,0.6,50,104700
20240213,09:54:22,0.6,250,104700
20240213,09:54:23,0.6,250,104700
20240213,09:54:30,0.6,50,104700
20240213,09:54:32,0.55,50,104700
20240213,09:54:37,0.6,50,102800
20240213,09:54:47,0.6,350,102800
20240213,09:54:56,0.6,50,102800
20240213,09:55:06,0.6,350,102800
20240213,09:55:08,0.6,250,102800
20240213,09:56:02,0.6,250,102800
20240213,09:56:06,0.55,50,102800
20240213,09:56:11,0.6,300,102800
20240213,09:56:12,0.6,250,102800
20240213,09:56:34,0.55,50,102800
20240213,09:56:36,0.55,250,102800
20240213,09:56:59,0.55,50,102800
20240213,09:57:13,0.55,8200,102800
20240213,09:57:26,0.55,100,102800
20240213,09:57:36,0.6,250,102800
20240213,09:57:41,0.6,1800,100300
20240213,09:57:42,0.6,2450,100300
20240213,09:57:57,0.7,350,100300
20240213,09:58:05,0.6,50,100300
20240213,09:58:23,0.65,1800,100300
20240213,09:59:09,0.65,1800,100300
20240213,09:59:10,0.7,2750,100300
20240213,09:59:47,0.7,1250,100300
20240213,09:59:54,0.7,50,100300
20240213,09:59:54,0.65,50,100300
20240213,09:59:55,0.7,1300,100300
20240213,10:00:05,0.65,500,100300
20240213,10:00:07,0.65,250,100300
20240213,10:00:23,0.65,700,100300
20240213,10:00:24,0.65,1000,100300
20240213,10:00:33,0.6,150,100300
20240213,10:00:50,0.7,50,100300
20240213,10:00:56,0.6,250,95350
20240213,10:00:58,0.6,100,95350
20240213,10:00:59,0.6,900,95350
20240213,10:04:14,0.6,2250,95400
20240213,10:04:14,0.6,150,95400
20240213,10:05:30,0.6,250,95400
20240213,10:06:40,0.6,50,95400
20240213,10:07:34,0.65,2750,94750
20240213,10:08:42,0.6,50,94750
20240213,10:09:34,0.65,350,94750
20240213,10:09:41,0.6,50,95850
20240213,10:09:43,0.65,250,95850
20240213,10:09:52,0.65,250,95850
20240213,10:10:01,0.6,50,95850
20240213,10:10:03,0.65,250,95850
20240213,10:10:25,0.65,350,95850
20240213,10:10:27,0.65,250,95850
20240213,10:10:53,0.65,800,95850
20240213,10:10:56,0.65,1700,95850
20240213,10:10:57,0.65,2550,95850
20240213,10:12:31,0.65,1800,95850
20240213,10:12:45,0.65,1800,95850
20240213,10:12:53,0.65,550,89050
20240213,10:12:58,0.65,50,89050
20240213,10:12:59,0.65,1800,89050
20240213,10:13:00,0.65,50,89050
20240213,10:13:01,0.65,500,89050
20240213,10:13:13,0.7,1800,89050
20240213,10:13:24,0.7,50,89050
20240213,10:13:31,0.7,50,89050
20240213,10:13:37,0.7,50,89050
20240213,10:14:27,0.55,3750,89050
20240213,10:14:43,0.6,1500,89050
20240213,10:15:18,0.65,750,89050
20240213,10:15:20,0.65,650,89050
20240213,10:15:27,0.6,2100,89050
20240213,10:15:34,0.65,950,89050
20240213,10:15:35,0.6,2800,89050
20240213,10:15:37,0.6,900,89050
20240213,10:15:37,0.6,2600,89500
20240213,10:15:40,0.65,350,89500
20240213,10:15:44,0.6,700,89500
20240213,10:15:50,0.65,500,89500
20240213,10:15:53,0.6,2200,89500
20240213,10:15:56,0.6,1800,89500
20240213,10:16:00,0.65,4000,89500
20240213,10:16:03,0.65,250,89500
20240213,10:16:16,0.65,50,89500
20240213,10:16:50,0.65,50,89500
20240213,10:16:53,0.65,150,89500
20240213,10:17:01,0.55,500,89500
20240213,10:17:08,0.6,1550,89500
20240213,10:17:22,0.65,50,89500
20240213,10:17:24,0.65,50,89500
20240213,10:17:56,0.6,1150,89500
20240213,10:17:59,0.6,850,89500
20240213,10:19:22,0.65,150,89500
20240213,10:21:04,0.6,100,97400
20240213,10:21:20,0.65,50,97400
20240213,10:21:24,0.65,50,97400
20240213,10:21:32,0.6,350,97400
20240213,10:21:38,0.65,50,97400
20240213,10:22:18,0.65,50,97400
20240213,10:23:01,0.6,3000,97400
20240213,10:23:04,0.6,100,97400
20240213,10:23:34,0.55,50,97400
20240213,10:24:30,0.6,2350,97400
20240213,10:25:50,0.6,200,97400
20240213,10:25:51,0.6,200,99600
20240213,10:27:31,0.6,250,99600
20240213,10:27:39,0.6,50,99600
20240213,10:29:07,0.55,50,99600
20240213,10:29:59,0.6,2900,99600
20240213,10:34:10,0.6,250,101750
20240213,10:34:11,0.6,500,101750
20240213,10:35:40,0.6,50,101750
20240213,10:36:00,0.6,500,101750
20240213,10:39:12,0.6,50,101750
20240213,10:39:19,0.6,50,101750
20240213,10:40:38,0.6,50,101750
20240213,10:40:52,0.6,50,101750
20240213,10:40:57,0.6,100,101750
20240213,10:41:02,0.6,200,101750
20240213,10:41:08,0.65,50,101750
20240213,10:41:23,0.6,50,101750
20240213,10:41:24,0.6,50,101750
20240213,10:41:42,0.6,50,101750
20240213,10:42:05,0.6,1200,101750
20240213,10:42:13,0.6,50,101750
20240213,10:42:14,0.6,50,101750
20240213,10:42:22,0.65,50,101750
20240213,10:42:40,0.6,650,101750
20240213,10:43:09,0.65,550,101750
20240213,10:43:27,0.6,50,101900
20240213,10:44:05,0.6,50,101900
20240213,10:44:52,0.6,50,101900
20240213,10:45:46,0.65,250,101900
20240213,10:45:47,0.65,900,101750
20240213,10:46:38,0.65,50,101750
20240213,10:47:24,0.65,900,101750
20240213,10:48:05,0.65,100,101750
20240213,10:48:36,0.6,150,101750
20240213,10:48:59,0.6,650,101850
20240213,10:49:00,0.6,600,101850
20240213,10:50:30,0.65,1800,101850
20240213,10:50:43,0.65,2700,101850
20240213,10:51:36,0.6,250,101850
20240213,10:52:08,0.65,2800,101550
20240213,10:53:18,0.75,1550,101550
20240213,10:53:25,0.65,1750,101550
20240213,10:54:25,0.7,500,101550
20240213,10:54:32,0.7,600,101550
20240213,10:55:11,0.7,200,101550
20240213,10:55:17,0.7,500,101100
20240213,10:57:16,0.7,600,101100
20240213,10:57:31,0.65,150,101100
20240213,10:57:35,0.65,250,101100
20240213,10:58:54,0.6,50,101050
20240213,10:58:59,0.7,500,101050
20240213,10:59:45,0.65,150,101050
20240213,10:59:52,0.6,350,101050
20240213,11:00:05,0.7,500,101050
20240213,11:00:08,0.7,500,101050
20240213,11:00:19,0.6,2250,101050
20240213,11:00:20,0.6,1950,101050
20240213,11:03:35,0.6,50,101150
20240213,11:03:52,0.6,50,101150
20240213,11:03:57,0.6,100,101150
20240213,11:04:10,0.6,100,101150
20240213,11:04:52,0.6,50,101150
20240213,11:04:53,0.6,1050,101150
20240213,11:06:26,0.6,600,101150
20240213,11:06:43,0.65,100,101150
20240213,11:07:15,0.65,1250,101150
20240213,11:07:17,0.65,550,101150
20240213,11:07:55,0.65,3900,101150
20240213,11:07:59,0.65,250,101150
20240213,11:08:02,0.65,1800,101150
20240213,11:09:01,0.6,100,101150
20240213,11:09:24,0.65,1000,101150
20240213,11:10:07,0.65,50,96350
20240213,11:10:43,0.65,1800,96350
20240213,11:11:19,0.65,150,96350
20240213,11:11:26,0.7,2700,96350
20240213,11:11:47,0.7,750,96350
20240213,11:11:47,0.7,900,96350
20240213,11:12:45,0.65,50,96350
20240213,11:13:08,0.7,750,96350
20240213,11:13:09,0.7,1900,93050
20240213,11:13:10,0.7,450,93050
20240213,11:13:18,0.7,50,93050
20240213,11:13:19,0.7,100,93050
20240213,11:13:31,0.7,100,93050
20240213,11:13:32,0.7,50,93050
20240213,11:14:46,0.75,50,93050
20240213,11:15:45,0.75,50,93050
20240213,11:15:58,0.7,50,93050
20240213,11:16:12,0.75,50,92950
20240213,11:16:14,0.7,200,92950
20240213,11:17:19,0.75,50,92950
20240213,11:17:57,0.7,450,92950
20240213,11:18:03,0.75,50,92950
20240213,11:18:07,0.7,250,92950
20240213,11:18:17,0.7,500,92950
20240213,11:18:19,0.75,50,92950
20240213,11:19:01,0.7,1400,91750
20240213,11:19:04,0.7,1000,91750
20240213,11:19:14,0.75,100,91750
20240213,11:19:24,0.65,50,91750
20240213,11:19:37,0.65,500,91750
20240213,11:19:50,0.65,700,91750
20240213,11:19:55,0.7,200,91750
20240213,11:20:03,0.7,1800,91750
20240213,11:20:04,0.7,1400,91750
20240213,11:20:11,0.7,100,91750
20240213,11:21:31,0.65,350,91750
20240213,11:21:40,0.7,700,91750
20240213,11:21:44,0.7,450,91750
20240213,11:22:30,0.7,250,87050
20240213,11:22:53,0.7,1200,87050
20240213,11:22:55,0.7,350,87050
20240213,11:23:08,0.7,950,87050
20240213,11:23:21,0.7,200,87050
20240213,11:23:34,0.7,50,87050
20240213,11:23:56,0.7,100,87050
20240213,11:25:35,0.7,100,87050
20240213,11:25:43,0.7,50,85100
20240213,11:26:43,0.65,550,85100
20240213,11:26:49,0.65,50,85100
20240213,11:26:51,0.65,850,85100
20240213,11:27:31,0.65,50,85100
20240213,11:28:09,0.65,500,85100
20240213,11:29:39,0.65,200,83900
20240213,11:30:50,0.65,50,83200
20240213,11:30:56,0.65,100,83200
20240213,11:31:29,0.65,50,83200
20240213,11:32:42,0.7,400,83200
20240213,11:32:49,0.7,50,83200
20240213,11:33:29,0.7,100,83200
20240213,11:34:51,0.65,50,83200
20240213,11:35:01,0.7,450,83600
20240213,11:35:50,0.65,50,83600
20240213,11:35:59,0.65,100,83600
20240213,11:37:40,0.65,100,83900
20240213,11:39:01,0.65,50,83900
20240213,11:39:43,0.65,250,83900
20240213,11:41:18,0.65,650,83900
20240213,11:41:44,0.7,50,83600
20240213,11:41:52,0.7,50,83600
20240213,11:42:05,0.65,50,83600
20240213,11:42:10,0.65,250,83600
20240213,11:42:29,0.65,750,83600
20240213,11:43:07,0.6,1800,83750
20240213,11:43:13,0.65,250,83750
20240213,11:43:54,0.6,50,83750
20240213,11:50:08,0.65,100,83750
20240213,11:52:42,0.6,50,86600
20240213,11:56:16,0.65,350,86600
20240213,11:56:55,0.65,150,86600
20240213,11:58:08,0.65,50,86600
20240213,11:58:59,0.65,50,86600
20240213,12:00:33,0.65,150,86600
20240213,12:00:53,0.6,50,86600
20240213,12:05:21,0.6,50,86550
20240213,12:07:38,0.65,100,86500
20240213,12:07:39,0.65,400,86500
20240213,12:09:07,0.65,350,86500
20240213,12:09:23,0.6,800,86500
20240213,12:10:19,0.6,300,86500
20240213,12:10:51,0.65,350,86150
20240213,12:11:20,0.6,300,86150
20240213,12:11:41,0.6,100,86150
20240213,12:11:50,0.6,400,86150
20240213,12:12:37,0.65,50,86150
20240213,12:13:12,0.65,50,86600
20240213,12:14:10,0.6,50,86600
20240213,12:14:58,0.6,1800,86600
20240213,12:15:02,0.6,500,86600
20240213,12:15:05,0.6,1800,86600
20240213,12:15:44,0.6,50,86600
20240213,12:15:53,0.6,1450,86600
20240213,12:15:53,0.55,3600,86600
20240213,12:16:27,0.6,1800,86600
20240213,12:16:28,0.6,1800,85450
20240213,12:16:35,0.6,1000,85450
20240213,12:16:37,0.6,500,85450
20240213,12:16:38,0.6,100,85450
20240213,12:16:42,0.6,100,85450
20240213,12:16:57,0.6,50,85450
20240213,12:19:15,0.6,500,91200
20240213,12:19:44,0.55,50,91200
20240213,12:22:20,0.6,50,91200
20240213,12:22:21,0.6,50,91150
20240213,12:27:17,0.6,50,91150
20240213,12:29:04,0.6,50,91150
20240213,12:29:10,0.55,50,91150
20240213,12:29:12,0.55,250,91150
20240213,12:29:22,0.55,200,91150
20240213,12:29:23,0.55,300,91150
20240213,12:29:24,0.6,50,91150
20240213,12:31:05,0.55,250,91050
20240213,12:33:23,0.6,50,91050
20240213,12:34:18,0.6,50,91050
20240213,12:34:19,0.6,200,91050
20240213,12:34:20,0.6,100,91050
20240213,12:37:00,0.6,50,91050
20240213,12:37:11,0.55,50,91050
20240213,12:37:12,0.6,50,91050
20240213,12:37:20,0.6,50,91050
20240213,12:38:03,0.6,100,91050
20240213,12:39:28,0.6,300,91050
20240213,12:39:29,0.6,50,91050
20240213,12:45:42,0.55,200,91100
20240213,12:48:56,0.55,250,91100
20240213,12:49:11,0.55,50,91100
20240213,12:49:24,0.55,50,91100
20240213,12:50:08,0.55,150,91100
20240213,12:50:22,0.55,300,91100
20240213,12:52:24,0.55,50,90750
20240213,12:54:23,0.55,300,90750
20240213,12:54:47,0.55,50,90750
20240213,12:57:34,0.55,50,90750
20240213,12:58:26,0.55,500,90750
20240213,12:58:50,0.55,150,90750
20240213,12:59:32,0.55,50,90750
20240213,12:59:47,0.55,250,90750
20240213,12:59:53,0.55,200,90750
20240213,13:00:01,0.55,50,90750
20240213,13:00:08,0.55,250,90750
20240213,13:02:02,0.55,50,90750
20240213,13:02:08,0.6,1000,90750
20240213,13:11:34,0.55,50,89850
20240213,13:13:22,0.55,50,89850
20240213,13:15:18,0.6,150,89850
20240213,13:15:37,0.6,50,89850
20240213,13:16:39,0.6,50,89850
20240213,13:18:35,0.55,50,89850
20240213,13:19:02,0.6,2850,89850
20240213,13:20:04,0.55,50,91150
20240213,13:25:56,0.55,100,91100
20240213,13:28:29,0.6,250,91100
20240213,13:29:37,0.65,50,91100
20240213,13:30:23,0.65,50,91100
20240213,13:30:44,0.65,50,91100
20240213,13:31:59,0.65,100,91100
20240213,13:32:34,0.55,100,91100
20240213,13:33:07,0.6,500,91100
20240213,13:33:53,0.55,50,91100
20240213,13:33:54,0.55,600,91100
20240213,13:33:56,0.55,150,91100
20240213,13:33:58,0.65,600,91100
20240213,13:34:25,0.6,1500,90700
20240213,13:34:37,0.55,750,90700
20240213,13:34:39,0.65,1800,90700
20240213,13:34:40,0.65,50,90700
20240213,13:34:47,0.6,200,90700
20240213,13:36:50,0.6,50,90700
20240213,13:37:59,0.6,1650,90700
20240213,13:38:16,0.6,150,88100
20240213,13:38:21,0.6,100,88100
20240213,13:39:17,0.6,100,88100
20240213,13:40:21,0.65,50,87700
20240213,13:41:34,0.65,450,87700
20240213,13:41:49,0.55,300,87700
20240213,13:43:02,0.55,50,87700
20240213,13:43:49,0.55,50,87600
20240213,13:45:27,0.65,150,87600
20240213,13:46:19,0.65,750,87600
20240213,13:46:29,0.65,50,87600
20240213,13:46:33,0.65,50,87600
20240213,13:47:45,0.6,550,87600
20240213,13:47:46,0.6,50,87600
20240213,13:47:47,0.6,50,87600
20240213,13:47:48,0.6,50,87600
20240213,13:47:49,0.6,50,87600
20240213,13:49:18,0.6,50,87600
20240213,13:50:56,0.6,300,87300
20240213,14:01:01,0.6,150,87300
20240213,14:05:25,0.6,250,87300
20240213,14:05:29,0.6,550,87300
20240213,14:05:49,0.55,400,87300
20240213,14:05:54,0.6,1800,87300
20240213,14:06:05,0.6,250,87300
20240213,14:06:24,0.6,100,87300
20240213,14:06:25,0.6,400,87300
20240213,14:07:11,0.6,50,87300
20240213,14:07:12,0.6,50,87300
20240213,14:07:27,0.6,50,86350
20240213,14:07:47,0.6,750,86350
20240213,14:08:04,0.6,350,86350
20240213,14:08:20,0.6,100,86350
20240213,14:08:23,0.6,1000,86350
20240213,14:08:28,0.6,100,86350
20240213,14:09:10,0.55,900,86350
20240213,14:14:33,0.55,250,85800
20240213,14:15:16,0.55,400,85800
20240213,14:15:21,0.55,100,85800
20240213,14:15:25,0.55,300,85800
20240213,14:15:26,0.55,50,85800
20240213,14:16:59,0.6,50,85800
20240213,14:17:23,0.55,450,85800
20240213,14:28:28,0.6,1800,85800
20240213,14:28:31,0.6,2550,85800
20240213,14:28:41,0.6,600,85800
20240213,14:28:42,0.6,100,85800
20240213,14:28:43,0.6,50,85800
20240213,14:28:44,0.6,50,85800
20240213,14:28:45,0.6,50,85800
20240213,14:33:52,0.65,250,85800
20240213,14:34:07,0.65,200,86200
20240213,14:34:08,0.6,350,86200
20240213,14:35:09,0.65,50,86200
20240213,14:35:39,0.6,900,86200
20240213,14:35:53,0.6,2300,86200
20240213,14:36:07,0.65,350,86200
20240213,14:36:44,0.6,750,86200
20240213,14:37:05,0.65,2700,86200
20240213,14:37:07,0.65,400,86200
20240213,14:37:18,0.65,100,86200
20240213,14:37:22,0.65,100,85500
20240213,14:37:37,0.65,450,85500
20240213,14:37:53,0.65,250,85500
20240213,14:38:21,0.6,2250,85500
20240213,14:38:28,0.55,1800,85500
20240213,14:38:34,0.6,200,85500
20240213,14:38:35,0.6,100,85500
20240213,14:38:36,0.6,50,85500
20240213,14:38:38,0.6,100,85500
20240213,14:38:55,0.6,300,85500
20240213,14:39:08,0.55,50,85500
20240213,14:39:24,0.6,250,85500
20240213,14:40:37,0.6,1350,84900
20240213,14:40:52,0.6,50,84900
20240213,14:41:42,0.6,600,84900
20240213,14:41:44,0.6,1100,84900
20240213,14:41:48,0.6,50,84900
20240213,14:42:05,0.6,200,84900
20240213,14:42:17,0.6,100,84900
20240213,14:42:45,0.6,50,84900
20240213,14:43:04,0.6,50,84900
20240213,14:43:51,0.6,900,84900
20240213,14:43:52,0.6,900,85400
20240213,14:43:55,0.6,1600,85400
20240213,14:44:12,0.6,400,85400
20240213,14:44:21,0.6,50,85400
20240213,14:45:07,0.65,50,85400
20240213,14:45:23,0.65,250,85400
20240213,14:45:24,0.65,900,85400
20240213,14:45:28,0.65,700,85400
20240213,14:45:52,0.65,50,85400
20240213,14:46:09,0.65,100,85400
20240213,14:46:11,0.65,800,85400
20240213,14:46:45,0.65,750,85200
20240213,14:47:14,0.6,250,85200
20240213,14:47:16,0.6,250,85200
20240213,14:47:54,0.6,200,85200
20240213,14:48:20,0.6,250,85200
20240213,14:48:22,0.65,550,85200
20240213,14:48:55,0.65,1250,85200
20240213,14:48:56,0.65,50,85200
20240213,14:50:41,0.6,50,85200
20240213,14:53:15,0.7,150,86000
20240213,14:54:22,0.7,700,86000
20240213,14:54:24,0.65,650,86000
20240213,14:55:27,0.7,600,86000
20240213,14:55:31,0.7,250,86150
20240213,14:55:37,0.7,200,86150
20240213,14:55:39,0.7,300,86150
20240213,14:55:47,0.7,500,86150
20240213,14:56:00,0.7,1100,86150
20240213,14:56:11,0.65,50,86150
20240213,14:56:12,0.65,100,86150
20240213,14:56:16,0.7,500,86150
20240213,14:56:17,0.65,100,86150
20240213,14:56:23,0.7,100,86150
20240213,14:56:27,0.7,600,86150
20240213,14:56:35,0.65,1200,86150
20240213,14:57:08,0.7,350,86150
20240213,14:57:35,0.7,600,86150
20240213,14:58:05,0.7,1300,86150
20240213,14:58:44,0.65,2550,86150
20240213,14:58:52,0.65,550,87300
20240213,14:59:00,0.6,200,87300
20240213,14:59:33,0.6,250,87300
20240213,14:59:33,0.65,2400,87300
20240213,14:59:36,0.6,50,87300
20240213,14:59:46,0.65,50,87300
20240213,14:59:47,0.65,50,87300
20240213,14:59:48,0.65,50,87300
20240213,15:00:01,0.65,50,87300
20240213,15:00:02,0.65,50,87300
20240213,15:00:09,0.65,400,87300
20240213,15:00:22,0.7,200,87300
20240213,15:00:26,0.6,50,87300
20240213,15:00:26,0.7,150,87300
20240213,15:00:27,0.6,100,87300
20240213,15:00:28,0.7,400,87300
20240213,15:00:30,0.65,750,87300
20240213,15:00:32,0.65,1100,87300
20240213,15:00:36,0.65,200,87300
20240213,15:00:42,0.6,850,87300
20240213,15:00:45,0.65,1600,87300
20240213,15:00:46,0.65,150,87300
20240213,15:00:57,0.65,750,87300
20240213,15:00:58,0.6,50,87300
20240213,15:01:01,0.65,50,87300
20240213,15:01:51,0.7,450,87300
20240213,15:01:53,0.7,1000,85800
20240213,15:01:56,0.7,750,85800
20240213,15:02:20,0.75,350,85800
20240213,15:03:27,0.75,50,85800
20240213,15:03:48,0.75,750,85800
20240213,15:03:55,0.75,100,85800
20240213,15:03:56,0.8,1750,85800
20240213,15:03:57,0.7,150,85800
20240213,15:05:02,0.75,550,85800
20240213,15:05:50,0.8,300,87050
20240213,15:06:11,0.8,200,87050
20240213,15:06:18,0.8,250,87050
20240213,15:06:20,0.8,100,87050
20240213,15:06:24,0.8,1300,87050
20240213,15:07:33,0.75,550,87050
20240213,15:08:23,0.75,250,87950
20240213,15:08:50,0.75,900,87950
20240213,15:09:07,0.7,250,87950
20240213,15:09:52,0.8,50,87950
20240213,15:09:56,0.7,50,87950
20240213,15:10:11,0.7,100,87950
20240213,15:10:53,0.8,250,87950
20240213,15:11:11,0.8,250,87400
20240213,15:11:32,0.75,250,87400
20240213,15:11:52,0.7,350,87400
20240213,15:11:52,0.75,500,87400
20240213,15:12:03,0.75,1450,87400
20240213,15:12:16,0.75,700,87400
20240213,15:12:43,0.75,1000,87400
20240213,15:12:48,0.75,500,87400
20240213,15:12:52,0.75,250,87400
20240213,15:12:53,0.75,500,87400
20240213,15:12:54,0.7,150,87400
20240213,15:13:07,0.75,250,87400
20240213,15:13:19,0.7,150,87400
20240213,15:13:29,0.7,250,87400
20240213,15:13:30,0.75,250,89050
20240213,15:14:17,0.7,250,89050
20240213,15:14:23,0.8,2450,89050
20240213,15:14:47,0.8,500,89050
20240213,15:15:02,0.7,150,89050
20240213,15:15:24,0.8,350,89050
20240213,15:15:30,0.8,50,89050
20240213,15:15:47,0.7,50,89050
20240213,15:15:48,0.75,50,89050
20240213,15:16:05,0.7,1700,89050
20240213,15:16:05,0.75,1350,89050
20240213,15:16:07,0.8,500,89050
20240213,15:17:14,0.75,1900,89050
20240213,15:17:17,0.75,1000,89900
20240213,15:17:30,0.7,500,89900
20240213,15:17:43,0.75,250,89900
20240213,15:17:44,0.8,50,89900
20240213,15:18:29,0.75,50,89900
20240213,15:19:00,0.65,1700,89900
20240213,15:19:00,0.6,100,89900
20240213,15:19:29,0.7,250,86950
20240213,15:19:37,0.75,200,86950
20240213,15:19:55,0.65,50,86950
20240213,15:19:57,0.65,50,86950
20240213,15:20:03,0.75,300,86950
20240213,15:20:13,0.75,50,86950
20240213,15:21:58,0.75,50,86950
20240213,15:22:07,0.7,100,86950
20240213,15:22:15,0.7,300,86950
20240213,15:22:16,0.65,50,86950
20240213,15:22:17,0.65,5550,86950
20240213,15:22:20,0.65,250,86950
20240213,15:22:28,0.7,1200,86550
20240213,15:22:31,0.65,50,86550
20240213,15:22:36,0.7,500,86550
20240213,15:22:45,0.65,350,86550
20240213,15:23:51,0.65,450,86550
20240213,15:24:34,0.6,50,86550
20240213,15:24:42,0.6,150,86550
20240213,15:24:57,0.6,100,86550
20240213,15:25:03,0.6,100,86550
20240213,15:25:23,0.7,850,86550
20240213,15:25:27,0.65,250,85950
20240213,15:25:38,0.6,250,85950
20240213,15:25:41,0.6,100,85950
20240213,15:25:50,0.6,50,85950
20240213,15:26:20,0.65,250,85950
20240213,15:26:23,0.55,100,85950
20240213,15:27:33,0.65,750,85950
20240213,15:27:58,0.6,100,85950
20240213,15:28:13,0.65,100,85950
20240213,15:28:16,0.6,50,85950
20240213,15:28:17,0.6,250,85950
20240213,15:28:20,0.6,100,85950
20240213,15:28:49,0.6,50,86050
20240213,15:28:53,0.6,100,86050
20240213,15:28:55,0.65,1550,86050
20240213,15:28:57,0.65,500,86050
20240213,15:28:58,0.65,50,86050
20240213,15:29:24,0.6,600,86050
20240213,15:29:24,0.5,550,86050
20240213,15:29:45,0.6,450,86050
20240213,15:29:49,0.55,200,86050
20240214,09:15:01,0.6,1,87450
20240214,09:15:01,0.6,50,87450
20240214,09:15:02,0.7,50,87450
20240214,09:15:04,0.75,350,87450
20240214,09:15:06,0.75,500,87450
20240214,09:15:07,0.7,250,87450
20240214,09:15:14,1.45,800,87450
20240214,09:15:15,0.7,4000,87450
20240214,09:15:16,0.8,400,87450
20240214,09:15:22,0.7,650,87450
20240214,09:15:36,0.6,100,90300
20240214,09:15:37,0.55,200,90300
20240214,09:16:01,0.55,50,90300
20240214,09:16:06,0.7,50,90300
20240214,09:16:13,0.6,1900,90300
20240214,09:16:25,0.55,1800,90300
20240214,09:16:25,0.55,200,90300
20240214,09:16:30,0.6,900,90300
20240214,09:16:32,0.5,100,90300
20240214,09:17:09,0.5,50,90300
20240214,09:17:35,0.5,250,90300
20240214,09:17:46,0.6,300,90300
20240214,09:18:01,0.55,2950,90300
20240214,09:18:06,0.6,50,90300
20240214,09:18:18,0.55,100,90300
20240214,09:18:47,0.6,350,90300
20240214,09:19:19,0.55,150,87500
20240214,09:19:22,0.6,150,87500
20240214,09:19:31,0.55,300,87500
20240214,09:19:39,0.5,900,87500
20240214,09:19:40,0.5,500,87500
20240214,09:19:48,0.5,100,87500
20240214,09:19:49,0.55,100,87500
20240214,09:20:11,0.5,50,87500
20240214,09:20:14,0.55,150,87500
20240214,09:20:17,0.55,700,87500
