date,time,tick_price,volume,open_interest
20240115,15:11:30,41.55,50,4850
20240115,15:11:39,41.8,3300,4850
20240115,15:11:39,40.6,3300,4850
20240115,15:11:48,40.55,650,4850
20240115,15:11:57,40.9,500,4850
20240115,15:12:05,41.05,300,4850
20240115,15:12:14,41.15,250,4850
20240115,15:12:22,41.05,250,4850
20240115,15:12:30,41.05,350,4850
20240115,15:12:38,41.0,700,4850
20240115,15:12:47,41.25,300,4850
20240115,15:12:55,41.2,150,4850
20240115,15:13:04,41.3,200,4850
20240115,15:13:12,41.3,50,4850
20240115,15:13:21,41.2,300,4850
20240115,15:13:46,41.25,200,4850
20240115,15:13:54,41.05,100,4850
20240115,15:14:02,41.15,250,4850
20240115,15:14:10,40.8,300,4850
20240115,15:14:18,40.8,300,4850
20240115,15:14:26,40.8,50,4850
20240115,15:14:34,40.75,150,4850
20240115,15:16:03,41.75,50,7250
20240115,15:18:17,41.65,100,7250
20240115,15:18:26,41.6,100,7250
20240115,15:18:35,41.6,100,7500
20240115,15:19:08,41.6,250,7500
20240115,15:19:17,41.6,150,7500
20240115,15:19:25,41.4,50,7500
20240115,15:20:08,41.2,50,7500
20240115,15:20:18,41.45,800,7500
20240115,15:20:27,41.4,550,7500
20240115,15:20:35,41.0,50,7500
20240115,15:21:11,41.0,50,7500
20240115,15:22:22,40.45,100,9100
20240115,15:22:32,40.15,50,9100
20240115,15:22:43,40.0,150,9100
20240115,15:22:53,40.0,50,9100
20240115,15:23:19,40.4,50,9100
20240115,15:24:04,40.3,50,9100
20240115,15:24:13,39.7,250,9100
20240115,15:24:22,39.95,100,9100
20240115,15:24:49,39.45,100,9500
20240115,15:25:40,39.05,50,9500
20240115,15:25:49,39.05,50,9500
20240115,15:26:19,39.05,250,9500
20240115,15:26:28,39.55,50,9500
20240115,15:26:38,39.9,50,9500
20240115,15:26:47,40.1,50,9500
20240115,15:27:16,40.9,150,9500
20240115,15:27:25,41.1,50,9500
20240115,15:27:33,41.2,300,9500
20240115,15:27:43,41.5,100,9500
20240115,15:28:03,42.3,100,9500
20240115,15:28:12,42.85,150,9500
20240115,15:28:30,42.85,1800,9500
20240115,15:28:51,41.5,5400,9500
20240116,09:15:08,42.0,1,12950
20240116,09:15:08,41.5,1050,12950
20240116,09:15:49,35.45,150,12950
20240116,09:16:09,38.0,50,12950
20240116,09:16:30,37.85,150,12950
20240116,09:17:37,38.55,50,12950
20240116,09:17:59,39.8,250,13050
20240116,09:18:11,40.3,50,13050
20240116,09:18:22,40.1,250,13050
20240116,09:18:54,39.75,50,13050
20240116,09:19:13,39.6,100,13050
20240116,09:19:23,39.25,100,13050
20240116,09:19:32,38.9,350,13050
20240116,09:19:52,38.25,500,13050
20240116,09:20:11,38.2,100,13050
20240116,09:20:22,37.65,50,13050
20240116,09:23:15,36.5,100,13200
20240116,09:23:25,36.3,150,13200
20240116,09:23:45,35.8,150,13250
20240116,09:23:54,35.9,150,13250
20240116,09:24:03,35.5,150,13250
20240116,09:24:13,35.65,100,13250
20240116,09:24:23,36.15,50,13250
20240116,09:24:53,36.25,50,13250
20240116,09:25:03,36.05,200,13250
20240116,09:25:23,36.45,50,13250
20240116,09:25:42,36.2,150,13250
20240116,09:27:18,36.25,50,13400
20240116,09:27:49,36.6,100,13400
20240116,09:27:59,36.4,50,13400
20240116,09:28:19,36.35,150,13400
20240116,09:29:09,36.55,50,13400
20240116,09:30:08,36.1,150,13400
20240116,09:30:18,36.0,100,13400
20240116,09:30:37,35.9,50,13400
20240116,09:30:57,36.25,50,13400
20240116,09:31:07,36.15,150,13400
20240116,09:31:37,36.1,100,13400
20240116,09:31:46,36.2,100,13400
20240116,09:32:45,36.8,200,13400
20240116,09:33:05,37.05,50,13800
20240116,09:34:03,36.4,50,13800
20240116,09:34:13,36.3,50,13800
20240116,09:34:23,36.3,50,13800
20240116,09:36:17,35.75,50,13800
20240116,09:36:26,35.7,100,13800
20240116,09:36:53,35.8,50,13800
20240116,09:37:02,36.0,50,13800
20240116,09:37:30,35.65,100,13800
20240116,09:40:58,35.75,50,13700
20240116,09:41:36,35.35,100,13700
20240116,09:46:24,35.35,50,13700
20240116,09:46:35,36.15,50,13050
20240116,09:49:41,37.9,100,13000
20240116,09:50:29,37.75,150,13000
20240116,09:50:39,38.15,50,13000
20240116,09:51:09,38.8,250,13000
20240116,09:52:25,38.25,150,13000
20240116,09:54:25,38.6,350,12900
20240116,09:54:35,38.85,100,12900
20240116,09:55:11,39.8,500,12900
20240116,09:55:20,38.75,50,12900
20240116,09:55:48,38.75,100,12900
20240116,10:00:01,38.8,150,12700
20240116,10:00:30,39.3,50,12700
20240116,10:00:49,39.3,100,12700
20240116,10:01:42,38.9,50,12700
20240116,10:02:49,39.15,100,12700
20240116,10:15:03,40.05,50,12000
20240116,10:19:35,39.3,50,12000
20240116,10:19:53,39.3,50,12000
20240116,10:20:02,39.3,50,12000
20240116,10:21:48,39.65,50,12100
20240116,10:22:15,39.65,50,12100
20240116,10:22:23,39.65,300,12100
20240116,10:23:52,39.1,50,12450
20240116,10:24:31,38.7,100,12450
20240116,10:24:51,38.35,50,12450
20240116,10:26:44,38.25,100,12450
20240116,10:43:55,39.8,50,12700
20240116,10:44:13,39.75,50,12700
20240116,10:48:50,39.75,50,12700
20240116,10:48:58,39.75,150,12750
20240116,10:50:05,39.75,300,12750
20240116,10:50:48,39.75,250,12750
20240116,10:50:57,39.75,50,12750
20240116,10:51:14,39.75,100,12750
20240116,10:51:22,39.6,50,12750
20240116,10:51:39,39.75,100,12750
20240116,10:53:29,39.75,100,12750
20240116,10:59:33,39.35,50,12600
20240116,11:03:22,39.35,50,12150
20240116,11:04:26,39.35,50,12150
20240116,11:17:34,39.75,50,12250
20240116,11:27:06,38.65,50,12250
20240116,11:27:23,38.85,50,12250
20240116,11:27:32,38.7,50,12250
20240116,11:29:01,38.55,50,12250
20240116,11:31:12,38.5,50,12250
20240116,11:31:28,38.5,50,12250
20240116,11:38:11,39.3,150,12200
20240116,11:39:07,39.35,250,12200
20240116,11:39:45,39.25,50,12200
20240116,11:40:47,39.2,100,12200
20240116,11:41:37,39.7,50,12200
20240116,11:42:18,39.2,50,12250
20240116,11:42:37,39.2,50,12250
20240116,11:42:57,38.9,150,12250
20240116,11:43:18,39.1,50,12250
20240116,11:43:28,39.1,150,12250
20240116,11:46:34,38.1,50,12250
20240116,11:50:20,39.15,50,12300
20240116,11:57:59,39.15,50,12000
20240116,11:58:07,38.7,200,12000
20240116,11:59:02,38.9,50,12000
20240116,11:59:11,38.9,50,12000
20240116,11:59:49,38.9,50,12000
20240116,12:00:25,39.15,50,12000
20240116,12:02:48,38.6,50,12000
20240116,12:07:41,38.6,50,11950
20240116,12:08:31,38.2,50,11950
20240116,12:09:45,37.2,400,12000
20240116,12:10:51,36.95,50,12000
20240116,12:11:10,37.4,100,12000
20240116,12:11:56,38.05,50,12000
20240116,12:12:30,38.05,50,12000
20240116,12:13:11,37.9,50,12000
20240116,12:19:16,37.35,100,11750
20240116,12:20:11,37.45,50,11750
20240116,12:30:21,38.35,100,11500
20240116,12:30:58,38.55,50,11500
20240116,12:31:47,38.8,50,11500
20240116,12:32:33,38.45,50,11500
20240116,12:44:27,37.35,50,11400
20240116,12:49:09,36.3,50,11350
20240116,13:00:19,37.0,50,11350
20240116,13:05:02,36.0,200,11350
20240116,13:05:11,36.0,50,11350
20240116,13:05:42,36.0,300,11350
20240116,13:05:49,36.0,100,11350
20240116,13:06:50,35.7,50,11500
20240116,13:06:59,35.55,50,11500
20240116,13:12:49,35.65,50,11450
20240116,13:15:33,34.4,50,11450
20240116,13:16:02,34.4,50,11450
20240116,13:16:37,34.75,50,11450
20240116,13:16:46,35.05,50,11450
20240116,13:16:55,35.0,50,11450
20240116,13:19:11,35.3,50,11450
20240116,13:32:25,34.2,150,11350
20240116,13:33:03,33.6,100,11350
20240116,13:34:17,32.65,50,11500
20240116,13:35:14,32.2,50,11500
20240116,13:35:26,32.15,100,11500
20240116,13:39:22,31.6,50,11450
20240116,13:39:52,31.6,50,11450
20240116,13:44:30,33.3,50,11450
20240116,13:53:08,34.55,50,11450
20240116,13:53:37,33.85,50,11450
20240116,13:53:46,33.65,50,11450
20240116,13:54:04,33.55,100,11450
20240116,13:56:15,34.2,50,11700
20240116,13:57:40,34.5,50,11750
20240116,14:01:00,35.0,50,11800
20240116,14:01:55,35.1,50,11800
20240116,14:03:37,34.75,100,11800
20240116,14:13:43,35.35,50,11850
20240116,14:33:49,35.05,50,11800
20240116,14:36:49,32.8,50,11850
20240116,14:37:10,32.65,50,11850
20240116,14:43:15,34.75,50,11850
20240116,14:44:07,35.0,50,11850
20240116,14:44:16,34.9,100,11850
20240116,14:45:44,34.8,50,11850
20240116,14:45:53,35.1,50,11850
20240116,14:46:30,34.9,50,11850
20240116,14:48:36,34.65,100,11850
20240116,14:48:45,34.8,50,11850
20240116,14:49:04,35.0,50,11850
20240116,14:51:52,35.15,50,11850
20240116,14:57:05,34.35,50,11600
20240116,14:57:58,34.4,50,11600
20240116,14:59:10,35.15,50,11600
20240116,14:59:36,35.05,50,11600
20240116,14:59:46,35.05,50,11600
20240116,14:59:56,35.05,50,11600
20240116,15:05:38,34.7,50,11600
20240116,15:05:46,34.5,50,11600
20240116,15:06:05,34.85,150,11600
20240116,15:06:40,34.75,50,11600
20240116,15:10:04,34.5,50,11600
20240116,15:13:31,34.55,50,11600
20240116,15:16:49,34.2,50,11300
20240116,15:19:29,33.8,50,11200
20240116,15:20:14,34.35,50,11200
20240116,15:20:23,34.35,50,11200
20240116,15:21:43,34.5,100,11300
20240116,15:26:14,34.45,50,11250
20240117,09:23:04,25.15,1,11250
20240117,09:23:04,25.15,50,11250
20240117,09:24:25,25.1,50,11300
20240117,09:25:22,25.1,50,11300
20240117,09:26:00,25.0,300,11300
20240117,09:26:29,25.0,650,11300
20240117,09:26:38,24.9,4400,11300
20240117,09:26:45,24.9,1150,11300
20240117,09:27:04,24.9,200,12250
20240117,09:27:14,24.35,250,12250
20240117,09:27:24,24.25,100,12250
20240117,09:27:49,24.2,50,12250
20240117,09:27:59,24.2,300,12250
20240117,09:28:08,24.2,50,12250
20240117,09:28:15,24.3,150,12250
20240117,09:28:22,24.4,50,12250
20240117,09:29:10,24.6,400,12250
20240117,09:29:32,24.55,50,12250
20240117,09:29:47,24.55,100,12250
20240117,09:30:02,24.65,250,12050
20240117,09:30:10,24.7,150,12050
20240117,09:30:25,24.95,100,12050
20240117,09:30:41,25.2,250,12050
20240117,09:31:46,25.3,50,12050
20240117,09:32:11,25.55,50,12050
20240117,09:32:43,25.65,150,12050
20240117,09:32:53,25.85,50,11800
20240117,09:33:03,26.25,50,11800
20240117,09:33:23,26.9,500,11800
20240117,09:34:04,27.35,350,11800
20240117,09:34:30,27.35,150,11800
20240117,09:38:30,28.5,400,11800
20240117,09:38:46,28.5,50,11800
20240117,09:38:54,28.8,100,11750
20240117,09:39:09,28.9,50,11750
20240117,09:40:48,28.9,50,11750
20240117,09:41:38,28.4,50,11750
20240117,09:47:52,29.7,100,11650
20240117,09:48:11,29.7,50,11650
20240117,09:48:44,28.7,50,11650
20240117,09:49:08,28.8,100,11650
20240117,09:49:16,28.75,100,11650
20240117,09:49:49,28.85,100,11650
20240117,09:51:45,28.55,450,11450
20240117,09:52:11,28.3,100,11450
20240117,09:53:30,28.25,50,11450
20240117,09:55:11,28.3,300,11700
20240117,09:57:18,27.05,300,11700
20240117,09:57:35,27.15,50,11700
20240117,09:58:35,27.2,100,11700
20240117,10:07:51,27.6,50,11950
20240117,10:32:18,27.6,350,11950
20240117,10:45:37,26.65,400,11650
20240117,10:45:48,26.1,50,11650
20240117,10:46:38,25.8,50,11650
20240117,10:53:26,26.55,50,11600
20240117,11:23:41,27.0,50,11650
20240117,11:46:47,25.7,50,11600
20240117,11:53:19,27.25,50,11550
20240117,11:53:37,27.7,50,11550
20240117,11:53:46,27.75,300,11550
20240117,11:57:37,27.65,50,11600
20240117,12:03:10,27.25,750,11600
20240117,12:03:21,27.05,200,11400
20240117,12:06:23,28.15,100,11200
20240117,12:06:34,28.65,200,11200
20240117,12:11:55,28.65,300,11050
20240117,12:12:41,29.0,400,10900
20240117,12:15:50,27.3,150,10750
20240117,12:20:43,27.3,50,10750
20240117,12:20:52,27.4,50,10750
20240117,12:21:37,26.9,200,10800
20240117,12:22:50,27.0,50,10800
20240117,12:29:31,27.1,50,11000
20240117,12:32:08,27.85,150,10950
20240117,12:48:30,28.45,100,10900
20240117,13:16:48,28.05,50,11000
20240117,13:18:52,28.15,100,10950
20240117,13:20:09,28.2,300,10950
20240117,13:21:06,28.25,50,10950
20240117,13:33:52,28.95,300,10850
20240117,13:42:09,28.8,50,11150
20240117,13:43:00,27.8,50,11200
20240117,13:52:18,28.95,100,11150
20240117,13:54:10,28.95,50,11150
20240117,13:54:40,29.0,150,11300
20240117,13:54:57,29.0,50,11300
20240117,13:55:27,28.95,850,11300
20240117,14:00:51,28.7,50,11150
20240117,14:06:41,28.8,50,11100
20240117,14:06:50,28.75,50,11100
20240117,14:16:19,28.55,50,11000
20240117,14:17:30,28.0,50,11000
20240117,14:30:45,27.3,100,11050
20240117,14:33:26,26.9,50,11050
20240117,14:33:36,26.7,100,11050
20240117,14:36:05,25.95,400,11000
20240117,14:44:58,26.2,150,10700
20240117,14:46:51,26.45,150,10600
20240117,14:56:13,26.45,50,10550
20240117,15:04:00,26.0,150,10550
20240117,15:09:13,26.05,150,10600
20240117,15:10:37,26.3,450,10700
20240117,15:11:13,26.4,50,10700
20240117,15:15:52,26.7,50,10900
20240117,15:17:42,26.2,50,10900
20240117,15:18:20,26.0,150,10900
20240117,15:22:17,25.65,50,10850
20240117,15:23:07,25.6,200,10850
20240117,15:25:33,25.2,50,10900
20240117,15:27:44,25.35,100,10850
20240117,15:27:57,25.3,200,10850
20240118,09:25:55,23.2,1,11000
20240118,09:25:55,23.2,100,11000
20240118,09:35:00,22.7,50,11000
20240118,09:36:50,21.45,50,11050
20240118,09:53:20,20.05,50,11000
20240118,09:56:00,20.0,100,11000
20240118,09:56:09,20.0,300,10950
20240118,09:56:18,20.0,100,10950
20240118,10:02:34,21.2,50,10650
20240118,10:23:03,18.55,150,10650
20240118,10:23:44,18.55,50,10650
20240118,10:24:06,18.55,50,10650
20240118,10:29:43,18.3,50,10700
20240118,10:31:05,18.3,50,10750
20240118,10:32:58,18.5,50,10800
20240118,10:36:16,18.3,50,10850
20240118,11:00:56,19.0,700,10900
20240118,11:04:11,18.55,100,10800
20240118,12:02:20,20.7,100,10700
20240118,12:03:33,20.75,50,10600
20240118,12:08:00,21.45,200,10600
20240118,12:14:12,21.45,100,10400
20240118,12:15:10,21.45,100,10400
20240118,12:34:54,21.6,50,10300
20240118,12:55:34,21.65,150,10300
20240118,13:06:00,21.95,150,10150
20240118,13:17:32,20.65,100,10050
20240118,13:22:06,20.6,50,9950
20240118,13:24:12,20.75,50,9950
20240118,13:24:23,20.75,50,9900
20240118,13:24:34,20.75,50,9900
20240118,13:25:06,20.75,50,9900
20240118,13:41:55,20.55,50,9700
20240118,13:49:31,20.35,100,9650
20240118,13:52:20,20.15,50,9550
20240118,13:55:29,21.3,50,9500
20240118,14:23:42,22.4,50,9500
20240118,14:41:58,20.55,50,9500
20240118,14:51:58,21.7,100,9450
20240118,14:52:20,21.0,50,9450
20240118,15:10:13,20.5,100,9500
20240118,15:10:23,20.25,50,9500
20240118,15:18:19,19.75,50,9550
20240118,15:19:15,19.75,50,9550
20240119,09:17:37,21.5,1,9600
20240119,09:17:37,21.55,1,9600
20240119,09:17:37,21.05,250,9600
20240119,09:17:44,21.1,50,9600
20240119,09:17:51,21.1,400,9600
20240119,09:19:41,21.6,50,9600
20240119,09:20:33,21.6,550,10700
20240119,09:20:43,20.45,100,10700
20240119,09:21:23,19.65,50,10700
20240119,09:21:32,19.5,150,10700
20240119,09:23:29,18.5,100,10700
20240119,09:23:48,18.05,50,10950
20240119,09:23:57,17.7,50,10950
20240119,09:24:28,17.7,200,10950
20240119,09:33:36,16.45,100,11050
20240119,09:34:15,16.45,50,11050
20240119,10:01:37,18.25,300,11000
20240119,10:11:30,17.2,1000,11050
20240119,10:46:37,17.2,1500,11700
20240119,10:58:06,17.45,50,11600
20240119,10:58:17,17.25,50,11600
20240119,11:00:34,17.3,100,11550
20240119,11:00:44,17.3,50,11550
20240119,11:01:41,17.35,50,11550
20240119,11:06:34,16.95,50,11450
20240119,11:08:00,16.85,50,11450
20240119,11:09:54,16.8,50,11400
20240119,12:00:31,16.8,50,11400
20240119,12:14:51,17.0,50,11400
20240119,13:15:44,16.95,300,11350
20240119,13:15:52,17.0,250,11350
20240119,13:19:39,17.3,50,11450
20240119,13:22:57,17.1,50,11450
20240119,13:26:29,16.95,100,11400
20240119,14:01:00,17.15,50,11400
20240119,15:25:05,16.2,100,11400
20240119,15:27:09,16.2,50,11400
20240120,11:13:39,16.3,1,11300
20240120,11:13:39,16.3,50,11300
20240120,11:34:45,16.3,100,11300
20240120,11:40:19,16.3,100,11300
20240120,12:28:30,16.25,50,11300
20240120,12:38:54,16.0,100,11250
20240120,12:41:03,15.75,50,11200
20240120,12:44:11,15.55,50,11150
20240120,12:50:16,15.55,100,11100
20240120,12:50:25,15.6,50,11100
20240120,12:51:02,15.55,50,11100
20240120,12:51:37,15.55,50,10950
20240120,12:54:07,15.45,50,10950
20240120,12:54:32,15.35,50,11050
20240120,12:56:38,15.25,50,11050
20240120,12:57:36,15.25,50,11150
20240120,14:44:50,14.0,1200,11200
20240120,14:45:08,13.55,1150,11200
20240120,14:45:26,13.55,50,12500
20240120,14:47:28,13.6,50,12500
20240120,14:47:37,13.65,50,12500
20240120,14:50:08,13.4,50,12650
20240120,14:51:05,13.4,50,12650
20240120,14:55:12,13.75,50,12650
20240120,14:56:51,14.05,50,12650
20240120,15:08:34,13.75,50,12650
20240120,15:12:59,13.0,1000,12650
20240120,15:17:45,13.0,50,11750
20240123,09:17:30,15.8,150,11800
20240123,09:24:55,14.6,100,11750
20240123,09:26:06,15.9,250,11750
20240123,10:09:31,12.5,1500,11750
20240123,10:10:30,12.65,50,11750
20240123,10:13:05,13.35,450,13200
20240123,10:13:15,13.4,1050,13200
20240123,10:28:48,12.45,50,12750
20240123,10:41:37,12.4,50,12700
20240123,10:45:03,12.2,50,12650
20240123,10:45:37,12.4,750,12650
20240123,11:43:07,10.65,50,12350
20240123,11:47:06,12.2,250,12300
20240123,11:47:08,12.2,100,12300
20240123,11:57:21,12.5,50,11950
20240123,12:01:00,12.15,650,12000
20240123,12:01:13,12.0,150,12000
20240123,12:02:02,12.3,200,12000
20240123,12:02:42,12.1,50,12000
20240123,12:27:33,12.5,100,11300
20240123,12:30:06,12.45,200,11300
20240123,12:30:41,12.5,600,11200
20240123,12:30:52,12.45,50,11200
20240123,12:30:53,12.5,50,11200
20240123,12:33:25,12.45,50,10700
20240123,12:33:34,12.5,50,10700
20240123,12:45:40,12.5,1250,10700
20240123,12:46:49,12.85,50,10700
20240123,12:47:29,12.85,50,10700
20240123,12:52:49,12.4,500,10700
20240123,13:02:38,12.55,50,10700
20240123,13:03:09,12.45,50,10700
20240123,13:11:39,12.45,50,10700
20240123,13:31:46,12.75,450,10700
20240123,13:31:51,12.8,50,10700
20240123,13:32:09,12.8,50,10700
20240123,13:32:58,12.8,50,10700
20240123,13:33:23,12.75,100,10700
20240123,13:55:40,12.25,50,10700
20240123,13:58:23,12.5,50,10700
20240123,13:58:30,12.45,50,10700
20240123,14:02:26,12.55,50,10700
20240123,14:10:12,12.65,50,10700
20240123,14:11:37,12.7,50,10700
20240123,14:16:47,13.25,50,10700
20240123,14:19:13,12.25,50,10700
20240123,14:19:38,12.2,150,10700
20240123,14:39:00,12.4,1000,10750
20240123,14:40:38,12.05,400,10700
20240123,14:40:48,12.05,750,10700
20240123,14:40:52,11.85,100,10700
20240123,14:41:07,11.65,50,10700
20240123,14:41:44,11.85,600,10700
20240123,14:46:05,11.0,600,10300
20240123,14:48:27,11.05,50,10300
20240123,14:49:06,10.95,50,10800
20240123,14:49:47,10.95,150,10800
20240123,14:50:26,10.9,150,10800
20240123,14:50:52,11.5,900,10800
20240123,14:53:12,11.7,50,9750
20240123,14:53:22,11.7,50,9750
20240123,14:53:32,11.85,50,9750
20240123,14:53:44,11.85,50,9750
20240123,14:53:54,11.9,50,9750
20240123,14:54:05,11.9,50,9750
20240123,14:54:14,11.95,150,9750
20240123,14:54:23,11.9,250,9750
20240123,14:54:47,12.05,150,10300
20240123,15:11:57,12.4,50,10250
20240123,15:12:25,12.45,100,10250
20240123,15:19:20,12.7,100,10350
20240123,15:28:01,12.6,50,10250
20240123,15:29:59,12.55,1,10250
20240124,09:15:06,11.65,1,10250
20240124,09:15:06,11.65,150,10250
20240124,09:17:16,12.5,100,10250
20240124,09:17:32,12.1,100,10250
20240124,09:17:54,12.1,100,10300
20240124,09:26:15,11.05,50,10200
20240124,09:29:15,11.05,50,10150
20240124,09:36:04,11.05,300,10100
20240124,09:38:40,13.15,100,10100
20240124,09:56:20,14.1,100,10100
20240124,10:37:20,14.1,50,10100
20240124,10:37:50,12.95,50,10100
20240124,10:38:11,12.5,250,10100
20240124,10:38:21,12.0,700,10100
20240124,10:48:15,12.0,50,9700
20240124,10:55:44,13.55,200,9700
20240124,12:22:00,12.6,50,9500
20240124,13:06:40,13.5,50,9500
20240124,14:00:48,13.4,300,9500
20240125,09:15:21,13.35,1,9500
20240125,09:15:21,13.35,100,9500
20240125,09:18:07,13.3,500,9500
20240125,09:20:57,13.9,150,9500
20240125,09:43:41,13.9,50,9450
20240125,09:51:46,14.25,50,9400
20240125,09:51:56,14.25,50,9400
20240125,09:53:34,13.7,50,9400
20240125,10:08:01,13.35,50,9400
20240125,10:10:14,13.8,100,9400
20240125,11:01:39,14.3,100,9300
20240125,11:51:10,13.65,50,9250
20240125,13:09:23,13.85,50,9300
20240125,13:10:19,13.75,50,9300
20240125,13:19:43,13.85,250,9300
20240125,13:37:35,14.5,50,9300
20240125,14:25:38,14.5,200,9350
20240125,14:29:49,14.4,100,9350
20240125,14:30:26,14.45,350,9350
20240125,14:32:18,14.7,150,9700
20240125,14:44:49,14.5,50,9600
20240125,14:52:55,13.5,150,9650
20240125,14:53:04,13.5,50,9650
20240125,14:53:21,13.85,50,9650
20240125,14:53:31,13.5,50,9650
20240125,14:53:50,13.7,50,9650
20240125,14:53:59,13.5,50,9650
20240125,15:01:28,13.5,50,9650
20240125,15:07:58,13.5,100,9650
20240125,15:08:51,13.5,100,9650
20240125,15:09:01,13.5,50,9650
20240125,15:12:05,13.5,50,9650
20240125,15:19:23,13.6,50,9650
20240125,15:19:35,13.5,100,9650
20240125,15:20:52,16.35,5350,9650
20240125,15:21:01,17.15,6250,9650
20240125,15:21:30,17.15,1700,9650
20240125,15:21:40,14.65,1400,9650
20240125,15:21:51,14.85,14050,9650
20240125,15:22:01,14.85,1000,26700
20240125,15:22:10,14.95,2350,26700
20240125,15:22:19,14.95,2350,26700
20240125,15:22:36,15.0,550,26700
20240125,15:23:26,15.2,150,26700
20240125,15:23:36,15.1,1150,26700
20240125,15:23:46,15.2,50,26700
20240125,15:23:58,14.9,1150,26700
20240125,15:24:28,14.95,100,26700
20240125,15:24:37,14.95,850,26700
20240125,15:25:26,15.1,50,28550
20240125,15:25:44,15.15,850,28550
20240125,15:27:51,14.85,250,28550
20240125,15:28:02,14.75,250,28550
20240125,15:28:12,14.55,800,27700
20240125,15:28:56,14.55,200,27700
20240129,09:15:09,16.95,1,28500
20240129,09:15:09,16.7,600,28500
20240129,09:15:18,16.05,550,28500
20240129,09:15:27,16.05,50,28500
20240129,09:15:43,16.05,100,28500
20240129,09:15:50,17.4,500,28500
20240129,09:15:57,17.4,23550,28500
20240129,09:15:57,10.25,23550,28500
20240129,09:16:05,14.85,3800,28500
20240129,09:17:48,14.65,50,14950
20240129,09:17:54,14.65,100,14950
20240129,09:18:02,14.7,1100,14950
20240129,09:18:11,14.7,50,14950
20240129,09:18:21,14.65,100,14950
20240129,09:18:37,14.65,50,14950
20240129,09:18:46,14.6,50,14950
20240129,09:20:16,14.45,50,16400
20240129,09:20:25,14.45,50,16400
20240129,09:21:23,14.65,300,16400
20240129,09:22:42,14.05,1050,16400
20240129,09:23:25,14.35,50,15800
20240129,09:24:55,14.9,1950,15800
20240129,09:25:05,14.95,400,15800
20240129,09:25:15,14.9,500,15800
20240129,09:25:25,15.2,200,15800
20240129,09:25:35,15.2,600,15800
20240129,09:25:45,15.25,600,15800
20240129,09:26:05,15.3,50,15800
20240129,09:26:32,15.15,100,17500
20240129,09:26:52,15.2,100,17500
20240129,09:27:00,15.25,50,17500
20240129,09:27:18,15.2,50,17500
20240129,09:27:38,15.2,200,17500
20240129,09:27:46,15.3,1000,17500
20240129,09:27:55,15.2,200,17500
20240129,09:28:04,15.15,300,17500
20240129,09:28:12,15.15,100,17500
20240129,09:28:20,15.3,150,17500
20240129,09:28:28,15.2,100,17500
20240129,09:28:56,15.35,100,17500
20240129,09:29:06,15.35,100,17500
20240129,09:29:43,15.15,600,16150
20240129,09:29:51,15.25,150,16150
20240129,09:31:03,15.55,100,16150
20240129,09:31:11,15.55,200,16150
20240129,09:31:35,15.5,50,16150
20240129,09:31:44,15.45,300,16150
20240129,09:32:02,15.45,100,16150
20240129,09:32:10,15.5,200,16150
20240129,09:32:19,15.25,50,16650
20240129,09:32:27,15.3,100,16650
20240129,09:32:34,15.3,150,16650
20240129,09:32:51,15.1,300,16650
20240129,09:33:01,15.1,250,16650
20240129,09:33:25,14.95,50,16650
20240129,09:33:40,14.9,300,16650
20240129,09:33:48,14.9,150,16650
20240129,09:34:05,15.05,300,16650
20240129,09:34:14,15.2,50,16650
20240129,09:34:24,15.2,450,16650
20240129,09:36:30,15.25,100,15850
20240129,09:36:39,15.4,100,15850
20240129,09:36:48,15.35,400,15850
20240129,09:37:04,15.25,50,15850
20240129,09:37:12,15.25,50,15850
20240129,09:38:58,15.2,200,16500
20240129,09:40:43,14.95,100,16500
20240129,09:42:07,14.95,250,16400
20240129,09:42:48,15.0,50,16400
20240129,09:43:39,15.1,50,16400
20240129,09:47:07,14.9,150,16050
20240129,09:47:14,14.85,400,16050
20240129,09:47:22,14.85,200,15800
20240129,09:47:37,14.7,1000,15800
20240129,09:48:35,14.8,50,15800
20240129,09:49:46,14.55,50,15800
20240129,09:50:08,14.6,450,15800
20240129,09:51:20,14.65,50,16250
20240129,09:54:40,14.25,200,16200
20240129,09:54:48,14.4,550,16200
20240129,09:55:04,14.5,200,16200
20240129,09:56:18,14.55,600,15800
20240129,09:56:41,14.6,200,15800
20240129,09:56:56,14.75,200,15800
20240129,09:57:11,14.8,500,15800
20240129,09:57:18,14.7,200,15800
20240129,09:57:25,14.7,100,15800
20240129,09:57:50,14.65,1650,15800
20240129,09:58:16,14.75,100,15800
20240129,09:58:33,15.0,250,15800
20240129,10:00:29,15.0,50,13900
20240129,10:00:55,15.0,50,13900
20240129,10:02:56,14.65,50,13900
20240129,10:03:29,14.5,50,13900
20240129,10:05:30,14.95,50,13950
20240129,10:06:45,14.9,200,13950
20240129,10:09:31,14.6,200,13850
20240129,10:09:46,14.55,50,13850
20240129,10:15:04,14.6,100,13800
20240129,10:16:25,14.55,100,13800
20240129,10:20:26,14.05,250,13800
20240129,10:20:33,14.2,50,13800
20240129,10:20:57,14.2,100,13800
20240129,10:21:38,14.3,50,13800
20240129,10:25:45,14.5,500,13900
20240129,10:26:52,14.25,250,14350
20240129,10:27:28,14.15,200,14350
20240129,10:29:27,13.9,250,14600
20240129,10:30:15,14.15,50,14600
20240129,10:31:23,14.25,100,14600
20240129,10:33:24,14.2,50,14450
20240129,10:44:07,14.3,50,14400
20240129,10:46:06,14.3,50,14400
20240129,10:49:43,14.3,50,14350
20240129,10:51:43,14.55,100,14300
20240129,10:51:50,14.6,150,14300
20240129,10:57:09,14.2,50,14300
20240129,10:58:46,14.55,100,14300
20240129,10:58:54,14.55,100,14300
20240129,10:59:37,14.5,50,14150
20240129,11:03:39,14.6,100,14100
20240129,11:03:47,14.6,100,14100
20240129,11:06:54,14.7,50,14000
20240129,11:09:04,14.6,150,14000
20240129,11:11:35,14.5,50,14100
20240129,11:14:27,14.6,50,14100
20240129,11:19:12,14.45,50,14050
20240129,11:20:09,14.05,50,14050
20240129,11:21:38,13.75,350,14050
20240129,11:21:48,13.5,200,14050
20240129,11:22:52,13.6,50,14050
20240129,11:23:57,13.45,200,13700
20240129,11:24:32,13.65,50,13700
20240129,11:27:18,13.3,100,13550
20240129,11:28:18,13.4,50,13550
20240129,11:30:23,13.95,50,13500
20240129,11:30:45,13.9,50,13500
20240129,11:31:07,13.9,50,13500
20240129,11:32:06,13.8,50,13500
20240129,11:32:15,13.75,50,13500
20240129,11:33:03,13.7,200,13500
20240129,11:39:34,13.6,50,13600
20240129,11:40:30,13.45,50,13600
20240129,11:40:39,13.5,100,13600
20240129,11:43:04,13.45,50,13600
20240129,11:51:09,13.5,50,13650
20240129,12:00:45,13.85,50,13700
20240129,12:01:59,13.65,200,13700
20240129,12:10:21,13.75,250,13850
20240129,12:13:01,13.7,50,14100
20240129,12:13:11,13.65,50,14100
20240129,12:14:11,13.85,50,14100
20240129,12:15:42,13.6,50,14100
20240129,12:20:52,13.5,200,14150
20240129,12:26:03,13.55,50,14250
20240129,12:26:51,13.1,200,14200
20240129,12:29:15,13.2,50,14200
20240129,12:31:44,13.05,50,14250
20240129,12:38:28,13.35,50,14300
20240129,12:39:22,13.45,250,14350
20240129,12:40:56,13.35,50,14350
20240129,12:42:26,13.25,100,14450
20240129,12:45:47,13.4,50,14400
20240129,12:48:09,13.45,50,14400
20240129,12:49:04,13.2,50,14400
20240129,12:51:43,13.3,50,14400
20240129,12:53:23,13.25,50,14400
20240129,12:55:45,13.5,50,14400
20240129,12:59:31,13.75,200,14400
20240129,13:00:14,13.75,150,14500
20240129,13:00:59,13.95,50,14500
20240129,13:02:29,13.85,200,14500
20240129,13:02:39,13.75,100,14500
20240129,13:05:32,13.95,50,14700
20240129,13:08:18,13.8,150,14700
20240129,13:13:33,13.8,50,14850
20240129,13:19:49,13.95,50,14850
20240129,13:26:45,13.5,50,14800
20240129,13:28:21,13.5,50,14800
20240129,13:28:30,13.45,50,14800
20240129,14:12:48,15.25,150,14850
20240129,14:37:21,14.8,50,14850
20240129,14:43:27,15.45,50,14850
20240129,14:43:52,15.1,100,14850
20240129,14:44:19,15.05,150,14850
20240129,14:44:29,15.1,100,14850
20240129,14:47:37,14.95,50,14850
20240129,14:52:38,15.0,250,14850
20240129,14:54:08,14.35,200,15000
20240129,14:58:36,14.15,300,15200
20240129,14:59:32,13.65,50,15200
20240129,14:59:51,13.95,50,15200
20240129,15:01:02,13.55,200,15450
20240129,15:02:17,13.95,100,15450
20240129,15:02:28,14.1,200,15450
20240129,15:02:38,13.7,150,15450
20240129,15:07:49,14.25,50,15750
20240129,15:13:56,14.25,50,15800
20240129,15:14:33,14.1,150,15800
20240129,15:15:13,14.05,50,15900
20240129,15:16:22,14.15,100,15900
20240129,15:19:33,14.5,250,15950
20240129,15:21:12,14.65,100,15700
20240129,15:27:50,15.55,50,15600
20240129,15:28:49,15.55,50,15600
20240129,15:28:59,15.75,50,15600
20240129,15:29:24,15.9,50,15600
20240129,15:29:37,15.5,50,15600
20240130,09:15:24,16.1,1,15500
20240130,09:15:24,16.55,1,15500
20240130,09:15:24,16.5,200,15500
20240130,09:15:53,16.35,50,15500
20240130,09:19:43,16.6,50,15650
20240130,09:19:53,16.6,200,15650
20240130,09:20:15,16.25,50,15650
20240130,09:20:37,16.15,50,15800
20240130,09:23:39,17.15,300,15800
20240130,09:24:07,17.15,50,15800
20240130,09:24:59,15.55,1100,15800
20240130,09:25:19,16.4,200,15800
20240130,09:25:31,16.35,200,15800
20240130,09:25:54,16.1,50,15800
20240130,09:26:05,15.85,50,15800
20240130,09:26:30,15.6,550,15150
20240130,09:26:41,15.65,750,15150
20240130,09:26:51,15.7,100,15150
20240130,09:27:02,15.55,50,15150
20240130,09:27:23,15.95,100,15150
20240130,09:27:34,15.85,50,15150
20240130,09:27:44,15.75,50,15150
20240130,09:27:54,15.8,50,15150
20240130,09:28:28,15.8,100,15150
20240130,09:28:51,15.7,50,15150
20240130,09:29:03,15.65,50,15150
20240130,09:29:14,15.65,50,15150
20240130,09:30:06,15.5,50,13850
20240130,09:30:19,15.5,100,13850
20240130,09:30:30,15.45,100,13850
20240130,09:30:53,15.45,450,13850
20240130,09:31:06,15.75,200,13850
20240130,09:31:18,15.7,100,13850
20240130,09:31:29,15.85,100,13850
20240130,09:31:39,15.85,100,13850
20240130,09:31:50,16.05,250,13850
20240130,09:40:30,16.3,400,13500
20240130,09:42:18,16.7,350,13200
20240130,09:42:54,17.1,50,13200
20240130,09:43:51,17.3,200,13200
20240130,09:44:57,17.6,250,13050
20240130,09:48:24,17.6,50,13050
20240130,09:49:08,16.6,50,13050
20240130,09:49:19,16.55,100,13050
20240130,09:50:25,16.5,50,12900
20240130,09:54:40,16.45,50,12900
20240130,09:55:34,16.4,100,12900
20240130,09:55:45,16.4,150,12900
20240130,09:55:57,16.35,50,12900
20240130,09:56:08,16.5,50,12900
20240130,09:56:19,16.5,250,12900
20240130,09:56:31,16.3,50,12750
20240130,09:56:43,16.4,150,12750
20240130,09:57:14,16.55,50,12750
20240130,09:57:24,16.6,50,12750
20240130,09:59:22,16.65,100,12750
20240130,10:00:25,16.85,50,12500
20240130,10:09:06,16.9,50,12550
20240130,10:10:57,16.85,100,12550
20240130,10:14:04,16.85,100,12600
20240130,10:15:36,16.7,50,12500
20240130,10:18:52,16.05,50,12450
20240130,10:21:37,16.25,200,12500
20240130,10:22:08,16.35,300,12500
20240130,10:22:38,16.35,50,12500
20240130,10:22:47,16.35,50,12500
20240130,10:23:41,16.3,100,12150
20240130,10:28:09,16.1,200,12050
20240130,10:28:20,16.1,100,12050
20240130,10:37:03,15.8,50,11750
20240130,10:37:47,15.7,50,11750
20240130,10:45:36,15.65,150,11700
20240130,10:50:13,15.65,100,11550
20240130,10:50:35,15.55,50,11450
20240130,10:50:59,15.5,50,11450
20240130,10:51:32,15.5,50,11450
20240130,10:53:45,15.6,50,11450
20240130,10:55:18,15.55,50,11400
20240130,10:57:13,15.6,50,11400
20240130,11:02:09,15.8,100,11450
20240130,11:06:25,15.45,50,11400
20240130,11:07:08,15.3,350,11400
20240130,11:07:32,15.4,100,11400
20240130,11:07:44,15.45,300,11400
20240130,11:08:18,15.2,100,11400
20240130,11:09:12,15.15,100,11300
20240130,11:09:58,15.15,50,11300
20240130,11:10:20,15.1,50,11300
20240130,11:10:53,15.1,100,11300
20240130,11:11:26,15.1,50,11300
20240130,11:16:11,15.55,50,11200
20240130,11:16:21,15.55,50,11200
20240130,11:16:40,15.5,50,11200
20240130,11:24:39,15.45,50,11100
20240130,11:25:38,15.5,50,11100
20240130,11:29:13,15.6,100,11050
20240130,11:31:28,15.95,50,11000
20240130,11:32:26,15.9,100,11000
20240130,11:34:14,16.1,100,10900
20240130,11:37:23,16.35,50,10900
20240130,11:38:01,16.3,50,10900
20240130,11:38:46,16.3,100,10950
20240130,11:46:22,16.1,50,11050
20240130,11:47:59,16.25,50,11000
20240130,11:48:51,16.15,50,11000
20240130,11:50:38,16.05,50,11000
20240130,11:50:46,16.05,50,11000
20240130,11:51:38,16.75,500,11000
20240130,11:51:55,16.7,50,11000
20240130,11:55:07,17.0,300,11250
20240130,11:56:44,17.3,100,11250
20240130,12:00:54,17.4,50,11550
20240130,12:01:14,17.7,200,11550
20240130,12:01:32,17.85,50,11550
20240130,12:01:49,17.85,250,11550
20240130,12:02:07,17.85,200,11550
20240130,12:02:43,18.1,300,12000
20240130,12:03:28,18.1,50,12000
20240130,12:06:46,17.15,250,12200
20240130,12:06:54,17.25,50,12200
20240130,12:08:06,17.2,50,12200
20240130,12:08:52,17.25,50,12450
20240130,12:12:54,17.45,50,12450
20240130,12:16:06,17.1,100,12450
20240130,12:20:40,17.25,50,12450
20240130,12:24:33,17.2,100,12450
20240130,12:26:23,17.4,50,12450
20240130,12:32:43,17.45,50,12500
20240130,12:35:13,17.15,50,12450
20240130,12:36:21,17.2,100,12450
20240130,12:36:30,17.1,50,12450
20240130,12:47:28,16.45,100,12500
20240130,12:47:57,16.35,50,12450
20240130,12:48:16,16.15,250,12450
20240130,12:49:27,16.25,50,12450
20240130,12:49:35,16.25,50,12450
20240130,12:51:09,16.25,50,12300
20240130,12:52:36,16.4,50,12300
20240130,12:53:27,16.4,50,12300
20240130,12:54:08,16.4,50,12250
20240130,12:55:07,16.5,50,12250
20240130,12:55:16,16.45,50,12250
20240130,12:55:43,16.45,500,12250
20240130,12:56:26,16.5,50,12250
20240130,12:59:27,16.8,50,11800
20240130,13:04:02,16.75,100,11800
20240130,13:10:03,16.4,50,11900
20240130,13:10:12,16.35,50,11900
20240130,13:15:05,16.15,50,11900
20240130,13:19:04,15.75,50,11900
20240130,13:22:09,15.3,50,11900
20240130,13:23:24,15.3,50,11900
20240130,13:24:14,15.3,50,11900
20240130,13:30:49,15.75,100,11900
20240130,13:31:27,15.55,50,11900
20240130,13:31:37,15.5,50,11900
20240130,13:35:26,15.7,50,11900
20240130,13:48:36,15.3,50,11900
20240130,13:49:48,15.25,250,11900
20240130,13:53:03,15.25,50,11900
20240130,13:54:50,14.95,50,11900
20240130,14:00:40,14.95,100,11900
20240130,14:01:44,15.35,50,11900
20240130,14:02:06,15.4,100,11900
20240130,14:02:51,15.6,100,11900
20240130,14:03:01,15.7,50,11950
20240130,14:03:10,15.85,50,11950
20240130,14:03:20,15.9,50,11950
20240130,14:03:40,15.8,50,11950
20240130,14:04:00,15.85,50,11950
20240130,14:04:38,16.05,100,11950
20240130,14:07:17,15.85,100,12250
20240130,14:14:23,16.0,50,12300
20240130,14:15:16,16.05,100,12300
20240130,14:23:01,15.55,50,12350
20240130,14:23:31,15.3,100,12350
20240130,14:23:59,15.55,50,12350
20240130,14:25:05,15.45,50,12400
20240130,14:25:17,15.35,100,12400
20240130,14:25:36,15.3,50,12400
20240130,14:28:11,14.95,50,12350
20240130,14:29:58,15.05,400,12350
20240130,14:30:22,14.65,50,12300
20240130,14:30:35,14.65,50,12300
20240130,14:31:45,14.5,250,12300
20240130,14:32:11,14.45,150,12300
20240130,14:33:00,14.45,50,12300
20240130,14:34:18,14.65,50,12450
20240130,14:35:48,14.55,50,12450
20240130,14:36:00,14.55,50,12450
20240130,14:36:48,14.6,150,12450
20240130,14:41:21,14.5,100,12600
20240130,14:41:32,14.55,50,12600
20240130,14:42:05,14.6,50,12600
20240130,14:45:52,14.55,50,12600
20240130,14:50:13,14.4,150,12650
20240130,14:50:23,14.25,50,12650
20240130,14:51:16,14.25,100,12650
20240130,14:52:45,14.35,100,12650
20240130,14:56:39,13.95,150,12700
20240130,14:59:05,13.95,50,12850
20240130,14:59:35,14.0,50,12850
20240130,14:59:45,13.8,100,12850
20240130,14:59:55,13.75,150,12850
20240130,15:00:47,13.75,100,12850
20240130,15:00:58,14.1,100,12850
20240130,15:01:09,13.6,100,12850
20240130,15:01:47,13.6,50,12850
20240130,15:01:59,13.6,100,12850
20240130,15:02:23,13.5,50,12850
20240130,15:02:45,13.4,50,12850
20240130,15:03:05,13.35,100,12850
20240130,15:03:28,13.35,100,13300
20240130,15:03:39,13.35,150,13300
20240130,15:04:21,13.5,150,13300
20240130,15:04:32,13.35,100,13300
20240130,15:05:22,13.25,100,13300
20240130,15:05:52,13.1,100,13300
20240130,15:08:28,13.1,100,13550
20240130,15:08:48,13.45,50,13550
20240130,15:08:59,14.2,300,13550
20240130,15:09:38,14.35,100,13450
20240130,15:10:29,14.35,100,13450
20240130,15:11:41,14.4,100,13450
20240130,15:11:52,14.6,50,13450
20240130,15:13:59,14.05,50,13550
20240130,15:14:19,14.0,50,13550
20240130,15:14:39,14.0,50,13550
20240130,15:16:16,13.95,50,13600
20240130,15:17:08,13.7,50,13600
20240130,15:17:29,13.6,50,13600
20240130,15:17:50,13.5,350,13600
20240130,15:18:23,13.55,50,13650
20240130,15:19:02,13.6,100,13650
20240130,15:19:13,13.65,50,13650
20240130,15:20:12,13.6,50,13650
20240130,15:21:23,13.7,200,13750
20240130,15:21:33,14.0,50,13750
20240130,15:22:35,14.05,50,13750
20240130,15:22:55,14.25,200,13750
20240130,15:24:16,14.15,50,13750
20240130,15:25:34,14.3,50,13800
20240130,15:25:44,14.1,250,13800
20240130,15:25:54,14.1,400,13800
20240130,15:27:03,14.3,50,13800
20240130,15:27:56,14.3,500,14250
20240131,09:15:01,14.3,1,13750
20240131,09:15:01,14.3,50,13750
20240131,09:16:51,12.85,150,13750
20240131,09:17:24,12.85,200,13750
20240131,09:17:31,12.6,50,14050
20240131,09:17:37,12.5,50,14050
20240131,09:17:44,12.5,200,14050
20240131,09:18:06,12.45,100,14050
20240131,09:18:13,12.4,50,14050
20240131,09:18:41,12.4,350,14050
20240131,09:18:55,12.4,200,14050
20240131,09:19:40,12.5,200,14050
20240131,09:23:06,13.05,100,14500
20240131,09:24:59,13.05,100,14500
20240131,09:25:51,13.0,50,14500
20240131,09:26:10,13.0,50,14500
20240131,09:26:46,12.9,50,14500
20240131,09:27:46,13.05,500,14500
20240131,09:28:54,13.0,50,14500
20240131,09:29:41,13.2,100,14300
20240131,09:29:51,13.15,100,14300
20240131,09:30:10,13.15,50,14300
20240131,09:30:48,13.1,50,14300
20240131,09:34:24,13.05,100,14400
20240131,09:35:06,13.0,150,14400
20240131,09:35:26,12.95,100,14400
20240131,09:40:14,12.7,100,14500
20240131,09:43:38,13.05,200,14450
20240131,09:44:00,12.95,100,14450
20240131,09:46:32,12.85,50,14500
20240131,09:46:41,12.75,50,14500
20240131,09:52:04,12.5,50,14500
20240131,09:52:13,12.75,50,14500
20240131,09:58:43,12.4,50,14450
20240131,10:00:09,12.45,100,14400
20240131,10:01:04,12.15,350,14400
20240131,10:01:13,12.05,50,14400
20240131,10:04:56,12.05,150,14100
20240131,10:05:16,12.45,50,14100
20240131,10:05:45,12.45,50,14200
20240131,10:15:37,13.05,100,14200
20240131,10:15:47,13.25,500,14200
20240131,10:22:00,13.1,50,13650
20240131,10:22:08,13.1,50,13650
20240131,10:23:15,13.0,50,13650
20240131,10:24:04,12.95,50,13700
20240131,10:32:34,12.9,50,13750
20240131,10:32:43,12.85,50,13750
20240131,10:33:03,12.85,50,13700
20240131,10:33:52,12.95,50,13700
20240131,10:34:39,13.05,1150,13700
20240131,10:35:13,13.05,150,13700
20240131,10:35:37,13.15,100,13700
20240131,10:36:34,13.2,200,14650
20240131,10:37:49,13.55,200,14650
20240131,10:43:48,13.45,100,14900
20240131,10:44:33,13.3,50,14900
20240131,10:46:43,13.4,50,14850
20240131,10:50:21,13.55,150,14800
20240131,10:56:24,14.25,50,14650
20240131,10:57:28,14.2,50,14650
20240131,11:00:44,14.0,100,14700
20240131,11:05:56,13.9,150,14750
20240131,11:07:59,13.9,100,14750
20240131,11:08:09,13.95,50,14750
20240131,11:09:22,14.05,50,14900
20240131,11:10:54,14.15,100,14900
20240131,11:11:02,14.15,250,14900
20240131,11:11:11,14.2,100,14900
20240131,11:16:41,14.1,50,15300
20240131,11:16:58,14.1,500,15300
20240131,11:27:43,13.9,50,15850
20240131,11:30:39,14.1,50,15850
20240131,11:32:16,14.15,100,15850
20240131,11:33:49,14.25,200,15900
20240131,11:33:58,14.25,200,15900
20240131,11:41:00,14.15,50,16200
20240131,11:41:20,14.1,50,16200
20240131,11:41:38,14.1,50,16200
20240131,11:42:27,14.1,50,16300
20240131,11:53:41,14.15,50,16300
20240131,12:02:11,14.3,50,16300
20240131,12:05:36,14.45,50,16300
20240131,12:07:10,14.6,50,16350
20240131,12:10:49,14.6,150,16350
20240131,12:11:54,13.8,50,16350
20240131,12:12:09,13.9,100,16450
20240131,12:16:54,13.55,50,16450
20240131,12:20:32,13.35,100,16450
20240131,12:22:56,13.55,100,16500
20240131,12:24:12,13.65,150,16550
20240131,12:28:06,13.05,50,16500
20240131,12:34:09,13.45,50,16450
20240131,12:34:26,13.45,50,16450
20240131,12:40:37,13.35,100,16400
20240131,12:49:00,13.15,50,16450
20240131,12:49:08,13.15,50,16450
20240131,12:52:52,13.05,50,16400
20240131,12:58:44,13.05,50,16400
20240131,13:08:06,13.7,50,16350
20240131,13:11:56,13.7,100,16300
20240131,13:18:59,13.7,50,16250
20240131,13:29:48,13.65,250,16200
20240131,13:30:12,13.75,50,16450
20240131,13:30:29,13.75,250,16450
20240131,13:32:17,13.95,50,16450
20240131,13:36:19,13.9,50,16650
20240131,13:41:55,13.05,50,16650
20240131,13:58:46,13.9,100,16600
20240131,14:01:02,14.05,50,16500
20240131,14:03:20,14.0,50,16500
20240131,14:16:01,14.05,50,16500
20240131,14:20:06,13.9,50,16500
20240131,14:20:29,13.9,50,16500
20240131,14:21:47,13.85,50,16400
20240131,14:22:24,13.75,50,16400
20240131,14:25:49,13.5,50,16400
20240131,14:26:36,13.45,50,16400
20240131,14:27:48,13.25,150,16400
20240131,14:34:25,13.2,50,16550
20240131,14:35:40,13.2,50,16550
20240131,14:37:01,13.15,150,16550
20240131,14:46:34,13.7,50,16700
20240131,14:47:41,13.95,50,16700
20240131,14:48:22,14.15,150,16700
20240131,14:48:31,14.2,50,16700
20240131,14:48:39,14.2,300,16700
20240131,14:49:36,14.6,100,16700
20240131,14:49:44,14.65,350,16700
20240131,14:50:59,14.65,50,16700
20240131,14:51:17,14.75,300,16700
20240131,14:51:26,14.75,50,15550
20240131,14:52:08,15.1,50,15550
20240131,14:52:33,15.2,250,15550
20240131,14:54:03,15.7,450,15550
20240131,14:54:19,15.75,200,15550
20240131,14:54:59,15.75,500,15300
20240131,14:55:15,15.65,300,15300
20240131,14:56:03,15.7,50,15300
20240131,14:57:34,15.7,50,14700
20240131,14:59:46,15.55,50,14700
20240131,15:00:29,15.8,100,14700
20240131,15:00:38,15.8,50,14700
20240131,15:00:54,15.65,50,14700
20240131,15:01:03,15.65,200,14700
20240131,15:03:06,16.0,500,14700
20240131,15:05:48,16.15,100,13850
20240131,15:06:08,16.3,150,13850
20240131,15:06:43,16.3,100,13750
20240131,15:07:34,16.3,100,13750
20240131,15:10:45,16.0,50,13700
20240131,15:12:52,16.2,100,13700
20240131,15:17:25,15.3,1050,13700
20240131,15:19:29,15.6,100,12900
20240131,15:19:44,15.75,100,12900
20240131,15:20:08,15.9,50,12900
20240131,15:20:32,15.85,50,12900
20240131,15:23:28,15.85,50,12950
20240131,15:25:38,16.15,150,12950
20240131,15:26:24,16.25,50,12900
20240131,15:26:32,16.15,50,12900
20240131,15:28:27,16.4,250,13000
20240131,15:29:02,16.4,50,13000
20240131,15:29:46,16.3,200,13000
20240201,09:16:58,15.3,1,13000
20240201,09:16:58,15.3,100,13000
20240201,09:17:07,15.85,400,13000
20240201,09:17:16,15.85,150,13000
20240201,09:17:33,15.85,450,13000
20240201,09:18:12,15.65,250,13000
20240201,09:18:42,15.5,400,13000
20240201,09:20:21,14.8,100,13000
20240201,09:20:48,14.8,200,13250
20240201,09:21:27,13.7,400,13250
20240201,09:22:42,14.65,100,13250
20240201,09:22:52,14.7,100,13250
20240201,09:23:02,14.6,100,13250
20240201,09:23:21,14.8,650,13250
20240201,09:23:40,14.6,150,13400
20240201,09:29:10,14.25,50,13400
20240201,09:30:40,14.1,100,13350
20240201,09:31:24,14.15,50,13350
20240201,09:31:33,14.25,50,13350
20240201,09:32:01,14.0,50,13350
20240201,09:32:47,14.0,50,13200
20240201,09:33:32,13.95,150,13200
20240201,09:34:35,14.0,50,13200
20240201,09:35:01,13.9,100,13200
20240201,09:35:19,13.9,50,13200
20240201,09:35:37,13.75,50,13100
20240201,09:36:14,13.65,50,13100
20240201,09:37:08,13.65,50,13100
20240201,09:37:52,13.65,50,13100
20240201,09:39:40,13.6,100,13050
20240201,09:42:13,13.6,50,13100
20240201,09:42:31,13.65,50,13100
20240201,09:42:58,13.75,50,13100
20240201,09:43:25,13.65,50,13100
20240201,09:44:46,13.6,50,13000
20240201,09:44:54,13.55,100,13000
20240201,09:45:13,13.5,50,13000
20240201,09:45:22,13.4,50,13000
20240201,09:45:39,13.4,150,13000
20240201,09:46:07,13.4,150,13000
20240201,09:46:17,13.4,50,13000
20240201,09:50:18,13.25,50,13300
20240201,09:51:31,13.25,100,13250
20240201,09:52:05,13.1,50,13250
20240201,09:52:22,13.1,100,13250
20240201,09:52:48,13.05,50,13250
20240201,09:54:41,13.05,100,13400
20240201,09:54:50,13.05,50,13400
20240201,09:55:07,12.85,150,13400
20240201,09:57:44,12.85,50,13500
20240201,09:58:19,13.05,50,13500
20240201,09:59:10,13.0,50,13500
20240201,09:59:19,13.15,300,13500
20240201,10:00:38,13.4,50,13600
20240201,10:01:24,13.3,50,13600
20240201,10:01:33,13.3,50,13600
20240201,10:01:50,13.2,100,13600
20240201,10:05:34,13.55,100,13550
20240201,10:05:51,13.55,100,13550
20240201,10:07:43,13.3,100,13550
20240201,10:08:03,13.45,100,13550
20240201,10:08:24,13.95,50,13550
20240201,10:09:03,13.85,50,13550
20240201,10:09:32,13.8,50,13900
20240201,10:10:10,13.55,50,13900
20240201,10:10:28,13.45,50,13900
20240201,10:12:33,14.1,50,14000
20240201,10:15:11,14.2,100,14000
20240201,10:15:38,13.8,50,14000
20240201,10:16:14,13.65,100,14000
20240201,10:16:23,13.8,550,14000
20240201,10:16:33,13.45,100,14000
20240201,10:16:42,13.65,100,14000
20240201,10:17:43,13.6,300,14550
20240201,10:18:01,13.9,200,14550
20240201,10:18:10,13.75,400,14550
20240201,10:20:00,14.15,50,14550
20240201,10:20:25,14.05,50,14550
20240201,10:21:14,13.7,50,15150
20240201,10:23:47,14.1,100,15100
20240201,10:24:29,13.75,250,15100
20240201,10:25:11,14.05,150,15100
20240201,10:25:19,14.05,800,15100
20240201,10:25:35,13.85,100,15100
20240201,10:29:46,14.15,50,16050
20240201,10:30:04,13.95,100,16050
20240201,10:31:51,14.1,50,16050
20240201,10:35:12,14.5,50,16050
20240201,10:36:18,14.55,50,16100
20240201,10:37:12,14.7,100,16100
20240201,10:37:39,14.5,150,16100
20240201,10:40:43,15.0,50,16250
20240201,10:43:40,15.15,100,16250
20240201,10:44:55,15.1,50,16200
20240201,10:51:49,15.2,50,16200
20240201,10:54:05,15.05,100,16200
20240201,10:54:43,15.3,100,16200
20240201,10:55:11,15.25,50,16200
20240201,10:55:56,15.2,50,16200
20240201,10:56:30,14.8,100,16200
20240201,10:57:06,14.75,400,16350
20240201,10:58:01,14.65,50,16350
20240201,10:58:10,14.7,50,16350
20240201,10:58:44,14.55,100,16350
20240201,11:00:07,14.85,150,16750
20240201,11:02:15,15.0,100,16750
20240201,11:02:38,15.65,250,16750
20240201,11:02:48,15.75,50,16900
20240201,11:02:58,15.9,50,16900
20240201,11:04:16,15.9,200,16900
20240201,11:07:07,14.75,50,17050
20240201,11:07:18,14.95,50,17050
20240201,11:08:22,15.2,150,17050
20240201,11:17:02,13.35,100,17050
20240201,11:17:13,12.3,50,17050
20240201,11:17:36,12.3,300,17050
20240201,11:17:47,12.95,200,17050
20240201,11:17:58,13.35,100,17000
20240201,11:18:17,13.45,200,17000
20240201,11:20:46,13.95,50,17000
20240201,11:22:58,14.15,100,16800
20240201,11:25:31,13.7,150,16850
20240201,11:28:28,14.1,50,16950
20240201,11:39:41,13.7,50,17000
20240201,11:45:54,13.3,50,17050
20240201,11:47:18,13.4,50,17050
20240201,11:48:07,13.3,100,17100
20240201,11:50:42,13.55,100,17100
20240201,11:54:04,13.85,50,17300
20240201,11:56:44,12.65,100,17300
20240201,11:56:53,13.1,150,17300
20240201,12:00:55,11.65,150,17350
20240201,12:02:07,11.05,100,17350
20240201,12:02:17,11.05,150,17350
20240201,12:02:26,11.25,50,17350
20240201,12:02:44,10.9,50,17350
20240201,12:03:06,10.65,50,17150
20240201,12:03:26,10.45,200,17150
20240201,12:04:42,10.05,50,17150
20240201,12:04:51,10.0,50,17150
20240201,12:05:20,10.0,450,17150
20240201,12:05:30,9.85,50,17150
20240201,12:05:39,9.85,50,17150
20240201,12:06:54,9.85,150,17350
20240201,12:07:15,10.0,150,17350
20240201,12:08:14,10.15,50,17350
20240201,12:10:12,10.5,100,17500
20240201,12:11:33,10.55,100,17500
20240201,12:13:21,10.25,50,17600
20240201,12:14:16,10.05,100,17600
20240201,12:16:17,9.65,450,17600
20240201,12:16:44,9.65,50,17600
20240201,12:17:41,9.5,50,17600
20240201,12:18:08,9.5,100,18050
20240201,12:18:17,9.4,150,18050
20240201,12:20:43,8.6,250,18050
20240201,12:20:52,8.55,100,18050
20240201,12:21:10,8.45,300,18100
20240201,12:23:16,8.35,50,18100
20240201,12:24:11,8.35,150,18400
20240201,12:24:30,8.3,100,18400
20240201,12:24:57,8.3,200,18400
20240201,12:29:08,8.8,50,18450
20240201,12:29:17,8.85,200,18450
20240201,12:30:45,8.9,150,18250
20240201,12:33:36,8.85,150,18100
20240201,12:40:37,8.85,150,17950
20240201,12:44:35,8.95,100,17800
20240201,12:45:30,8.95,50,17850
20240201,12:47:28,9.25,100,17850
20240201,12:47:49,9.4,150,17850
20240201,12:48:00,9.5,50,17850
20240201,12:48:11,9.45,100,17900
20240201,12:48:57,9.55,50,17900
20240201,12:49:25,9.45,100,17900
20240201,12:53:23,9.65,50,17900
20240201,12:55:06,9.85,50,17900
20240201,12:58:08,9.4,50,17950
20240201,12:58:17,9.55,450,17950
20240201,13:00:58,9.1,50,17550
20240201,13:01:54,9.2,100,17550
20240201,13:08:57,9.05,50,17600
20240201,13:11:07,8.95,50,17550
20240201,13:12:08,9.05,50,17550
20240201,13:12:58,9.0,50,17550
20240201,13:14:33,9.15,300,17550
20240201,13:14:58,9.05,100,17550
20240201,13:20:08,8.85,50,17250
20240201,13:21:02,9.05,100,17250
20240201,13:24:11,8.85,50,17250
20240201,13:24:53,8.8,50,17250
20240201,13:26:36,8.75,50,17250
20240201,13:28:58,8.6,300,17150
20240201,13:29:33,8.55,100,17150
20240201,13:30:33,8.45,50,16800
20240201,13:32:43,8.2,100,16800
20240201,13:33:28,8.2,150,16700
20240201,13:38:07,8.45,250,16600
20240201,13:38:24,8.45,50,16600
20240201,13:41:02,8.55,50,16350
20240201,13:45:43,8.4,50,16400
20240201,13:46:31,8.25,50,16400
20240201,13:47:02,8.25,100,16400
20240201,13:47:11,8.25,100,16400
20240201,13:53:21,8.65,100,16350
20240201,13:54:34,8.75,150,16400
20240201,13:55:14,8.9,100,16400
20240201,13:57:03,9.05,50,16400
20240201,13:57:11,9.05,50,16400
20240201,13:57:27,9.0,50,16250
20240201,13:58:54,8.95,100,16250
20240201,13:59:19,9.05,50,16250
20240201,14:03:43,9.05,300,16150
20240201,14:03:51,9.05,50,16150
20240201,14:12:50,9.05,50,15850
20240201,14:12:59,8.95,50,15850
20240201,14:14:45,9.05,50,15850
20240201,14:15:18,8.95,50,15800
20240201,14:21:21,8.7,150,15800
20240201,14:22:10,8.6,50,15800
20240201,14:24:54,8.4,50,15850
20240201,14:27:08,8.5,100,15850
20240201,14:30:41,8.65,200,15800
20240201,14:31:20,8.55,100,15800
20240201,14:31:45,8.55,50,15800
20240201,14:32:39,8.5,300,15800
20240201,14:33:56,8.5,50,15850
20240201,14:35:07,8.35,50,15850
20240201,14:35:43,8.35,50,15850
20240201,14:35:51,8.35,100,15850
20240201,14:35:59,8.35,50,15850
20240201,14:38:33,8.3,50,15750
20240201,14:41:33,8.05,250,15750
20240201,14:42:29,8.05,150,15750
20240201,14:43:38,7.95,200,15750
20240201,14:47:13,7.8,100,15550
20240201,14:52:27,7.75,200,15550
20240201,14:52:51,7.7,250,15550
20240201,14:59:33,7.65,100,15500
20240201,15:02:58,7.45,50,15450
20240201,15:04:27,7.45,50,15500
20240201,15:04:52,7.25,300,15500
20240201,15:05:31,7.25,50,15500
20240201,15:06:29,7.25,100,15750
20240201,15:07:43,7.25,150,15750
20240201,15:12:39,7.2,200,15600
20240201,15:12:47,7.2,50,15600
20240201,15:13:06,7.1,250,15600
20240201,15:14:22,7.05,300,15600
20240201,15:15:14,7.05,50,15600
20240201,15:20:03,7.0,100,15650
20240201,15:20:35,7.0,50,15650
20240201,15:20:51,7.1,200,15650
20240201,15:21:08,7.15,100,15650
20240201,15:21:16,7.2,400,15650
20240201,15:21:43,7.2,200,15400
20240201,15:23:56,7.4,150,15400
20240201,15:24:07,7.55,100,15400
20240201,15:25:06,7.55,400,15100
20240201,15:25:14,7.55,50,15100
20240201,15:27:52,7.7,200,14700
20240201,15:28:24,7.95,350,14700
20240202,09:15:30,7.75,1,14350
20240202,09:15:30,7.65,300,14350
20240202,09:15:48,8.2,50,14350
20240202,09:16:22,8.2,1500,14350
20240202,09:16:22,7.6,1500,14350
20240202,09:16:31,7.85,100,14350
20240202,09:16:39,8.0,200,14350
20240202,09:16:47,7.95,100,14350
20240202,09:17:02,7.95,50,14350
20240202,09:17:56,7.9,50,15850
20240202,09:18:15,7.95,150,15850
20240202,09:18:26,8.2,300,15850
20240202,09:19:18,8.4,400,15850
20240202,09:19:28,8.4,50,15850
20240202,09:19:38,8.4,300,15850
20240202,09:19:47,8.35,50,15850
20240202,09:19:56,8.55,100,15850
20240202,09:21:27,8.85,50,16200
20240202,09:21:38,9.35,400,16200
20240202,09:21:58,9.2,50,16200
20240202,09:22:17,9.45,300,16200
20240202,09:22:26,9.6,450,16200
20240202,09:22:35,9.55,100,16200
20240202,09:22:44,9.45,50,16200
20240202,09:22:54,9.6,100,16200
20240202,09:24:53,9.8,200,15450
20240202,09:25:13,10.25,100,15450
20240202,09:25:23,10.45,150,15450
20240202,09:25:33,10.45,600,15450
20240202,09:25:44,10.55,600,15450
20240202,09:25:53,10.6,250,15450
20240202,09:26:03,10.6,250,15450
20240202,09:26:22,10.6,150,15450
20240202,09:26:32,10.15,900,14400
20240202,09:26:52,9.8,50,14400
20240202,09:27:11,9.6,50,14400
20240202,09:27:29,9.6,400,14400
20240202,09:28:37,9.5,100,14400
20240202,09:28:45,9.5,300,14400
20240202,09:29:03,9.65,50,14400
20240202,09:29:11,9.7,150,14400
20240202,09:29:37,9.95,300,14500
20240202,09:29:46,10.1,600,14500
20240202,09:30:11,10.3,100,14500
20240202,09:30:20,10.35,350,14500
20240202,09:30:29,10.35,50,14500
20240202,09:30:37,10.35,250,14500
20240202,09:30:46,10.45,50,14500
20240202,09:31:36,10.5,250,14500
20240202,09:32:01,10.45,50,14500
20240202,09:32:18,10.55,50,14500
20240202,09:32:52,10.55,100,13950
20240202,09:33:01,10.6,50,13950
20240202,09:33:10,10.65,250,13950
20240202,09:34:03,10.75,50,13950
20240202,09:34:20,10.75,50,13950
20240202,09:34:29,10.7,50,13950
20240202,09:35:59,10.75,750,13950
20240202,09:36:07,10.8,50,13950
20240202,09:36:25,10.8,50,13950
20240202,09:36:34,10.75,50,13950
20240202,09:36:52,10.7,50,13950
20240202,09:37:02,10.55,200,13950
20240202,09:37:20,10.4,100,13950
20240202,09:37:48,10.15,150,13950
20240202,09:40:19,10.4,100,14050
20240202,09:40:46,10.5,50,14050
20240202,09:41:31,10.65,100,14150
20240202,09:41:41,10.8,500,14150
20240202,09:41:50,10.75,50,14150
20240202,09:43:29,10.6,50,14150
20240202,09:43:47,10.6,50,14150
20240202,09:44:49,10.35,150,14600
20240202,09:46:27,10.05,100,14600
20240202,09:47:46,10.3,800,14550
20240202,09:47:55,10.15,650,14550
20240202,09:49:14,10.2,100,14550
20240202,09:50:32,10.2,50,14000
20240202,09:50:50,10.1,100,14000
20240202,09:51:08,10.1,100,14000
20240202,09:52:28,10.1,50,14000
20240202,09:52:37,10.1,50,14000
20240202,09:55:24,10.35,150,14000
20240202,09:56:41,10.35,150,14050
20240202,10:00:29,9.95,50,14050
20240202,10:01:19,9.9,250,14050
20240202,10:01:36,9.95,100,14050
20240202,10:01:45,9.9,100,14050
20240202,10:02:43,10.0,50,14200
20240202,10:02:52,9.8,100,14200
20240202,10:03:41,9.9,100,14200
20240202,10:03:57,9.85,150,14200
20240202,10:04:22,9.75,50,14200
20240202,10:04:30,9.8,50,14200
20240202,10:04:46,9.6,250,14200
20240202,10:04:54,9.5,50,14200
20240202,10:05:03,9.4,550,14200
20240202,10:05:11,9.2,700,14200
20240202,10:05:19,9.1,50,14200
20240202,10:05:27,9.15,100,14200
20240202,10:05:35,9.15,50,15850
20240202,10:06:21,9.2,50,15850
20240202,10:06:48,9.15,150,15850
20240202,10:07:32,9.1,50,15850
20240202,10:07:41,9.05,50,15850
20240202,10:07:58,9.15,100,15850
20240202,10:08:24,9.2,50,15950
20240202,10:10:06,9.4,50,15950
20240202,10:10:15,9.4,50,15950
20240202,10:10:24,9.4,50,15950
20240202,10:10:51,9.4,550,15950
20240202,10:11:16,9.4,50,15950
20240202,10:11:25,9.5,50,15950
20240202,10:11:48,9.6,100,15950
20240202,10:12:13,9.75,100,15950
20240202,10:12:37,9.75,50,15950
20240202,10:12:45,9.7,150,15950
20240202,10:21:03,9.2,50,16000
20240202,10:21:29,9.05,50,16000
20240202,10:22:21,9.05,100,16000
20240202,10:22:48,9.2,950,16000
20240202,10:22:56,9.25,150,16000
20240202,10:30:26,9.5,50,15550
20240202,10:33:06,9.3,50,15600
20240202,10:35:12,8.95,50,15600
20240202,10:37:20,8.8,150,15600
20240202,10:41:53,8.75,200,15600
20240202,10:52:47,8.8,50,15600
20240202,10:54:18,8.7,150,15750
20240202,11:00:30,8.8,50,15800
20240202,11:03:58,9.05,150,15800
20240202,11:14:02,9.15,100,15900
20240202,11:14:32,9.2,100,15900
20240202,11:14:42,9.3,50,16000
20240202,11:15:29,9.35,100,16000
20240202,11:16:25,9.85,100,16000
20240202,11:16:35,10.1,100,16000
20240202,11:17:04,10.5,50,16000
20240202,11:17:13,10.65,200,16000
20240202,11:17:22,10.65,150,16000
20240202,11:17:31,10.75,50,16000
20240202,11:18:19,10.95,150,16000
20240202,11:18:29,10.95,50,16000
20240202,11:19:15,10.8,200,16000
20240202,11:19:42,11.05,100,16000
20240202,11:19:50,11.05,250,16000
20240202,11:20:08,10.8,50,16000
20240202,11:22:32,10.8,950,15700
20240202,11:24:01,11.1,50,15600
20240202,11:24:44,11.15,100,15600
20240202,11:25:17,11.2,50,15600
20240202,11:25:26,11.25,150,15600
20240202,11:26:12,11.3,50,15600
20240202,11:27:32,11.3,50,15850
20240202,11:27:56,11.1,100,15850
20240202,11:28:39,11.1,50,15850
20240202,11:30:11,11.1,50,15950
20240202,11:30:56,11.85,150,15950
20240202,11:31:25,12.0,50,15950
20240202,11:31:53,12.15,50,15950
20240202,11:32:58,12.25,150,16150
20240202,11:33:52,12.5,50,16150
20240202,11:34:19,12.5,50,16150
20240202,11:34:36,12.55,100,16150
20240202,11:35:03,12.8,50,16150
20240202,11:35:32,13.15,150,16150
20240202,11:36:00,13.15,50,16250
20240202,11:36:09,13.1,50,16250
20240202,11:37:10,13.25,50,16250
20240202,11:37:46,13.35,50,16250
20240202,11:38:26,13.75,50,16250
20240202,11:38:36,14.0,50,16250
20240202,11:38:47,14.0,50,16350
20240202,11:39:04,14.05,50,16350
20240202,11:39:13,14.2,50,16350
20240202,11:39:23,14.3,50,16350
20240202,11:39:43,14.65,100,16350
20240202,11:40:10,14.95,50,16350
20240202,11:40:20,15.2,150,16350
20240202,11:40:30,15.45,50,16350
20240202,11:40:41,15.45,50,16350
20240202,11:40:51,15.35,50,16350
20240202,11:41:10,15.4,50,16350
20240202,11:41:20,15.45,50,16350
20240202,11:41:29,15.65,100,16350
20240202,11:41:38,15.65,100,16350
20240202,11:41:47,15.65,100,16650
20240202,11:41:56,15.55,1000,16650
20240202,11:42:05,15.85,50,16650
20240202,11:42:15,15.85,1000,16650
20240202,11:42:24,16.0,50,16650
20240202,11:42:34,16.1,50,16650
20240202,11:42:43,16.1,100,16650
20240202,11:43:21,14.6,1150,16650
20240202,11:43:32,13.85,1200,16650
20240202,11:43:43,13.5,50,16650
20240202,11:43:53,13.1,100,16650
20240202,11:44:02,13.0,50,16650
20240202,11:44:11,12.9,200,16650
20240202,11:44:29,13.1,50,16650
20240202,11:44:39,12.95,50,18500
20240202,11:44:48,12.7,150,18500
20240202,11:44:57,12.45,800,18500
20240202,11:45:07,12.4,150,18500
20240202,11:45:16,12.4,200,18500
20240202,11:45:25,12.45,150,18500
20240202,11:45:35,12.4,150,18500
20240202,11:45:53,12.45,200,18500
20240202,11:46:02,12.4,350,18500
20240202,11:46:38,12.55,50,18500
20240202,11:46:47,12.5,50,18500
20240202,11:47:22,12.8,50,18500
20240202,11:47:31,12.7,100,18500
20240202,11:47:40,12.8,100,19100
20240202,11:47:48,12.8,100,19100
20240202,11:48:06,13.0,100,19100
20240202,11:48:14,13.0,50,19100
20240202,11:49:07,12.9,50,19100
20240202,11:49:24,12.7,100,19100
20240202,11:49:34,12.6,100,19100
20240202,11:49:52,12.2,150,19100
20240202,11:50:01,12.15,300,19100
20240202,11:50:10,12.1,50,19100
20240202,11:50:19,12.1,50,19100
20240202,11:50:28,12.2,100,19100
20240202,11:50:37,12.0,200,19100
20240202,11:50:46,11.95,100,19850
20240202,11:50:55,12.15,100,19850
20240202,11:51:20,11.9,250,19850
20240202,11:51:29,11.95,50,19850
20240202,11:51:38,11.95,150,19850
20240202,11:51:47,11.95,400,19850
20240202,11:52:04,11.85,50,19850
20240202,11:52:30,11.9,50,19850
20240202,11:53:37,11.8,250,19850
20240202,11:53:55,11.55,50,20800
20240202,11:54:13,11.55,350,20800
20240202,11:54:22,11.65,50,20800
20240202,11:55:04,11.9,50,20800
20240202,11:55:21,11.95,150,20800
20240202,11:55:47,12.0,50,20800
20240202,11:56:12,12.05,50,20800
20240202,11:56:21,12.0,50,20800
20240202,11:56:29,12.05,50,20800
20240202,11:56:38,12.05,50,20800
20240202,11:57:22,12.2,100,20950
20240202,11:57:31,12.2,50,20950
20240202,11:57:40,12.35,50,20950
20240202,11:58:17,12.7,250,20950
20240202,11:59:10,12.75,50,20950
20240202,11:59:28,12.8,150,20950
20240202,11:59:37,12.75,1050,20950
20240202,11:59:55,12.7,450,21850
20240202,12:00:31,12.95,400,21850
20240202,12:01:05,13.0,150,21850
20240202,12:02:14,13.35,50,21850
20240202,12:02:23,13.45,50,21850
20240202,12:02:57,13.45,50,22100
20240202,12:03:56,13.4,50,22100
20240202,12:04:22,13.2,200,22100
20240202,12:04:30,13.3,50,22100
20240202,12:06:05,13.55,50,22200
20240202,12:06:22,13.55,50,22200
20240202,12:06:58,13.25,750,22200
20240202,12:07:07,13.2,100,22200
20240202,12:07:16,13.3,300,22200
20240202,12:07:24,13.05,50,22200
20240202,12:08:52,12.8,50,21800
20240202,12:09:19,12.85,150,21800
20240202,12:10:10,12.55,50,21800
20240202,12:10:28,12.55,400,21800
20240202,12:11:26,12.5,200,21800
20240202,12:12:20,12.2,250,21950
20240202,12:12:28,12.15,150,21950
20240202,12:13:03,12.05,250,21950
20240202,12:13:12,12.0,50,21950
20240202,12:13:38,12.0,300,21950
20240202,12:14:50,11.7,300,22000
20240202,12:15:17,11.85,50,22000
20240202,12:15:25,11.7,700,22000
20240202,12:15:42,11.7,100,22000
20240202,12:16:00,11.8,100,22000
20240202,12:16:17,11.85,200,22000
20240202,12:25:02,11.35,450,22500
20240202,12:25:12,11.35,50,22500
20240202,12:25:31,11.2,400,22500
20240202,12:25:40,11.35,50,22500
20240202,12:26:06,11.35,200,22500
20240202,12:26:33,11.35,50,22500
20240202,12:27:09,11.2,50,22600
20240202,12:27:29,11.0,3000,22600
20240202,12:27:40,11.0,950,22600
20240202,12:27:49,11.05,50,22600
20240202,12:28:26,10.95,100,22600
20240202,12:28:47,10.85,50,22600
20240202,12:28:57,10.8,400,22600
20240202,12:29:07,10.8,100,22600
20240202,12:29:18,10.7,100,22600
20240202,12:29:29,10.55,100,22600
20240202,12:29:39,10.5,100,22600
20240202,12:29:48,10.5,50,22600
20240202,12:30:08,10.25,150,22550
20240202,12:30:19,10.1,150,22550
20240202,12:30:30,10.1,100,22550
20240202,12:30:43,9.75,200,22550
20240202,12:30:53,9.8,150,22550
20240202,12:31:03,9.75,300,22550
20240202,12:31:22,9.65,50,22550
20240202,12:31:54,9.5,50,22550
20240202,12:32:05,9.35,50,22550
20240202,12:32:16,9.25,100,22550
20240202,12:33:16,9.5,50,22550
20240202,12:35:16,9.8,50,22550
20240202,12:36:09,8.95,150,22500
20240202,12:36:20,8.9,500,22500
20240202,12:37:18,8.9,200,22500
20240202,12:37:36,8.9,100,22500
20240202,12:37:45,8.9,200,22500
20240202,12:37:54,8.95,50,22500
20240202,12:38:03,9.1,100,22500
20240202,12:38:21,9.15,50,22500
20240202,12:38:38,9.2,250,22500
20240202,12:38:46,9.25,50,22500
20240202,12:39:03,9.25,200,22450
20240202,12:40:31,9.95,50,22450
20240202,12:40:41,10.05,100,22450
20240202,12:40:50,10.15,50,22450
20240202,12:41:10,10.25,50,22450
20240202,12:41:29,10.15,50,22450
20240202,12:41:57,10.15,300,22350
20240202,12:42:06,10.15,50,22350
20240202,12:42:16,9.95,50,22350
20240202,12:42:35,10.2,100,22350
20240202,12:42:53,10.25,50,22350
20240202,12:43:02,10.35,50,22350
20240202,12:44:25,10.5,50,22350
20240202,12:46:22,10.75,50,22350
20240202,12:47:21,10.35,550,22350
20240202,12:47:57,10.4,50,22200
20240202,12:48:15,10.4,100,22200
20240202,12:48:24,10.4,950,22200
20240202,12:48:51,10.3,250,22200
20240202,12:49:00,10.35,50,22200
20240202,12:49:09,10.35,250,22200
20240202,12:49:28,10.2,800,22200
20240202,12:50:13,10.25,200,22200
20240202,12:50:23,10.15,600,22200
20240202,12:52:32,9.95,50,22100
20240202,12:53:24,10.1,50,22100
20240202,12:54:18,9.9,300,22100
20240202,12:55:27,9.85,400,22100
20240202,12:56:02,9.95,600,22100
20240202,12:57:47,9.8,50,22100
20240202,12:57:55,9.8,50,22100
20240202,12:58:12,9.75,50,22100
20240202,13:00:06,9.5,50,22200
20240202,13:00:25,9.35,100,22200
20240202,13:02:10,9.45,100,22200
20240202,13:06:50,9.45,50,22250
20240202,13:06:58,9.45,50,22250
20240202,13:08:15,9.65,50,22250
20240202,13:08:24,9.65,50,22250
20240202,13:08:41,9.5,250,22250
20240202,13:08:49,9.6,150,22250
20240202,13:09:50,9.7,50,21900
20240202,13:09:59,9.75,100,21900
20240202,13:10:08,9.8,100,21900
20240202,13:10:25,9.85,50,21900
20240202,13:10:51,9.8,50,21900
20240202,13:10:59,9.8,50,21900
20240202,13:12:00,9.6,100,21650
20240202,13:12:26,9.9,100,21650
20240202,13:12:34,9.95,350,21650
20240202,13:12:43,9.85,50,21650
20240202,13:13:17,9.7,50,21650
20240202,13:13:35,9.65,50,21650
20240202,13:14:11,9.5,50,21650
20240202,13:14:31,9.4,50,21650
20240202,13:14:52,9.35,50,21650
20240202,13:15:01,9.35,50,21100
20240202,13:15:11,9.25,50,21100
20240202,13:15:21,9.15,100,21100
20240202,13:15:40,9.05,50,21100
20240202,13:15:50,9.0,50,21100
20240202,13:17:00,8.9,100,21100
20240202,13:17:09,8.9,100,21100
20240202,13:17:19,8.95,50,21100
20240202,13:17:28,8.85,150,21100
20240202,13:17:54,8.95,50,21100
20240202,13:23:27,9.2,50,21000
20240202,13:25:59,8.7,150,20950
20240202,13:26:53,8.25,100,20950
20240202,13:27:38,8.2,150,21000
20240202,13:27:55,8.1,250,21000
20240202,13:28:12,8.1,50,21000
20240202,13:28:46,8.2,50,21000
20240202,13:29:12,8.4,50,21000
20240202,13:32:37,8.4,50,21000
20240202,13:37:32,8.9,200,21000
20240202,13:38:24,8.65,50,21000
20240202,13:39:29,8.65,100,21000
20240202,13:39:47,8.7,50,21000
20240202,13:40:15,8.65,50,21000
20240202,13:41:01,8.7,50,21000
20240202,13:41:09,8.65,100,21000
20240202,13:41:45,8.5,50,21000
20240202,13:50:58,8.65,50,20900
20240202,13:52:12,8.6,50,20950
20240202,13:56:11,8.8,100,20850
20240202,13:56:37,8.4,600,20850
20240202,13:56:53,8.35,250,20850
20240202,13:57:17,8.35,100,20850
20240202,13:58:43,8.35,50,20850
20240202,14:00:42,8.3,50,20800
20240202,14:01:21,8.3,50,20800
20240202,14:01:37,8.35,400,20800
20240202,14:03:43,8.45,50,20650
20240202,14:05:15,8.55,50,20650
20240202,14:09:39,8.45,150,20600
20240202,14:12:08,8.35,100,20750
20240202,14:15:25,8.35,50,20650
20240202,14:15:58,8.4,50,20650
20240202,14:20:39,8.1,100,20600
20240202,14:24:22,8.0,350,20650
20240202,14:27:28,8.25,100,21000
20240202,14:27:45,8.2,100,21000
20240202,14:31:17,8.1,50,20900
20240202,14:43:35,8.4,50,20850
20240202,14:47:43,8.35,50,20850
20240202,14:48:48,8.5,50,20800
20240202,14:51:26,8.35,50,20800
20240202,14:51:44,8.35,50,20800
20240202,14:51:52,8.35,50,20800
20240202,14:53:45,7.9,1700,20800
20240202,14:53:57,7.8,50,20800
20240202,14:56:26,7.65,250,20350
20240202,14:56:56,7.55,50,20350
20240202,14:57:06,7.55,50,20350
20240202,14:57:26,7.65,50,20050
20240202,14:57:56,7.5,50,20050
20240202,14:58:08,7.5,50,20050
20240202,14:58:29,7.5,150,20050
20240202,14:58:57,7.6,50,20050
20240202,14:59:51,7.8,100,20050
20240202,15:02:14,7.9,50,20100
20240202,15:03:11,7.7,50,20050
20240202,15:03:58,7.5,50,20050
20240202,15:04:08,7.45,50,20050
20240202,15:04:17,7.45,50,20050
20240202,15:05:20,7.45,400,20050
20240202,15:06:06,7.45,50,20050
20240202,15:06:42,7.4,50,20050
20240202,15:06:51,7.4,50,20050
20240202,15:08:31,7.5,100,20050
20240202,15:08:40,7.5,50,20050
20240202,15:09:58,7.55,100,20200
20240202,15:12:01,7.45,50,20200
20240202,15:12:59,7.35,200,20300
20240202,15:15:39,7.3,100,20500
20240202,15:17:24,7.3,100,20500
20240202,15:18:40,7.35,50,20550
20240202,15:18:50,7.4,100,20550
20240202,15:18:59,7.3,100,20550
20240202,15:19:08,7.3,100,20550
20240202,15:20:32,7.45,50,20550
20240202,15:20:41,7.45,150,20550
20240202,15:22:11,7.4,300,20650
20240202,15:22:31,7.35,50,20650
20240202,15:23:07,7.5,50,20650
20240202,15:23:44,7.6,150,20650
20240202,15:25:27,7.6,250,20650
20240202,15:26:14,7.4,100,20650
20240202,15:26:42,7.45,50,20650
20240202,15:27:18,7.4,100,20450
20240202,15:28:34,7.45,100,20450
20240202,15:28:43,7.5,50,20450
20240202,15:29:01,7.65,100,20450
20240202,15:29:38,7.8,50,20450
20240205,09:15:01,7.8,1,20350
20240205,09:15:01,7.8,50,20350
20240205,09:15:31,9.55,100,20350
20240205,09:15:41,9.55,50,20350
20240205,09:15:51,7.7,100,20350
20240205,09:16:10,7.65,100,20350
20240205,09:17:42,7.6,100,20450
20240205,09:18:00,7.6,50,20450
20240205,09:18:10,7.9,100,20450
20240205,09:18:29,7.6,50,20450
20240205,09:18:50,7.55,100,20450
20240205,09:19:10,7.55,300,20450
20240205,09:19:21,7.55,50,20450
20240205,09:19:32,7.65,150,20350
20240205,09:19:42,7.5,50,20350
20240205,09:20:01,7.5,50,20350
20240205,09:20:31,7.75,50,20350
20240205,09:21:10,7.7,50,20350
20240205,09:21:22,7.7,50,20350
20240205,09:21:43,7.7,100,20350
20240205,09:23:19,7.8,100,20300
20240205,09:23:28,7.8,50,20300
20240205,09:23:47,7.9,100,20300
20240205,09:24:06,7.9,100,20300
20240205,09:25:43,7.95,50,20300
20240205,09:25:53,7.95,150,20300
20240205,09:26:03,8.0,100,20300
20240205,09:26:14,8.05,650,20300
20240205,09:26:25,8.1,100,20300
20240205,09:26:58,8.3,50,20300
20240205,09:27:09,8.35,350,20300
20240205,09:27:19,8.4,250,20300
20240205,09:28:15,8.45,100,20300
20240205,09:28:34,8.3,50,20400
20240205,09:29:24,8.1,100,20400
20240205,09:29:53,8.3,250,20400
20240205,09:30:14,8.45,750,20400
20240205,09:30:23,8.1,250,20400
20240205,09:30:34,8.15,150,20400
20240205,09:30:44,7.95,150,20400
20240205,09:31:14,8.05,50,20400
20240205,09:32:01,8.05,50,20850
20240205,09:32:20,8.05,100,20850
20240205,09:32:59,8.0,300,20850
20240205,09:33:09,7.95,250,20850
20240205,09:33:21,7.95,50,20850
20240205,09:34:19,8.0,50,20800
20240205,09:34:46,7.9,400,20800
20240205,09:35:24,7.85,50,20800
20240205,09:35:43,7.85,50,20800
20240205,09:36:10,7.9,150,20800
20240205,09:36:19,7.9,50,20800
20240205,09:36:28,7.9,200,20800
20240205,09:36:38,7.9,50,20800
20240205,09:38:58,7.95,200,20950
20240205,09:39:35,7.95,450,20950
20240205,09:39:53,7.95,50,20950
20240205,09:40:24,8.15,100,21050
20240205,09:40:34,8.15,50,21050
20240205,09:41:58,8.1,200,21050
20240205,09:43:11,8.25,100,21050
20240205,09:44:05,8.25,100,21350
20240205,09:49:04,8.6,200,21300
20240205,09:49:40,8.7,100,21100
20240205,09:50:27,9.1,100,21100
20240205,09:50:58,9.15,50,21100
20240205,09:51:09,9.15,50,21100
20240205,09:52:14,9.35,150,21100
20240205,09:52:53,9.4,100,20850
20240205,09:53:45,9.5,50,20850
20240205,09:53:57,9.5,100,20850
20240205,09:54:16,9.6,100,20850
20240205,09:54:43,9.65,450,20850
20240205,09:55:10,9.65,100,20850
20240205,09:58:06,9.3,50,20450
20240205,09:59:51,9.6,200,20450
20240205,10:00:18,10.4,5200,20450
20240205,10:00:26,9.75,1000,20450
20240205,10:00:52,9.8,50,20450
20240205,10:01:00,9.85,1000,20450
20240205,10:01:18,9.75,250,20450
20240205,10:01:36,9.8,50,24300
20240205,10:02:14,9.85,50,24300
20240205,10:03:55,9.7,400,24300
20240205,10:04:04,9.7,100,24300
20240205,10:04:14,9.65,50,24300
20240205,10:05:14,9.25,50,24200
20240205,10:06:11,9.4,50,24200
20240205,10:06:39,9.4,50,24200
20240205,10:06:48,9.45,50,24200
20240205,10:08:27,9.55,100,24250
20240205,10:09:29,9.65,100,24250
20240205,10:10:21,9.7,400,24250
20240205,10:10:57,9.65,100,24550
20240205,10:15:30,9.35,100,24550
20240205,10:16:32,9.4,50,24450
20240205,10:17:34,9.3,50,24450
20240205,10:17:45,9.1,150,24450
20240205,10:18:18,8.85,50,24450
20240205,10:18:49,8.8,1200,24450
20240205,10:19:45,8.45,50,25550
20240205,10:20:06,8.35,50,25550
20240205,10:25:37,8.7,50,25550
20240205,10:29:29,8.7,50,25550
20240205,10:29:46,8.6,100,25550
20240205,10:40:43,8.6,50,25500
20240205,10:42:33,8.6,50,25500
20240205,10:42:49,8.65,50,25500
20240205,10:43:25,8.7,400,25500
20240205,10:45:16,8.75,50,25350
20240205,10:46:26,9.05,500,25350
20240205,10:47:36,8.9,50,25850
20240205,10:58:10,8.6,50,25850
20240205,11:00:37,8.55,50,25900
20240205,11:01:43,8.55,100,25900
20240205,11:02:07,8.75,150,25900
20240205,11:02:24,8.6,50,25900
20240205,11:02:32,8.55,50,25900
20240205,11:09:59,8.5,50,26100
20240205,11:11:28,8.5,50,26100
20240205,11:13:48,8.6,50,26100
20240205,11:13:57,8.55,50,26100
20240205,11:16:56,8.65,150,26200
20240205,11:17:27,8.7,50,26200
20240205,11:18:08,8.55,100,26200
20240205,11:27:40,8.3,50,26350
20240205,11:28:08,8.4,50,26350
20240205,11:29:41,8.4,50,26350
20240205,11:43:55,8.65,100,26400
20240205,11:44:13,8.5,50,26400
20240205,11:45:10,8.6,150,26400
20240205,11:46:33,8.45,50,26400
20240205,11:47:01,8.5,50,26200
20240205,11:47:38,8.6,50,26200
20240205,12:00:03,8.5,50,26150
20240205,12:00:22,8.55,1450,26150
20240205,12:01:52,8.55,50,26650
20240205,12:04:43,8.45,100,26650
20240205,12:05:08,8.45,100,26650
20240205,12:05:17,8.45,50,26650
20240205,12:05:43,8.4,200,26650
20240205,12:06:10,8.35,450,26650
20240205,12:07:13,8.3,900,26650
20240205,12:08:10,8.25,350,27600
20240205,12:09:13,8.25,650,27600
20240205,12:10:21,8.15,50,27600
20240205,12:11:06,8.1,100,28000
20240205,12:12:14,8.1,200,28000
20240205,12:13:05,8.1,50,28000
20240205,12:13:14,8.1,350,28000
20240205,12:13:32,8.1,350,28000
20240205,12:13:40,8.1,950,28000
20240205,12:14:14,8.1,1000,29700
20240205,12:14:23,8.1,200,29700
20240205,12:15:15,8.15,50,29700
20240205,12:15:24,8.15,50,29700
20240205,12:16:24,8.2,400,29700
20240205,12:19:04,8.25,50,29750
20240205,12:19:31,8.25,50,29750
20240205,12:20:15,8.3,300,29800
20240205,12:20:51,8.25,50,29800
20240205,12:22:02,8.35,50,29800
20240205,12:22:24,8.55,300,29800
20240205,12:26:18,8.35,50,29250
20240205,12:32:26,8.15,700,29250
20240205,12:33:01,8.15,500,29250
20240205,12:35:29,8.15,450,28100
20240205,12:36:03,8.15,1350,28100
20240205,12:37:48,8.1,150,28100
20240205,12:40:19,8.1,250,26350
20240205,12:47:52,8.15,300,26550
20240205,12:48:15,8.15,50,26550
20240205,12:49:27,8.15,500,26550
20240205,12:49:35,8.15,50,26550
20240205,12:49:52,8.15,800,26550
20240205,12:50:10,8.15,250,25250
20240205,12:50:43,8.15,450,25250
20240205,12:52:31,8.2,450,25250
20240205,12:56:02,8.2,500,25200
20240205,12:59:05,8.2,400,25600
20240205,13:01:02,8.2,400,25600
20240205,13:01:19,8.25,50,25600
20240205,13:01:44,8.25,50,25600
20240205,13:02:57,8.25,150,24850
20240205,13:03:28,8.2,50,24850
20240205,13:04:01,8.25,200,24850
20240205,13:04:35,8.1,50,24850
20240205,13:05:39,8.0,50,25100
20240205,13:06:36,8.15,50,25100
20240205,13:07:09,8.15,50,25100
20240205,13:07:39,8.2,100,25100
20240205,13:07:58,8.15,100,25100
20240205,13:09:30,8.2,100,25100
20240205,13:14:31,8.4,50,25250
20240205,13:16:16,8.35,50,25250
20240205,13:23:42,8.4,300,25300
20240205,13:24:55,8.35,200,25300
20240205,13:25:37,8.25,100,25300
20240205,13:29:53,8.2,1950,25050
20240205,13:30:22,8.25,150,25050
20240205,13:30:50,8.2,300,25050
20240205,13:31:35,8.2,800,25050
20240205,13:32:02,8.3,150,24200
20240205,13:36:28,8.4,100,24050
20240205,13:39:59,8.0,100,24050
20240205,13:40:08,8.05,300,24050
20240205,13:40:17,8.05,150,24050
20240205,13:40:25,8.05,50,24050
20240205,13:40:42,8.05,150,24050
20240205,13:40:50,8.05,250,24050
20240205,13:40:59,8.05,200,24300
20240205,13:41:07,8.05,100,24300
20240205,13:42:11,8.05,50,24300
20240205,13:43:33,8.1,50,24300
20240205,13:43:57,8.05,100,24300
20240205,13:51:43,8.25,50,24700
20240205,13:52:06,8.25,50,24700
20240205,14:02:50,8.3,50,24700
20240205,14:05:02,8.05,100,24750
20240205,14:08:33,7.95,50,24850
20240205,14:11:28,7.75,50,24800
20240205,14:18:01,7.9,100,24750
20240205,14:19:37,7.9,100,24750
20240205,14:22:07,7.85,50,24750
20240205,14:22:44,7.95,50,24750
20240205,14:24:24,7.9,450,24650
20240205,14:25:02,7.95,200,24650
20240205,14:27:21,8.05,250,24000
20240205,14:32:25,7.95,100,23850
20240205,14:33:01,7.75,50,23850
20240205,14:33:56,7.75,50,23850
20240205,14:34:18,7.75,450,23850
20240205,14:34:29,7.65,50,23850
20240205,14:35:24,7.9,100,24200
20240205,14:37:10,7.65,50,24200
20240205,14:37:21,7.4,200,24200
20240205,14:37:31,7.4,50,24200
20240205,14:38:48,7.45,200,24100
20240205,14:39:02,7.4,50,24100
20240205,14:39:15,7.35,100,24100
20240205,14:39:27,7.35,100,24100
20240205,14:39:40,7.45,50,24100
20240205,14:40:13,7.4,200,24100
20240205,14:40:24,7.3,150,24100
20240205,14:40:36,7.4,50,24100
20240205,14:40:57,7.4,50,24100
20240205,14:42:48,7.5,350,23850
20240205,14:43:01,7.55,400,23850
20240205,14:43:38,7.55,50,23850
20240205,14:44:51,7.4,50,24200
20240205,14:45:15,7.3,550,24200
20240205,14:45:28,7.2,200,24200
20240205,14:45:41,7.05,150,24200
20240205,14:45:54,6.9,1350,24200
20240205,14:46:06,6.55,350,24200
20240205,14:46:19,6.6,250,24200
20240205,14:46:30,6.4,50,24200
20240205,14:46:42,6.4,100,24200
20240205,14:46:52,6.55,50,24200
20240205,14:47:14,6.55,50,24200
20240205,14:47:26,6.55,450,24450
20240205,14:47:38,6.2,700,24450
20240205,14:47:52,6.15,400,24450
20240205,14:48:54,6.15,50,24450
20240205,14:49:06,6.5,750,24450
20240205,14:49:18,6.65,2050,24450
20240205,14:49:29,6.5,100,24450
20240205,14:49:54,6.65,50,24450
20240205,14:50:27,6.6,200,24450
20240205,14:51:00,6.6,50,24450
20240205,14:51:13,6.65,400,24450
20240205,14:51:25,6.6,50,24450
20240205,14:53:02,6.75,50,24450
20240205,14:54:05,6.65,200,24400
20240205,14:54:26,6.65,50,24400
20240205,14:54:36,6.65,50,24400
20240205,14:55:54,6.65,100,24400
20240205,14:56:07,6.55,100,24400
20240205,14:56:18,6.5,50,24550
20240205,14:56:40,6.5,50,24550
20240205,14:56:52,6.45,50,24550
20240205,14:57:04,6.45,50,24550
20240205,14:57:48,6.55,50,24550
20240205,14:58:32,6.55,50,24550
20240205,14:58:43,6.55,50,24550
20240205,15:00:10,6.5,50,24300
20240205,15:00:22,6.5,50,24300
20240205,15:00:57,6.55,50,24300
20240205,15:01:08,6.65,450,24300
20240205,15:07:28,7.05,100,23800
20240205,15:08:37,7.45,550,23700
20240205,15:10:41,7.45,200,23700
20240205,15:24:32,7.2,300,23050
20240205,15:25:02,7.35,50,23050
20240205,15:25:43,7.1,1100,23050
20240205,15:26:02,6.95,450,23050
20240205,15:27:10,7.2,500,22000
20240205,15:27:19,7.1,200,22000
20240205,15:27:57,7.15,50,22000
20240205,15:28:26,7.2,100,22000
20240205,15:28:45,7.3,300,22000
20240205,15:29:46,7.2,100,21900
20240206,09:15:12,6.85,1,21850
20240206,09:15:12,7.85,1,21850
20240206,09:15:12,7.8,350,21850
20240206,09:15:24,7.2,550,21850
20240206,09:15:36,7.25,50,21850
20240206,09:18:03,7.1,50,21750
20240206,09:20:36,6.95,100,21800
20240206,09:22:23,6.9,50,21800
20240206,09:22:45,6.85,100,21800
20240206,09:22:56,6.95,50,21800
20240206,09:23:07,6.9,50,21800
20240206,09:23:29,6.85,50,21800
20240206,09:24:09,6.85,350,21800
20240206,09:24:28,6.7,50,21800
20240206,09:26:21,6.7,50,22150
20240206,09:27:40,6.8,150,22150
20240206,09:31:59,6.9,50,22150
20240206,09:34:12,6.9,50,22150
20240206,09:39:57,7.2,50,22200
20240206,09:41:03,6.75,50,22200
20240206,09:50:11,7.45,50,22150
20240206,09:52:56,7.4,50,22200
20240206,10:00:11,7.45,500,22150
20240206,10:01:05,7.4,100,22150
20240206,10:03:04,7.4,50,22150
20240206,10:05:54,7.4,50,22200
20240206,10:10:00,7.35,100,22150
20240206,10:18:04,7.15,50,22150
20240206,10:19:13,7.2,50,22150
20240206,10:21:12,7.3,150,22050
20240206,10:21:42,7.3,50,22050
20240206,10:24:56,7.2,50,22000
20240206,10:25:27,7.2,50,22000
20240206,10:26:03,7.05,400,21950
20240206,10:26:16,7.0,50,21950
20240206,10:27:00,7.0,50,21950
20240206,10:30:56,6.9,100,21600
20240206,10:31:41,6.9,50,21600
20240206,10:32:36,6.85,50,21500
20240206,10:34:06,6.85,50,21500
20240206,10:35:10,6.85,50,21450
20240206,10:37:34,7.0,50,21450
20240206,10:40:38,7.35,1100,21500
20240206,10:41:28,7.25,50,21500
20240206,10:49:25,7.25,50,21500
20240206,10:51:23,7.2,50,21500
20240206,10:51:33,7.3,50,21500
20240206,11:05:19,7.55,50,21450
20240206,11:10:27,7.55,500,21500
20240206,11:11:50,7.6,100,21000
20240206,11:13:25,7.6,200,21000
20240206,11:17:15,7.6,50,20750
20240206,11:17:43,7.6,150,20750
20240206,11:20:07,7.45,50,20750
20240206,11:22:05,7.55,100,20750
20240206,11:22:46,7.5,50,20750
20240206,11:23:54,7.5,250,20650
20240206,11:25:13,7.55,50,20650
20240206,11:25:21,7.55,150,20650
20240206,11:25:31,7.55,300,20650
20240206,11:27:49,7.5,50,20500
20240206,11:33:17,7.55,100,20450
20240206,11:33:31,7.7,50,20450
20240206,11:35:45,7.55,50,20400
20240206,11:36:07,7.4,50,20400
20240206,11:36:58,7.35,50,20400
20240206,11:40:04,7.6,50,20350
20240206,11:40:13,7.6,150,20350
20240206,11:44:25,7.4,50,20350
20240206,11:47:18,7.5,100,20300
20240206,11:48:23,7.4,50,20300
20240206,11:49:54,7.6,100,20300
20240206,11:50:31,7.6,150,20300
20240206,11:54:22,7.5,50,20300
20240206,11:56:26,7.35,50,20350
20240206,12:00:41,7.55,50,20350
20240206,12:01:39,7.55,100,20350
20240206,12:02:28,7.55,50,20250
20240206,12:05:58,7.45,50,20200
20240206,12:08:11,7.5,150,20150
20240206,12:13:31,7.55,50,20000
20240206,12:14:54,7.5,50,19950
20240206,12:16:55,7.5,100,19950
20240206,12:20:17,7.6,50,19850
20240206,12:21:11,7.5,50,19850
20240206,12:24:34,7.45,50,19850
20240206,12:25:03,7.35,50,19850
20240206,12:26:03,7.25,50,19850
20240206,12:37:43,7.7,100,19750
20240206,12:46:52,7.5,150,19700
20240206,12:51:25,7.5,50,19550
20240206,12:59:13,7.35,50,19550
20240206,13:20:39,7.55,50,19550
20240206,13:21:12,7.55,50,19550
20240206,13:21:21,7.55,50,19550
20240206,13:27:25,7.8,50,19500
20240206,13:32:07,7.75,50,19500
20240206,13:36:53,7.35,50,19500
20240206,13:37:05,7.3,250,19500
20240206,13:37:17,7.2,400,19500
20240206,13:41:56,7.4,200,19400
20240206,13:47:54,7.3,100,19400
20240206,13:48:29,7.25,100,19400
20240206,13:55:30,7.4,50,19400
20240206,14:06:46,7.35,50,19400
20240206,14:08:26,7.3,50,19400
20240206,14:16:24,7.25,100,19400
20240206,14:18:57,7.3,50,19300
20240206,14:19:40,7.25,100,19300
20240206,14:38:24,7.4,50,19250
20240206,14:41:49,7.25,50,19300
20240206,14:49:22,7.55,2100,19250
20240206,14:49:42,7.4,1200,19250
20240206,14:53:58,7.5,200,20850
20240206,14:57:12,7.45,50,20850
20240206,14:58:29,7.4,50,20850
20240206,15:07:07,7.7,150,20950
20240206,15:07:18,7.55,50,20950
20240206,15:07:38,7.4,50,20950
20240206,15:21:41,7.75,150,20800
20240206,15:24:32,7.9,50,20800
20240206,15:28:03,8.1,100,20850
20240207,09:15:10,9.45,1,20800
20240207,09:15:10,9.55,100,20800
20240207,09:15:21,8.0,200,20800
20240207,09:15:38,8.0,600,20800
20240207,09:15:58,9.55,50,20800
20240207,09:16:09,8.75,50,20800
20240207,09:16:56,9.8,50,21300
20240207,09:17:18,9.8,50,21300
20240207,09:17:26,9.4,100,21300
20240207,09:20:22,9.3,50,21400
20240207,09:22:45,8.7,150,21450
20240207,09:23:03,8.6,150,21450
20240207,09:23:13,8.6,200,21450
20240207,09:25:18,9.05,50,21450
20240207,09:31:33,8.65,50,21450
20240207,09:32:43,9.0,50,21500
20240207,09:34:25,8.75,150,21500
20240207,09:36:51,8.9,50,21550
20240207,09:37:00,8.9,50,21550
20240207,09:39:44,9.1,50,21650
20240207,09:41:23,9.0,400,21650
20240207,09:41:32,9.2,50,21650
20240207,09:41:59,9.2,100,21650
20240207,09:42:08,9.15,250,21650
20240207,09:42:26,8.95,200,21650
20240207,09:42:35,8.95,100,21650
20240207,09:42:46,8.85,150,21650
20240207,09:43:05,8.7,50,21650
20240207,09:45:14,8.55,100,21700
20240207,09:45:48,8.65,100,21700
20240207,09:46:59,8.55,200,21600
20240207,09:47:08,8.6,50,21600
20240207,09:48:15,8.55,200,21600
20240207,09:49:05,8.5,100,21600
20240207,09:49:22,8.4,150,21600
20240207,09:50:55,8.55,50,21350
20240207,09:52:54,8.5,200,21350
20240207,09:53:02,8.8,50,21350
20240207,09:55:03,8.95,150,21350
20240207,09:55:11,8.95,50,21350
20240207,09:55:20,9.0,200,21350
20240207,09:56:32,9.2,50,21150
20240207,09:58:16,9.15,50,21150
20240207,09:59:14,9.15,50,21250
20240207,10:02:41,9.05,50,21300
20240207,10:03:42,8.9,200,21300
20240207,10:04:35,8.7,200,21300
20240207,10:07:03,8.6,100,21250
20240207,10:08:47,8.65,100,21150
20240207,10:14:32,8.9,50,21250
20240207,10:15:30,8.7,50,21250
20240207,10:16:21,8.8,50,21250
20240207,10:20:17,8.75,150,21150
20240207,10:28:10,8.85,50,21100
20240207,10:31:53,8.75,50,21150
20240207,10:33:41,8.8,50,21200
20240207,10:34:38,8.75,50,21200
20240207,10:38:54,8.4,100,21300
20240207,10:39:19,8.5,100,21300
20240207,10:46:38,8.75,150,21200
20240207,10:46:55,8.6,100,21200
20240207,11:10:27,8.3,100,21200
20240207,11:10:36,8.25,50,21200
20240207,11:10:53,8.4,200,21200
20240207,11:11:42,8.45,1150,21150
20240207,11:11:50,8.55,100,21150
20240207,11:11:58,8.6,100,21150
20240207,11:12:57,8.7,550,21150
20240207,11:13:13,8.8,150,21150
20240207,11:29:40,8.3,150,20700
20240207,11:30:23,8.4,100,20700
20240207,11:54:14,8.15,50,20550
20240207,12:15:13,8.0,100,20600
20240207,12:15:29,7.95,300,20600
20240207,12:16:49,7.85,100,20600
20240207,12:17:37,7.75,300,20600
20240207,12:17:45,7.75,400,20600
20240207,12:18:41,7.75,50,20600
20240207,12:18:57,7.75,50,20600
20240207,12:19:06,7.75,50,20600
20240207,12:19:14,7.75,50,20600
20240207,12:20:12,7.75,50,21000
20240207,12:21:58,7.7,50,21000
20240207,12:22:37,7.6,150,21000
20240207,12:22:54,7.6,50,21000
20240207,12:23:02,7.6,50,21000
20240207,12:23:18,7.6,50,21200
20240207,12:23:58,7.6,100,21200
20240207,12:24:07,7.6,50,21200
20240207,13:30:37,7.25,50,21400
20240207,13:33:41,7.25,50,21350
20240207,13:34:44,7.5,150,21350
20240207,13:36:05,7.55,50,21450
20240207,13:39:39,7.55,50,21450
20240207,13:40:28,7.6,100,21450
20240207,13:43:54,7.65,100,21500
20240207,13:48:01,7.35,100,21550
20240207,14:04:01,7.35,50,21650
20240207,14:17:56,7.5,50,21600
20240207,14:27:56,7.95,50,21550
20240207,14:34:21,7.6,50,21500
20240207,14:38:51,7.4,50,21450
20240207,14:39:12,7.4,300,21450
20240207,14:39:31,7.4,50,21450
20240207,14:39:48,7.4,50,21450
20240207,14:39:58,7.4,50,21450
20240207,14:50:00,7.25,50,21100
20240207,14:51:53,7.45,50,21050
20240207,14:53:20,7.55,100,21050
20240207,14:55:08,7.6,250,20950
20240207,14:59:44,7.35,50,21050
20240207,14:59:53,7.35,50,21050
20240207,15:00:03,7.35,50,21050
20240207,15:00:13,7.5,50,21050
20240207,15:00:22,7.55,100,21050
20240207,15:02:47,7.65,100,21050
20240207,15:23:23,7.65,100,20800
20240207,15:24:20,7.75,100,20800
20240207,15:25:01,7.7,50,20800
20240207,15:26:23,7.8,200,20800
20240207,15:27:59,8.05,150,20750
20240207,15:28:08,8.05,100,20750
20240207,15:28:18,8.05,50,20750
20240208,09:15:53,7.9,1,20700
20240208,09:15:53,7.8,200,20700
20240208,09:20:01,7.75,100,20850
20240208,09:20:28,7.7,50,20850
20240208,09:21:16,7.7,100,20850
20240208,09:23:48,7.85,50,20600
20240208,09:23:57,7.85,50,20600
20240208,09:24:23,7.95,50,20600
20240208,09:24:32,8.05,150,20600
20240208,09:24:50,8.05,100,20600
20240208,09:25:09,8.15,300,20600
20240208,09:25:18,8.0,100,20600
20240208,09:26:02,8.1,100,20250
20240208,09:26:38,8.1,50,20250
20240208,09:27:57,8.1,50,20250
20240208,09:28:06,8.05,50,20250
20240208,09:28:23,8.15,150,20250
20240208,09:28:32,8.3,50,20250
20240208,09:28:40,8.3,50,20250
20240208,09:29:46,8.15,100,20050
20240208,09:30:12,8.15,50,20050
20240208,09:30:56,8.25,50,20050
20240208,09:31:14,8.2,400,20050
20240208,09:31:23,8.3,100,20050
20240208,09:31:49,8.3,50,20050
20240208,09:32:06,8.0,50,20200
20240208,09:32:24,8.25,50,20200
20240208,09:33:09,8.0,50,20200
20240208,09:34:20,7.9,100,20200
20240208,09:34:47,8.0,150,20200
20240208,09:37:27,8.05,50,20050
20240208,09:41:33,7.85,50,19950
20240208,09:46:06,7.6,250,20000
20240208,09:51:11,7.6,100,19800
20240208,09:59:26,7.8,50,19800
20240208,10:00:20,7.8,100,19800
20240208,10:00:29,7.8,100,19800
20240208,10:00:38,7.8,100,19800
20240208,10:02:11,7.55,200,19700
20240208,10:02:20,7.7,100,19700
20240208,10:03:00,8.65,50,19700
20240208,10:05:05,8.65,50,19600
20240208,10:05:38,7.8,150,19600
20240208,10:06:00,7.8,50,19600
20240208,10:07:46,7.4,450,19600
20240208,10:08:25,7.7,100,19500
20240208,10:09:29,7.65,100,19500
20240208,10:10:11,7.65,150,19500
20240208,10:15:14,7.55,50,19650
20240208,10:15:34,7.65,100,19650
20240208,10:15:46,7.55,200,19650
20240208,10:18:39,7.65,50,19700
20240208,10:19:16,7.55,250,19700
20240208,10:19:25,7.5,250,19700
20240208,10:21:28,7.65,50,19650
20240208,10:21:46,7.65,100,19650
20240208,10:21:56,7.5,150,19650
20240208,10:23:10,7.65,50,19750
20240208,10:25:04,7.65,50,19750
20240208,10:27:11,7.7,400,19850
20240208,10:30:14,7.65,100,20150
20240208,10:35:35,7.6,150,20100
20240208,10:36:20,7.6,50,20100
20240208,10:44:31,7.5,100,20300
20240208,10:45:10,7.5,50,20300
20240208,10:46:19,7.6,150,20300
20240208,10:47:44,7.55,150,20450
20240208,10:51:20,7.65,50,20400
20240208,10:55:56,7.45,100,20400
20240208,10:56:14,7.55,100,20300
20240208,10:58:34,7.5,100,20300
20240208,11:00:03,7.45,50,20500
20240208,11:00:38,6.5,300,20500
20240208,11:03:01,7.45,100,20550
20240208,11:05:27,7.2,150,20600
20240208,11:06:37,7.4,100,20600
20240208,11:07:08,7.35,50,20600
20240208,11:08:45,7.3,50,20700
20240208,11:09:45,7.25,50,20700
20240208,11:10:42,7.2,50,20700
20240208,11:12:37,7.2,150,20800
20240208,11:13:44,7.25,50,20800
20240208,11:19:43,7.3,50,21000
20240208,11:19:52,7.3,100,21000
20240208,11:22:17,7.25,50,21150
20240208,11:25:03,7.15,50,21200
20240208,11:25:32,7.15,50,21200
20240208,11:25:41,7.15,50,21200
20240208,11:26:38,7.1,50,21150
20240208,11:29:14,7.15,100,21100
20240208,11:29:33,7.05,50,21100
20240208,11:30:22,7.2,50,21100
20240208,11:31:57,6.9,50,21100
20240208,11:32:18,6.9,50,20900
20240208,11:47:44,7.15,50,20850
20240208,11:49:55,6.95,100,20850
20240208,11:50:15,6.95,450,21100
20240208,11:50:24,6.75,250,21100
20240208,11:50:34,6.85,100,21100
20240208,11:50:43,6.85,50,21100
20240208,11:51:29,6.8,100,21100
20240208,12:02:16,6.7,50,21350
20240208,12:03:20,6.8,50,21350
20240208,12:06:12,6.75,50,21400
20240208,12:23:20,6.8,50,21450
20240208,12:23:30,6.8,50,21450
20240208,12:31:14,6.7,50,21500
20240208,12:33:41,6.75,50,21500
20240208,12:38:13,6.65,100,21500
20240208,12:41:04,6.45,150,21400
20240208,12:41:50,6.45,50,21300
20240208,12:41:59,6.65,100,21300
20240208,12:43:54,6.5,50,21300
20240208,12:45:18,6.55,50,21250
20240208,12:51:30,6.4,50,21200
20240208,12:53:06,6.4,50,21200
20240208,12:53:40,6.4,50,21100
20240208,12:57:01,6.3,50,21100
20240208,12:58:48,6.3,50,21100
20240208,12:59:22,6.3,50,21100
20240208,12:59:43,6.3,50,21000
20240208,13:00:11,6.3,50,21000
20240208,13:00:39,6.25,50,21000
20240208,13:00:57,6.25,50,21000
20240208,13:01:25,6.25,50,21000
20240208,13:03:07,6.2,50,20850
20240208,13:05:02,6.2,50,20850
20240208,13:08:18,6.25,100,20750
20240208,13:11:01,6.25,50,20700
20240208,13:13:22,6.35,100,20650
20240208,13:16:33,6.25,50,20650
20240208,13:20:24,6.45,50,20650
20240208,13:21:06,6.4,100,20650
20240208,13:21:42,6.45,50,20650
20240208,13:25:34,6.35,50,20800
20240208,13:28:47,6.55,100,20750
20240208,13:29:12,6.55,50,20750
20240208,13:35:32,6.5,50,20800
20240208,13:36:11,6.45,100,20800
20240208,13:39:54,6.45,50,20800
20240208,13:42:19,6.45,100,20800
20240208,13:47:16,6.4,100,20850
20240208,13:53:10,6.35,50,20800
20240208,13:54:54,6.3,50,20800
20240208,13:58:40,6.35,100,20800
20240208,14:01:01,6.3,100,20850
20240208,14:01:38,6.35,50,20850
20240208,14:03:28,6.25,50,20800
20240208,14:05:06,6.3,50,20800
20240208,14:05:39,6.35,100,20750
20240208,14:10:59,6.3,50,20700
20240208,14:15:06,6.2,100,20650
20240208,14:15:41,6.35,200,20650
20240208,14:17:58,6.3,50,20650
20240208,14:18:17,6.3,50,20650
20240208,14:22:09,6.4,50,20650
20240208,14:23:24,6.5,100,20650
20240208,14:24:48,6.45,50,20700
20240208,14:32:08,6.4,150,20650
20240208,14:34:11,6.35,50,20700
20240208,14:37:18,6.35,50,20650
20240208,14:38:46,6.35,100,20650
20240208,14:38:57,6.3,50,20650
20240208,14:39:10,6.3,50,20650
20240208,14:39:34,6.25,50,20650
20240208,14:39:45,6.25,50,20650
20240208,14:39:56,6.15,50,20650
20240208,14:40:18,6.15,50,20650
20240208,14:41:02,5.95,450,20650
20240208,14:44:09,6.2,50,20500
20240208,14:44:21,6.2,50,20500
20240208,14:45:33,6.05,50,20500
20240208,14:45:57,6.0,50,20500
20240208,14:46:31,6.1,50,20500
20240208,14:47:16,6.15,50,20500
20240208,14:47:50,6.2,50,20300
20240208,14:48:13,6.2,50,20300
20240208,14:48:36,6.2,50,20300
20240208,14:49:09,6.25,50,20300
20240208,14:49:53,6.3,150,20300
20240208,14:50:16,6.3,200,20300
20240208,14:50:28,6.2,100,20300
20240208,14:51:01,6.3,50,19900
20240208,14:51:13,6.3,50,19900
20240208,14:51:25,6.2,50,19900
20240208,14:51:48,6.15,50,19900
20240208,14:51:59,6.3,50,19900
20240208,14:52:21,6.3,50,19900
20240208,14:53:26,6.35,100,19900
20240208,14:56:28,6.3,300,19600
20240208,15:00:37,6.3,50,19600
20240208,15:03:31,6.25,50,19600
20240208,15:04:09,6.25,50,19600
20240208,15:16:30,6.4,100,19600
20240208,15:17:14,6.5,50,19600
20240208,15:18:07,6.45,50,19650
20240208,15:18:37,6.45,50,19650
20240208,15:23:26,6.45,100,19700
20240208,15:24:30,6.45,150,19700
20240208,15:24:41,6.45,50,19700
20240208,15:25:44,6.5,50,19700
20240208,15:26:48,6.5,100,19700
20240208,15:28:15,6.65,150,19700
20240208,15:29:18,6.65,100,19700
20240209,09:17:13,6.25,1,19600
20240209,09:17:13,6.2,1,19600
20240209,09:17:13,6.3,200,19600
20240209,09:29:45,4.9,100,19500
20240209,09:35:32,4.9,50,19400
20240209,09:36:03,6.05,100,19400
20240209,09:38:23,6.0,100,19550
20240209,09:50:41,6.0,100,19450
20240209,09:56:13,6.65,50,19400
20240209,09:56:43,6.65,150,19400
20240209,09:56:52,5.95,50,19400
20240209,10:09:21,5.8,50,19650
20240209,10:14:58,5.8,50,19600
20240209,10:21:13,5.75,50,19550
20240209,10:25:38,5.7,250,19500
20240209,10:29:37,5.7,250,19500
20240209,10:30:29,5.7,100,19500
20240209,10:40:03,5.7,100,19600
20240209,10:51:01,5.7,50,19700
20240209,11:00:23,5.7,50,19750
20240209,11:04:38,5.7,250,19800
20240209,11:04:58,5.7,250,19800
20240209,11:05:50,5.7,250,19800
20240209,11:08:38,5.5,600,19800
20240209,11:11:22,5.45,450,20050
20240209,11:11:32,5.5,250,20050
20240209,11:12:19,5.5,250,20050
20240209,11:13:02,5.5,50,20050
20240209,11:23:33,5.65,100,20650
20240209,11:28:28,5.65,100,20650
20240209,11:32:38,5.65,50,20750
20240209,11:34:45,5.65,50,20700
20240209,11:36:05,5.7,100,20700
20240209,11:36:14,5.7,50,20700
20240209,11:38:14,5.75,100,20600
20240209,11:38:24,5.75,50,20600
20240209,11:40:19,5.85,100,20600
20240209,11:41:23,5.9,50,20550
20240209,11:47:49,5.9,150,20600
20240209,11:49:29,5.95,100,20600
20240209,11:50:34,6.0,100,20550
20240209,11:55:06,5.95,50,20650
20240209,11:57:19,5.95,50,20600
20240209,11:57:47,5.95,50,20600
20240209,12:11:29,5.95,100,20500
20240209,12:13:54,5.95,100,20500
20240209,12:19:06,5.6,700,20500
20240209,12:24:18,5.7,50,20700
20240209,12:33:54,5.8,100,20750
20240209,12:39:22,5.7,100,20800
20240209,12:40:40,5.75,100,20800
20240209,12:42:27,5.8,100,20800
20240209,12:47:15,5.85,100,20800
20240209,12:55:37,5.7,200,20750
20240209,12:57:26,5.7,50,20750
20240209,13:00:30,5.75,150,20700
20240209,13:00:39,5.75,100,20700
20240209,13:07:29,5.75,100,20750
20240209,13:09:40,5.75,150,20700
20240209,13:09:49,5.7,50,20700
20240209,13:19:54,5.75,100,20600
20240209,13:23:13,5.7,50,20550
20240209,13:23:57,5.7,100,20550
20240209,13:24:06,5.65,100,20550
20240209,13:33:28,5.55,100,20350
20240209,13:33:37,5.5,100,20350
20240209,13:55:34,5.75,100,20350
20240209,14:05:36,5.75,100,20400
20240209,14:07:20,5.75,100,20400
20240209,14:10:47,5.7,50,20250
20240209,14:12:00,5.65,50,20300
20240209,14:12:40,5.6,250,20300
20240209,14:14:11,5.6,100,20600
20240209,14:14:22,5.55,350,20600
20240209,14:15:19,5.55,250,20600
20240209,14:18:46,5.55,1900,21100
20240209,14:18:56,5.65,100,21100
20240209,14:19:41,5.85,100,21100
20240209,14:21:43,5.7,50,19150
20240209,14:27:02,5.65,50,19100
20240209,14:29:32,5.75,100,19100
20240209,14:30:00,5.7,50,19100
20240209,14:33:34,5.8,50,19000
20240209,14:34:11,5.7,100,19000
20240209,14:36:10,5.65,150,19050
20240209,14:38:09,5.7,250,19050
20240209,14:38:28,5.7,250,19400
20240209,14:40:47,5.65,300,19400
20240209,14:42:16,5.65,100,19700
20240209,14:42:26,5.7,100,19700
20240209,14:42:35,5.65,50,19700
20240209,14:42:45,5.6,250,19700
20240209,14:42:55,5.65,100,19700
20240209,14:44:13,5.35,900,20050
20240209,14:44:23,5.35,300,20050
20240209,14:44:33,5.3,600,20050
20240209,14:45:02,5.35,100,20050
20240209,14:45:21,5.15,650,20050
20240209,14:48:17,5.25,150,20550
20240209,14:48:45,5.2,50,20550
20240209,14:49:14,5.1,250,20550
20240209,14:50:19,5.1,50,20650
20240209,14:50:38,5.1,50,20650
20240209,14:52:03,5.1,50,20650
20240209,14:53:00,5.15,50,20650
20240209,14:59:16,5.25,50,20450
20240209,14:59:46,5.2,50,20450
20240209,14:59:56,5.25,50,20450
20240209,15:00:16,5.35,150,20450
20240209,15:00:37,5.35,100,20450
20240209,15:01:11,5.1,50,20450
20240209,15:01:22,5.15,100,20450
20240209,15:02:14,5.3,50,20450
20240209,15:02:44,5.3,50,20200
20240209,15:05:44,5.35,100,20200
20240209,15:07:10,5.35,50,20200
20240209,15:08:18,5.35,50,20200
20240209,15:08:48,5.4,100,20100
20240209,15:12:07,5.4,50,20100
20240209,15:12:36,5.35,100,20100
20240209,15:13:14,5.3,100,20100
20240209,15:19:38,5.25,100,20000
20240209,15:26:45,5.15,50,19950
20240209,15:27:23,5.2,250,19950
20240212,09:25:32,5.1,1,19950
20240212,09:25:32,4.9,1,19950
20240212,09:25:32,5.0,400,19950
20240212,09:26:03,5.0,50,19950
20240212,09:29:50,5.1,100,20200
20240212,09:37:59,5.1,50,20100
20240212,09:39:58,5.0,50,20100
20240212,09:42:14,5.1,250,20100
20240212,09:48:13,5.05,100,20050
20240212,09:48:52,4.4,50,20150
20240212,09:51:51,4.4,50,20150
20240212,09:54:30,4.65,100,20150
20240212,09:58:38,3.65,2100,20200
20240212,09:58:55,4.55,500,20200
20240212,09:59:13,4.65,500,20200
20240212,09:59:32,4.7,50,20200
20240212,10:00:10,4.5,150,20200
20240212,10:02:17,4.5,100,18700
20240212,10:02:57,4.45,200,18700
20240212,10:04:05,4.45,50,18550
20240212,10:04:53,4.55,100,18550
20240212,10:07:33,4.6,150,18450
20240212,10:07:42,4.55,100,18450
20240212,10:07:51,4.6,200,18450
20240212,10:08:00,4.7,600,18450
20240212,10:08:09,4.75,750,18450
20240212,10:08:37,4.75,150,18450
20240212,10:08:55,4.75,50,18450
20240212,10:09:04,4.75,50,18450
20240212,10:09:53,4.75,200,18100
20240212,10:10:27,4.7,300,18100
20240212,10:10:38,4.8,50,18100
20240212,10:16:23,4.55,100,17850
20240212,10:20:54,4.7,50,17950
20240212,10:27:16,4.75,550,17900
20240212,10:27:27,4.7,100,17900
20240212,10:28:22,4.65,100,17700
20240212,10:30:01,4.7,50,17700
