date,time,tick_price,volume,open_interest
20240115,09:22:41,310.85,50,50
20240115,09:33:41,291.0,1150,50
20240115,13:31:20,291.0,50,1150
20240115,14:00:05,289.0,50,1200
20240115,14:37:47,289.0,50,1250
20240115,14:37:55,289.0,50,1250
20240115,14:58:45,274.1,150,1300
20240115,15:05:42,274.1,150,1300
20240116,09:27:30,297.9,1,1300
20240116,09:27:30,297.9,100,1300
20240116,09:35:23,300.0,50,1200
20240116,09:36:37,300.1,50,1150
20240116,11:54:53,300.1,50,1200
20240116,12:16:52,298.0,50,1250
20240116,12:19:28,300.0,50,1250
20240116,12:53:29,299.0,50,1250
20240116,12:54:20,297.8,500,1300
20240116,13:17:52,313.25,250,1800
20240116,13:18:36,313.25,100,2050
20240116,13:27:56,315.1,50,2150
20240117,09:45:48,372.95,1,2200
20240117,09:45:48,372.95,50,2200
20240117,09:49:58,383.1,50,2200
20240117,09:52:13,390.3,50,2150
20240117,11:22:54,440.0,50,2100
20240117,11:53:48,440.0,50,2050
20240117,14:42:09,560.0,900,2000
20240130,09:25:31,451.25,1,1250
20240130,09:25:31,451.25,600,1250
20240130,09:31:40,446.1,750,1850
20240130,09:37:50,446.1,750,2600
20240130,09:43:17,457.65,800,3350
20240130,09:45:08,429.2,800,4150
20240130,10:31:48,429.2,50,4950
20240130,12:00:18,453.25,50,4950
20240130,13:10:12,495.6,50,4950
20240130,13:37:48,497.9,50,5000
20240130,15:21:14,601.5,600,5050
20240130,15:24:06,578.45,50,5050
20240130,15:24:36,581.55,50,5000
20240131,09:52:21,574.95,1,4950
20240131,09:52:21,574.95,100,4950
20240201,11:16:51,431.25,1,5050
20240201,11:16:51,431.25,600,5050
20240201,11:18:08,459.75,50,5650
20240201,12:50:32,459.75,50,5700
20240201,12:54:57,389.4,400,5700
20240201,12:56:38,398.9,1700,5700
20240201,12:57:12,399.45,1700,7800
20240201,13:05:40,404.0,50,9500
20240201,13:48:47,419.6,550,9500
20240201,13:49:20,417.5,100,9500
20240201,14:07:52,421.65,550,10150
20240201,14:11:19,408.85,1050,10700
20240201,14:20:25,411.2,300,11300
20240201,14:39:43,420.6,100,11450
20240201,14:44:10,422.9,50,11350
20240201,14:46:00,417.6,50,11350
20240201,14:46:16,417.65,400,11350
20240201,14:46:33,414.5,400,11350
20240201,14:46:41,414.35,400,11350
20240201,14:47:55,410.05,400,11350
20240201,14:54:27,408.65,400,13000
20240201,14:57:25,406.4,250,12600
20240201,15:21:17,433.4,600,12600
20240201,15:25:52,435.95,400,12600
20240201,15:26:14,434.75,100,12600
20240201,15:28:49,439.95,100,12600
20240202,09:15:17,318.05,1,12700
20240202,09:15:17,318.6,2700,12700
20240202,09:16:24,303.7,50,12700
20240202,09:16:35,303.7,300,12700
20240202,09:18:38,294.25,100,13050
20240202,09:20:07,284.05,150,13050
20240202,09:20:23,282.9,100,13100
20240202,09:20:55,279.7,100,13100
20240202,09:21:25,279.7,450,13100
20240202,09:21:36,280.8,800,13100
20240202,09:21:56,275.0,100,13100
20240202,09:22:05,271.9,350,13100
20240202,09:22:51,267.6,100,13100
20240202,09:23:47,265.0,100,13300
20240202,09:24:05,264.65,200,13300
20240202,09:24:12,264.0,50,13300
20240202,09:24:18,264.0,50,13300
20240202,09:24:28,265.55,50,13300
20240202,09:24:38,263.7,350,13300
20240202,09:24:40,263.7,50,13300
20240202,09:25:23,260.0,50,13300
20240202,09:25:51,260.0,100,13300
20240202,09:25:56,265.35,50,13300
20240202,09:26:07,267.4,50,13300
20240202,09:26:17,267.4,100,13550
20240202,09:26:27,266.25,100,13550
20240202,09:26:30,267.3,100,13550
20240202,09:26:37,267.3,50,13550
20240202,09:26:47,267.25,100,13550
20240202,09:27:11,262.95,50,13550
20240202,09:28:24,260.2,200,13550
20240202,09:29:41,260.65,50,13950
20240202,09:29:52,259.95,50,13950
20240202,09:30:28,259.95,350,13950
20240202,09:30:40,262.85,50,13950
20240202,09:32:33,258.95,350,13950
20240202,09:33:17,258.8,50,14300
20240202,09:33:47,254.9,150,14300
20240202,09:35:27,252.1,50,14050
20240202,09:35:42,252.1,50,14050
20240202,09:36:16,254.45,100,14050
20240202,09:36:17,255.65,700,14050
20240202,09:36:37,256.75,50,14050
20240202,09:36:51,260.25,100,14050
20240202,09:36:59,263.15,100,14050
20240202,09:37:02,262.1,50,14050
20240202,09:37:04,260.95,350,14050
20240202,09:37:19,261.8,50,14050
20240202,09:37:22,261.6,150,14050
20240202,09:38:09,260.65,300,14050
20240202,09:38:20,260.25,450,14400
20240202,09:38:22,260.0,350,14400
20240202,09:39:58,258.1,50,14400
20240202,09:40:11,259.3,450,14400
20240202,09:40:31,254.95,150,14400
20240202,09:40:46,253.8,150,14400
20240202,09:40:54,252.55,100,14400
20240202,09:41:15,253.6,100,14400
20240202,09:41:55,256.4,350,14600
20240202,09:41:56,255.3,100,14600
20240202,09:41:59,256.8,50,14600
20240202,09:43:48,252.1,350,14600
20240202,09:44:04,254.0,50,14600
20240202,09:45:02,251.5,150,15400
20240202,09:45:07,251.5,400,15400
20240202,09:45:08,252.45,100,15400
20240202,09:45:15,252.5,50,15400
20240202,09:45:30,253.05,150,15400
20240202,09:45:45,255.85,100,15400
20240202,09:47:07,255.55,50,15400
20240202,09:48:24,256.2,300,15900
20240202,09:49:44,253.5,350,15900
20240202,09:49:51,253.75,50,15900
20240202,09:53:24,246.25,200,15750
20240202,09:53:26,246.0,50,15750
20240202,09:53:37,244.65,50,15750
20240202,09:53:52,244.65,150,15750
20240202,09:53:59,245.9,50,15750
20240202,09:54:44,246.9,50,15750
20240202,09:55:57,249.75,100,15750
20240202,09:56:02,249.8,100,15750
20240202,09:56:08,251.0,50,15750
20240202,09:57:56,249.05,100,15800
20240202,09:58:28,250.85,50,15800
20240202,09:58:33,251.35,50,15800
20240202,09:58:48,250.8,300,15800
20240202,09:58:54,250.8,50,15800
20240202,09:58:57,251.35,50,15800
20240202,09:58:59,250.15,50,15800
20240202,09:59:01,251.05,50,15800
20240202,09:59:57,249.5,50,16400
20240202,10:00:00,248.6,50,16400
20240202,10:01:31,243.2,100,16400
20240202,10:01:36,242.0,50,16400
20240202,10:01:59,240.0,150,16400
20240202,10:09:35,239.05,50,16800
20240202,10:10:03,237.0,200,16800
20240202,10:11:13,237.0,300,16800
20240202,10:11:25,239.65,100,16550
20240202,10:11:39,239.8,50,16550
20240202,10:13:53,241.45,150,16550
20240202,10:13:56,240.55,100,16550
20240202,10:14:08,241.2,50,16550
20240202,10:14:11,241.65,200,16550
20240202,10:15:12,241.55,200,16800
20240202,10:15:24,242.5,50,16800
20240202,10:15:42,241.9,150,16800
20240202,10:16:19,243.3,350,16800
20240202,10:17:50,242.95,50,17200
20240202,10:18:23,245.0,50,17200
20240202,10:18:29,244.45,350,17200
20240202,10:18:31,245.75,350,17200
20240202,10:20:09,245.7,1500,17200
20240202,10:20:21,246.0,1500,17200
20240202,10:21:15,247.35,50,17700
20240202,10:21:21,248.0,150,17700
20240202,10:22:11,246.45,50,17700
20240202,10:22:36,250.75,350,17700
20240202,10:23:37,243.0,200,18950
20240202,10:24:07,242.6,50,18950
20240202,10:24:27,242.0,350,18950
20240202,10:24:32,241.0,200,18950
20240202,10:24:48,242.65,1500,18950
20240202,10:25:20,240.9,50,18950
20240202,10:26:58,237.85,50,20150
20240202,10:27:55,239.9,50,20150
20240202,10:28:42,238.15,250,20150
20240202,10:28:52,237.55,100,20150
20240202,10:29:55,236.8,100,20350
20240202,10:30:05,236.05,300,20350
20240202,10:30:08,236.05,200,20350
20240202,10:30:28,237.5,50,20350
20240202,10:30:50,237.75,150,20350
20240202,10:30:52,238.0,50,20350
20240202,10:30:55,238.85,50,20350
20240202,10:34:00,241.45,50,20100
20240202,10:35:07,242.85,100,20100
20240202,10:36:34,244.95,50,20100
20240202,10:37:54,242.2,50,20050
20240202,10:38:28,245.95,100,20050
20240202,10:40:00,246.0,150,20050
20240202,10:40:02,245.35,150,20050
20240202,10:40:07,247.1,500,20050
20240202,10:40:10,246.45,200,20050
20240202,10:40:25,245.65,100,20050
20240202,10:40:27,245.65,100,20050
20240202,10:41:15,248.0,50,20050
20240202,10:41:17,248.0,150,20050
20240202,10:42:00,248.0,50,19900
20240202,10:42:44,250.4,400,19900
20240202,10:43:02,248.0,50,19900
20240202,10:43:34,244.5,400,19900
20240202,10:44:36,247.1,50,20000
20240202,10:45:08,248.7,150,20000
20240202,10:45:16,248.7,100,20000
20240202,10:50:12,248.8,50,20050
20240202,10:52:58,249.6,100,20000
20240202,10:53:42,245.4,300,20000
20240202,10:55:02,242.65,50,19950
20240202,10:57:17,239.15,50,19700
20240202,10:58:30,235.4,100,19700
20240202,10:58:52,233.5,200,19700
20240202,11:00:05,233.5,150,19750
20240202,11:00:08,234.85,100,19750
20240202,11:00:42,234.75,300,19750
20240202,11:00:45,234.85,600,19750
20240202,11:00:50,235.55,150,19750
20240202,11:00:52,235.5,250,19750
20240202,11:02:11,235.5,200,19750
20240202,11:03:04,234.9,250,20500
20240202,11:03:51,232.0,50,20500
20240202,11:03:57,230.15,300,20500
20240202,11:04:01,229.35,300,20500
20240202,11:04:03,229.35,900,20500
20240202,11:04:05,229.25,150,20500
20240202,11:04:07,229.25,150,20500
20240202,11:04:10,229.45,150,20500
20240202,11:04:20,228.85,1950,20500
20240202,11:04:22,229.7,50,20500
20240202,11:04:23,229.65,50,20500
20240202,11:04:35,229.85,100,20500
20240202,11:04:37,230.45,150,20500
20240202,11:04:42,230.75,100,20500
20240202,11:04:43,230.9,100,20500
20240202,11:04:45,231.1,50,20500
20240202,11:05:01,229.5,100,20500
20240202,11:05:04,229.8,50,20500
20240202,11:05:09,230.6,100,20500
20240202,11:05:11,230.4,150,20500
20240202,11:05:12,229.9,50,20500
20240202,11:05:28,230.4,1000,23350
20240202,11:05:38,230.5,900,23350
20240202,11:05:41,230.65,150,23350
20240202,11:07:47,234.45,50,23350
20240202,11:08:15,232.25,50,23350
20240202,11:09:16,234.05,100,25150
20240202,11:09:29,235.45,200,25150
20240202,11:09:34,233.55,550,25150
20240202,11:11:39,232.55,250,25350
20240202,11:12:55,231.7,300,25350
20240202,11:13:38,227.0,700,25350
20240202,11:13:48,224.75,50,25350
20240202,11:13:52,224.4,50,25350
20240202,11:13:53,222.1,400,25350
20240202,11:13:58,221.15,250,25350
20240202,11:14:00,221.15,50,25350
20240202,11:14:05,222.85,100,25350
20240202,11:14:10,221.0,100,25350
20240202,11:14:24,221.0,100,25350
20240202,11:14:30,220.0,50,25950
20240202,11:14:37,218.75,50,25950
20240202,11:14:38,218.75,50,25950
20240202,11:14:43,218.8,100,25950
20240202,11:14:45,217.95,150,25950
20240202,11:15:00,217.95,150,25950
20240202,11:15:03,219.5,50,25950
20240202,11:15:13,219.05,350,25950
20240202,11:15:18,216.85,200,25950
20240202,11:15:26,219.1,50,25950
20240202,11:15:27,218.75,50,25950
20240202,11:15:31,217.85,50,25950
20240202,11:15:32,217.9,50,25950
20240202,11:15:37,217.85,50,25950
20240202,11:15:47,216.5,50,25950
20240202,11:15:58,215.0,450,25950
20240202,11:16:00,215.0,50,25950
20240202,11:16:02,215.0,300,25950
20240202,11:16:04,214.1,100,25950
20240202,11:16:13,213.95,150,25950
20240202,11:16:17,213.55,250,25950
20240202,11:16:20,212.3,200,25950
20240202,11:16:25,211.1,50,25950
20240202,11:16:30,211.1,450,25950
20240202,11:16:33,213.45,300,25950
20240202,11:16:35,213.95,1150,25950
20240202,11:16:44,213.15,650,25950
20240202,11:16:49,212.9,250,25950
20240202,11:16:54,213.2,50,25950
20240202,11:17:04,211.2,50,25950
20240202,11:17:05,210.7,50,25950
20240202,11:17:15,210.7,50,25950
20240202,11:17:19,212.1,150,25950
20240202,11:17:22,212.25,100,25950
20240202,11:17:25,211.3,50,25950
20240202,11:17:29,209.9,700,25950
20240202,11:17:30,209.9,350,26000
20240202,11:17:32,210.0,50,26000
20240202,11:17:35,209.9,100,26000
20240202,11:17:39,209.75,250,26000
20240202,11:17:45,210.45,50,26000
20240202,11:17:54,211.0,250,26000
20240202,11:17:55,210.85,100,26000
20240202,11:17:57,209.8,500,26000
20240202,11:17:59,210.3,100,26000
20240202,11:18:33,208.2,50,26000
20240202,11:18:47,206.7,50,26000
20240202,11:18:52,206.7,100,26000
20240202,11:19:04,207.55,500,26000
20240202,11:19:10,209.55,50,26000
20240202,11:19:15,208.8,50,26000
20240202,11:19:19,208.15,250,26000
20240202,11:19:27,209.1,50,26000
20240202,11:19:32,208.65,50,26000
20240202,11:19:49,209.0,100,26000
20240202,11:19:54,208.35,1500,26000
20240202,11:20:00,208.35,350,26000
20240202,11:20:02,209.55,200,26000
20240202,11:20:05,209.35,50,26000
20240202,11:20:10,207.5,300,26000
20240202,11:20:15,208.35,150,26000
20240202,11:20:17,207.7,100,26000
20240202,11:20:20,208.1,50,26000
20240202,11:20:37,207.95,100,28900
20240202,11:20:40,207.1,100,28900
20240202,11:20:45,207.0,50,28900
20240202,11:20:48,208.0,250,28900
20240202,11:20:57,208.95,150,28900
20240202,11:21:00,208.7,50,28900
20240202,11:21:17,208.6,50,28900
20240202,11:21:25,208.35,50,28900
20240202,11:21:35,210.0,250,28900
20240202,11:21:54,207.5,100,28900
20240202,11:21:57,207.65,50,28900
20240202,11:22:14,207.85,200,28900
20240202,11:22:39,205.25,200,28900
20240202,11:22:40,205.25,50,28900
20240202,11:22:47,206.45,50,28900
20240202,11:22:59,207.0,100,28900
20240202,11:23:00,206.7,50,28900
20240202,11:23:08,206.65,50,28900
20240202,11:23:15,208.9,50,28900
20240202,11:23:32,208.2,100,30000
20240202,11:23:34,208.35,500,30000
20240202,11:23:35,208.3,50,30000
20240202,11:24:00,208.65,50,30000
20240202,11:24:15,208.0,50,30000
20240202,11:24:42,209.15,200,30000
20240202,11:24:45,208.5,200,30000
20240202,11:24:47,208.25,50,30000
20240202,11:24:57,207.4,50,30000
20240202,11:25:20,205.0,100,30000
20240202,11:25:41,205.0,50,30000
20240202,11:25:50,206.6,350,30000
20240202,11:25:58,207.0,50,30000
20240202,11:26:51,209.2,500,31200
20240202,11:27:18,209.2,50,31200
20240202,11:27:35,209.1,500,31200
20240202,11:28:05,207.0,250,31200
20240202,11:28:14,207.7,100,31200
20240202,11:28:19,207.5,200,31200
20240202,11:28:20,207.6,150,31200
20240202,11:28:27,207.2,50,31200
20240202,11:28:44,208.5,650,31200
20240202,11:29:05,207.7,50,31200
20240202,11:29:31,207.4,300,33250
20240202,11:29:46,207.4,100,33250
20240202,11:29:48,206.8,200,33250
20240202,11:29:52,207.4,50,33250
20240202,11:29:59,206.8,50,33250
20240202,11:30:00,207.3,50,33250
20240202,11:30:02,206.1,50,33250
20240202,11:30:17,206.1,50,33250
20240202,11:31:24,205.85,250,33250
20240202,11:31:29,204.35,100,33250
20240202,11:31:45,204.15,200,33250
20240202,11:31:57,203.0,100,33250
20240202,11:31:58,203.0,100,33250
20240202,11:32:02,203.0,50,33250
20240202,11:32:05,204.0,250,33250
20240202,11:32:21,203.25,200,33250
20240202,11:32:23,203.2,50,33250
20240202,11:32:28,204.8,50,33250
20240202,11:32:33,204.25,450,33650
20240202,11:32:48,204.3,250,33650
20240202,11:33:01,204.85,50,33650
20240202,11:33:02,203.35,100,33650
20240202,11:33:06,203.45,50,33650
20240202,11:33:11,205.1,150,33650
20240202,11:33:17,205.4,150,33650
20240202,11:33:29,206.7,50,33650
20240202,11:33:34,206.65,100,33650
20240202,11:33:37,206.45,50,33650
20240202,11:33:55,206.2,50,33650
20240202,11:33:57,207.05,100,33650
20240202,11:34:00,206.7,100,33650
20240202,11:34:11,205.0,100,33650
20240202,11:34:26,204.2,200,33650
20240202,11:34:38,205.1,400,33650
20240202,11:34:45,204.2,100,33650
20240202,11:34:48,204.2,50,33650
20240202,11:34:50,204.0,50,33650
20240202,11:34:51,204.05,500,33650
20240202,11:34:53,203.0,100,33650
20240202,11:34:56,203.4,2850,33650
20240202,11:35:00,202.65,50,33650
20240202,11:35:03,201.8,150,33650
20240202,11:35:08,201.8,50,33650
20240202,11:35:13,203.8,100,33650
20240202,11:35:21,203.6,400,33650
20240202,11:35:23,203.0,100,33650
20240202,11:35:25,202.05,300,33650
20240202,11:35:28,201.85,50,33650
20240202,11:35:30,201.7,50,33650
20240202,11:35:31,201.55,50,33650
20240202,11:35:43,201.55,200,37050
20240202,11:35:48,204.05,150,37050
20240202,11:35:50,204.25,500,37050
20240202,11:36:01,203.5,150,37050
20240202,11:36:03,203.4,550,37050
20240202,11:36:06,202.5,150,37050
20240202,11:36:08,203.25,50,37050
20240202,11:36:16,203.5,50,37050
20240202,11:36:21,202.0,1000,37050
20240202,11:36:24,202.7,50,37050
20240202,11:36:33,204.5,50,37050
20240202,11:36:46,202.7,50,37050
20240202,11:36:54,202.9,1800,37050
20240202,11:36:56,202.85,50,37050
20240202,11:37:06,202.5,50,37050
20240202,11:37:07,202.0,100,37050
20240202,11:37:29,201.85,150,37050
20240202,11:37:36,201.6,150,37050
20240202,11:37:42,201.35,50,37050
20240202,11:37:46,201.1,50,37050
20240202,11:38:04,200.0,150,37050
20240202,11:38:06,200.0,50,37050
20240202,11:38:17,199.0,50,37050
20240202,11:38:26,199.0,600,37050
20240202,11:38:49,199.0,50,38750
20240202,11:38:56,199.2,300,38750
20240202,11:39:01,199.0,150,38750
20240202,11:39:09,197.4,600,38750
20240202,11:39:16,197.45,200,38750
20240202,11:39:22,199.75,50,38750
20240202,11:39:27,198.55,100,38750
20240202,11:39:39,199.85,50,38750
20240202,11:40:00,199.85,50,38750
20240202,11:40:04,198.55,250,38750
20240202,11:40:20,198.65,50,38750
20240202,11:40:22,198.3,50,38750
20240202,11:40:25,198.0,250,38750
20240202,11:40:30,198.9,50,38750
20240202,11:40:35,199.45,400,38750
20240202,11:40:38,200.6,50,38750
20240202,11:40:43,200.35,50,38750
20240202,11:40:45,199.5,350,38750
20240202,11:40:50,199.15,50,38750
20240202,11:40:51,198.6,100,38750
20240202,11:41:04,199.2,200,38750
20240202,11:41:06,200.35,50,38750
20240202,11:41:16,200.0,50,38750
20240202,11:41:20,198.6,50,38750
20240202,11:41:32,198.85,800,38750
20240202,11:41:35,199.0,50,39000
20240202,11:41:45,197.35,50,39000
20240202,11:41:47,196.65,200,39000
20240202,11:41:56,196.65,200,39000
20240202,11:42:01,198.05,400,39000
20240202,11:42:19,196.1,50,39000
20240202,11:42:28,196.1,150,39000
20240202,11:42:36,198.35,100,39000
20240202,11:42:43,197.3,100,39000
20240202,11:42:53,198.85,150,39000
20240202,11:42:54,199.95,50,39000
20240202,11:42:58,200.65,300,39000
20240202,11:43:11,200.0,300,39000
20240202,11:43:19,200.05,100,39000
20240202,11:43:22,200.75,100,39000
20240202,11:43:26,200.25,200,39000
20240202,11:43:31,199.3,200,39000
20240202,11:43:32,200.7,100,39000
20240202,11:43:36,199.85,250,39000
20240202,11:43:49,202.45,50,39000
20240202,11:43:58,199.75,400,39000
20240202,11:43:59,199.65,150,39000
20240202,11:44:06,200.2,100,39000
20240202,11:44:24,202.15,100,39000
20240202,11:44:26,202.5,900,39000
20240202,11:44:36,202.8,50,38000
20240202,11:44:55,202.1,100,38000
20240202,11:45:00,203.9,400,38000
20240202,11:45:04,203.8,500,38000
20240202,11:45:07,203.1,200,38000
20240202,11:45:15,203.35,50,38000
20240202,11:45:30,204.9,50,38000
20240202,11:45:40,205.0,50,38000
20240202,11:45:55,205.2,50,38000
20240202,11:46:05,206.2,50,38000
20240202,11:46:20,206.25,50,38000
20240202,11:46:22,205.25,250,38000
20240202,11:46:30,205.0,50,38000
20240202,11:46:37,205.05,50,38000
20240202,11:46:45,203.4,50,38000
20240202,11:46:50,203.3,500,38000
20240202,11:47:05,201.7,100,38000
20240202,11:48:22,202.9,50,38950
20240202,11:48:30,202.4,200,38950
20240202,11:49:08,203.55,200,38950
20240202,11:49:31,204.1,400,38950
20240202,11:49:35,205.25,50,38950
20240202,11:49:43,205.4,550,38950
20240202,11:49:53,206.05,50,38950
20240202,11:49:58,205.4,350,38950
20240202,11:50:14,205.4,400,38950
20240202,11:50:41,204.5,50,39650
20240202,11:50:43,204.0,50,39650
20240202,11:50:53,203.55,150,39650
20240202,11:50:55,203.0,200,39650
20240202,11:51:04,203.4,50,39650
20240202,11:51:06,204.75,150,39650
20240202,11:51:11,205.0,50,39650
20240202,11:51:18,205.0,150,39650
20240202,11:52:32,204.25,50,39650
20240202,11:52:35,204.7,200,39650
20240202,11:52:38,205.8,50,39650
20240202,11:52:45,204.2,50,39650
20240202,11:54:18,204.05,100,40000
20240202,11:54:23,205.7,50,40000
20240202,11:54:40,206.1,50,40000
20240202,11:54:53,204.7,50,40000
20240202,11:55:06,204.6,50,40000
20240202,11:55:21,203.9,1000,40000
20240202,11:55:30,203.9,100,40000
20240202,11:55:53,204.05,50,40000
20240202,11:56:01,203.1,100,40000
20240202,11:56:03,203.05,50,40000
20240202,11:56:08,200.9,50,40000
20240202,11:56:09,201.8,100,40000
20240202,11:56:14,201.6,100,40000
20240202,11:56:42,200.8,450,41550
20240202,11:56:44,200.15,300,41550
20240202,11:56:55,200.0,450,41550
20240202,11:57:03,200.0,150,41550
20240202,11:57:28,201.2,50,41550
20240202,11:57:38,199.0,100,41550
20240202,11:57:45,198.4,50,41550
20240202,11:57:48,198.0,100,41550
20240202,11:57:50,197.2,300,41550
20240202,11:58:24,197.2,50,41550
20240202,11:59:16,197.0,100,41550
20240202,11:59:26,196.85,50,41550
20240202,11:59:32,196.15,50,41550
20240202,11:59:39,197.55,50,41700
20240202,11:59:44,196.7,200,41700
20240202,11:59:52,195.0,250,41700
20240202,11:59:54,194.35,300,41700
20240202,12:00:02,195.95,50,41700
20240202,12:00:09,193.65,450,41700
20240202,12:00:14,193.65,50,41700
20240202,12:00:29,193.6,100,41700
20240202,12:00:39,193.6,100,41700
20240202,12:00:41,193.3,50,41700
20240202,12:00:52,193.15,50,41700
20240202,12:00:54,193.1,50,41700
20240202,12:01:36,192.05,100,41700
20240202,12:02:19,192.15,100,41700
20240202,12:02:45,192.8,50,41650
20240202,12:03:07,194.45,50,41650
20240202,12:03:10,194.45,100,41650
20240202,12:03:20,194.5,50,41650
20240202,12:03:31,194.0,100,41650
20240202,12:03:41,193.15,50,41650
20240202,12:03:50,192.8,250,41650
20240202,12:04:01,193.5,150,41650
20240202,12:04:08,194.0,50,41650
20240202,12:04:32,193.5,50,41650
20240202,12:04:55,193.35,50,41650
20240202,12:05:14,196.0,50,41650
20240202,12:05:18,196.65,100,41650
20240202,12:05:39,195.6,200,41950
20240202,12:06:14,196.55,100,41950
20240202,12:06:37,199.0,50,41950
20240202,12:07:24,198.65,100,41950
20240202,12:07:47,200.75,150,41950
20240202,12:08:09,200.5,50,41950
20240202,12:08:12,201.55,50,41950
20240202,12:08:39,201.55,100,42200
20240202,12:09:08,201.2,50,42200
20240202,12:09:13,201.3,50,42200
20240202,12:09:24,201.55,50,42200
20240202,12:09:31,201.65,200,42200
20240202,12:09:34,202.1,250,42200
20240202,12:09:41,202.0,50,42200
20240202,12:10:02,201.15,100,42200
20240202,12:10:13,201.55,50,42200
20240202,12:10:18,202.65,450,42200
20240202,12:10:26,202.95,50,42200
20240202,12:10:51,200.65,100,42200
20240202,12:10:58,199.2,150,42200
20240202,12:11:01,199.55,50,42200
20240202,12:11:04,200.4,50,42200
20240202,12:11:09,200.0,100,42200
20240202,12:11:34,202.1,50,42200
20240202,12:11:43,203.0,150,42200
20240202,12:11:54,203.2,50,42000
20240202,12:12:03,203.85,50,42000
20240202,12:12:07,203.2,50,42000
20240202,12:12:16,202.5,50,42000
20240202,12:12:56,203.5,500,42000
20240202,12:13:07,205.0,150,42000
20240202,12:13:09,204.6,200,42000
20240202,12:13:52,204.55,50,42000
20240202,12:13:58,205.7,50,42000
20240202,12:14:09,207.3,50,42000
20240202,12:14:11,206.25,150,42000
20240202,12:14:12,207.3,50,42000
20240202,12:14:14,207.1,50,42000
20240202,12:14:24,207.1,50,42000
20240202,12:14:26,206.5,50,42000
20240202,12:14:37,204.9,50,42000
20240202,12:14:39,205.0,50,42700
20240202,12:14:42,205.3,50,42700
20240202,12:14:43,204.15,50,42700
20240202,12:14:54,204.15,50,42700
20240202,12:15:05,206.75,50,42700
20240202,12:15:22,207.0,50,42700
20240202,12:15:23,207.0,350,42700
20240202,12:15:25,207.0,100,42700
20240202,12:15:35,204.45,500,42700
20240202,12:15:46,203.6,50,42700
20240202,12:15:56,204.25,50,42700
20240202,12:16:06,205.4,50,42700
20240202,12:16:19,202.85,50,42700
20240202,12:16:40,203.45,100,42700
20240202,12:16:51,203.45,150,42700
20240202,12:17:20,205.55,50,42700
20240202,12:17:47,206.6,100,42150
20240202,12:18:05,206.1,100,42150
20240202,12:18:06,205.0,50,42150
20240202,12:18:08,205.0,50,42150
20240202,12:18:11,204.8,250,42150
20240202,12:18:41,204.1,50,42150
20240202,12:18:54,203.0,50,42150
20240202,12:20:52,204.7,50,42250
20240202,12:21:20,207.15,100,42250
20240202,12:21:33,207.5,50,42250
20240202,12:21:43,208.55,400,42250
20240202,12:21:56,208.45,50,42250
20240202,12:22:35,206.35,150,42250
20240202,12:22:50,207.5,200,42250
20240202,12:23:08,209.55,50,42250
20240202,12:23:13,208.2,50,42250
20240202,12:23:44,208.2,50,42400
20240202,12:23:53,208.2,50,42400
20240202,12:23:56,208.85,50,42400
20240202,12:24:21,209.0,50,42400
20240202,12:24:26,210.6,250,42400
20240202,12:24:27,210.8,450,42400
20240202,12:24:29,210.8,50,42400
20240202,12:24:36,212.0,50,42400
20240202,12:24:40,213.6,350,42400
20240202,12:24:44,211.45,50,42400
20240202,12:24:49,212.9,400,42400
20240202,12:24:50,213.5,300,42400
20240202,12:24:55,213.0,50,42400
20240202,12:24:57,214.5,200,42400
20240202,12:24:59,215.0,450,42400
20240202,12:25:00,215.0,600,42400
20240202,12:25:07,214.95,50,42400
20240202,12:25:27,215.0,50,42400
20240202,12:25:34,214.9,50,42400
20240202,12:25:40,212.6,50,42400
20240202,12:25:42,212.5,100,42400
20240202,12:25:57,213.15,50,42400
20240202,12:26:00,212.95,50,42400
20240202,12:26:12,213.95,150,42400
20240202,12:26:22,213.9,50,42400
20240202,12:26:27,214.5,100,42400
20240202,12:26:45,214.7,800,42250
20240202,12:26:51,215.05,50,42250
20240202,12:26:53,214.7,50,42250
20240202,12:26:56,213.4,50,42250
20240202,12:26:58,213.65,50,42250
20240202,12:27:11,216.85,50,42250
20240202,12:27:16,217.95,50,42250
20240202,12:27:21,218.35,250,42250
20240202,12:27:23,220.0,100,42250
20240202,12:27:26,219.8,50,42250
20240202,12:27:28,220.55,250,42250
20240202,12:27:30,222.0,50,42250
20240202,12:27:31,221.6,100,42250
20240202,12:27:33,222.2,150,42250
20240202,12:27:35,220.8,200,42250
20240202,12:27:43,219.1,550,42250
20240202,12:27:45,218.4,600,42250
20240202,12:27:51,216.75,400,42250
20240202,12:28:03,220.0,200,42250
20240202,12:28:05,219.6,150,42250
20240202,12:28:12,220.65,50,42250
20240202,12:28:13,220.75,50,42250
20240202,12:28:15,221.5,100,42250
20240202,12:28:20,223.75,50,42250
20240202,12:28:23,223.55,100,42250
20240202,12:28:25,223.25,200,42250
20240202,12:28:26,224.8,300,42250
20240202,12:28:35,225.0,50,42250
20240202,12:28:36,226.15,350,42250
20240202,12:28:38,226.55,350,42250
20240202,12:28:40,226.25,50,42250
20240202,12:28:43,227.35,400,42250
20240202,12:28:51,229.25,100,42250
20240202,12:28:56,229.5,50,42250
20240202,12:29:01,229.5,50,42250
20240202,12:29:04,231.0,100,42250
20240202,12:29:05,231.85,50,42250
20240202,12:29:07,232.2,150,42250
20240202,12:29:09,233.4,50,42250
20240202,12:29:14,235.0,250,42250
20240202,12:29:15,237.0,500,42250
20240202,12:29:22,240.0,50,42250
20240202,12:29:27,240.0,100,42250
20240202,12:29:32,238.3,200,42250
20240202,12:29:35,238.2,700,42250
20240202,12:29:39,235.8,100,42250
20240202,12:29:42,238.15,100,38950
20240202,12:29:44,237.45,50,38950
20240202,12:29:45,237.4,50,38950
20240202,12:29:47,238.0,600,38950
20240202,12:29:49,235.0,650,38950
20240202,12:29:50,234.4,600,38950
20240202,12:29:54,236.95,450,38950
20240202,12:29:55,236.0,350,38950
20240202,12:30:00,237.05,50,38950
20240202,12:30:03,238.3,50,38950
20240202,12:30:05,242.0,100,38950
20240202,12:30:07,243.0,100,38950
20240202,12:30:08,243.1,50,38950
20240202,12:30:10,242.45,250,38950
20240202,12:30:13,245.0,750,38950
20240202,12:30:15,245.1,50,38950
20240202,12:30:17,245.8,100,38950
20240202,12:30:18,247.75,350,38950
20240202,12:30:23,250.0,650,38950
20240202,12:30:25,250.9,400,38950
20240202,12:30:27,252.0,1550,38950
20240202,12:30:30,253.25,550,38950
20240202,12:30:32,252.6,250,38950
20240202,12:30:33,254.75,450,38950
20240202,12:30:35,256.75,250,38950
20240202,12:30:37,256.75,1200,38950
20240202,12:30:38,257.0,400,38950
20240202,12:30:40,257.15,50,38950
20240202,12:30:43,256.2,1550,38950
20240202,12:30:45,256.75,200,38950
20240202,12:30:47,251.55,450,38950
20240202,12:30:48,251.55,700,38950
20240202,12:30:50,251.55,900,38950
20240202,12:30:53,252.75,300,38950
20240202,12:30:55,252.05,1500,38950
20240202,12:31:02,252.6,400,38950
20240202,12:31:07,255.9,1850,38950
20240202,12:31:08,256.1,450,38950
20240202,12:31:13,260.0,150,38950
20240202,12:31:15,259.9,250,38950
20240202,12:31:20,260.0,50,38950
20240202,12:31:22,261.35,500,38950
20240202,12:31:30,260.55,200,38950
20240202,12:31:35,265.0,250,38950
20240202,12:31:37,266.0,2000,38950
20240202,12:31:38,267.3,100,38950
20240202,12:31:40,270.0,50,38950
20240202,12:31:42,269.75,3600,38950
20240202,12:31:43,270.8,250,38950
20240202,12:31:45,270.9,200,38950
20240202,12:31:47,270.3,100,38950
20240202,12:31:50,270.7,300,38950
20240202,12:31:52,270.75,200,38950
20240202,12:31:53,270.9,50,38950
20240202,12:31:55,271.2,500,38950
20240202,12:31:57,271.55,50,38950
20240202,12:31:58,271.6,50,38950
20240202,12:32:00,271.95,500,38950
20240202,12:32:02,271.85,500,38950
20240202,12:32:05,271.1,50,38950
20240202,12:32:09,267.55,750,38950
20240202,12:32:10,261.3,450,38950
20240202,12:32:12,260.9,1000,38950
20240202,12:32:14,264.0,250,38950
20240202,12:32:17,261.15,50,38950
20240202,12:32:19,262.0,50,38950
20240202,12:32:25,261.0,350,38950
20240202,12:32:27,260.45,150,38950
20240202,12:32:29,260.4,150,38950
20240202,12:32:30,258.05,700,38950
20240202,12:32:32,258.6,200,38950
20240202,12:32:34,258.55,1050,38950
20240202,12:32:35,258.2,100,38950
20240202,12:32:37,259.35,50,38950
20240202,12:32:39,262.1,50,38950
20240202,12:32:40,264.6,1550,30100
20240202,12:32:52,268.15,100,30100
20240202,12:32:55,268.05,50,30100
20240202,12:32:57,268.85,50,30100
20240202,12:32:59,267.9,750,30100
20240202,12:33:00,267.05,50,30100
20240202,12:33:02,267.15,50,30100
20240202,12:33:03,270.15,1100,30100
20240202,12:33:05,270.95,250,30100
20240202,12:33:07,270.15,200,30100
20240202,12:33:08,271.45,150,30100
20240202,12:33:12,270.4,100,30100
20240202,12:33:13,271.7,750,30100
20240202,12:33:17,270.15,850,30100
20240202,12:33:18,269.35,300,30100
20240202,12:33:23,270.7,150,30100
20240202,12:33:25,270.3,150,30100
20240202,12:33:28,267.4,150,30100
20240202,12:33:32,268.05,450,30100
20240202,12:33:37,265.9,50,30100
20240202,12:33:48,264.6,50,30100
20240202,12:33:50,261.35,100,30100
20240202,12:33:52,261.05,350,30100
20240202,12:33:53,260.55,50,30100
20240202,12:33:55,261.8,350,30100
20240202,12:33:58,261.1,350,30100
20240202,12:34:02,256.75,700,30100
20240202,12:34:07,258.0,50,30100
20240202,12:34:13,255.3,100,30100
20240202,12:34:15,252.85,350,30100
20240202,12:34:17,251.9,100,30100
20240202,12:34:22,254.0,350,30100
20240202,12:34:23,252.95,250,30100
20240202,12:34:28,247.5,200,30100
20240202,12:34:30,248.6,1150,30100
20240202,12:34:33,250.65,50,30100
20240202,12:34:38,251.6,200,30100
20240202,12:34:40,248.5,100,30100
20240202,12:34:42,246.9,100,30100
20240202,12:34:43,248.3,450,30100
20240202,12:34:52,247.5,50,30100
20240202,12:34:55,248.3,1100,30100
20240202,12:34:58,250.25,250,30100
20240202,12:35:00,252.65,350,30100
20240202,12:35:02,253.6,500,30100
20240202,12:35:04,254.6,50,30100
20240202,12:35:05,254.9,200,30100
20240202,12:35:09,258.0,50,30100
20240202,12:35:10,258.9,50,30100
20240202,12:35:12,260.2,450,30100
20240202,12:35:19,267.35,100,30100
20240202,12:35:30,271.6,500,30100
20240202,12:35:32,270.7,100,30100
20240202,12:35:35,271.05,1250,30100
20240202,12:35:37,271.15,600,30100
20240202,12:35:39,274.6,50,30100
20240202,12:35:42,277.6,350,30150
20240202,12:35:44,277.2,300,30150
20240202,12:35:47,279.95,550,30150
20240202,12:35:50,281.5,50,30150
20240202,12:35:52,281.6,550,30150
20240202,12:35:54,280.7,100,30150
20240202,12:35:55,282.25,850,30150
20240202,12:35:59,282.8,50,30150
20240202,12:36:00,285.0,500,30150
20240202,12:36:03,291.35,850,30150
20240202,12:36:05,290.85,850,30150
20240202,12:36:07,289.75,700,30150
20240202,12:36:08,290.15,750,30150
20240202,12:36:10,292.75,1000,30150
20240202,12:36:13,292.5,550,30150
20240202,12:36:18,295.4,1100,30150
20240202,12:36:22,295.25,100,30150
20240202,12:36:30,293.5,50,30150
20240202,12:36:34,291.3,500,30150
20240202,12:36:35,292.7,400,30150
20240202,12:36:40,291.85,450,30150
20240202,12:36:45,288.5,50,30150
20240202,12:36:47,287.9,400,30150
20240202,12:36:50,287.5,100,30150
20240202,12:36:54,283.5,750,30150
20240202,12:36:55,282.65,50,30150
20240202,12:36:57,283.65,150,30150
20240202,12:37:04,282.85,350,30150
20240202,12:37:07,282.0,600,30150
20240202,12:37:14,284.15,300,30150
20240202,12:37:15,283.05,250,30150
20240202,12:37:24,285.3,200,30150
20240202,12:37:25,284.6,150,30150
20240202,12:37:27,282.8,350,30150
20240202,12:37:34,277.75,300,30150
20240202,12:37:35,280.15,50,30150
20240202,12:37:37,280.15,100,30150
20240202,12:37:47,278.65,700,30150
20240202,12:37:50,277.65,600,30150
20240202,12:37:52,276.75,200,30150
20240202,12:37:55,279.9,150,30150
20240202,12:38:03,274.45,450,30150
20240202,12:38:12,271.6,300,30150
20240202,12:38:13,270.4,500,30150
20240202,12:38:15,270.35,150,30150
20240202,12:38:18,269.9,50,30150
20240202,12:38:20,269.0,400,30150
20240202,12:38:22,269.5,200,30150
20240202,12:38:23,270.05,450,30150
20240202,12:38:27,273.7,450,30150
20240202,12:38:55,273.7,400,31500
20240202,12:39:19,273.7,150,31500
20240202,12:39:20,276.7,150,31500
20240202,12:39:39,273.7,50,31500
20240202,12:39:42,272.0,500,31500
20240202,12:39:45,270.2,1200,31500
20240202,12:39:55,268.05,50,31500
20240202,12:40:02,262.5,200,31500
20240202,12:40:04,263.15,50,31500
20240202,12:40:05,264.9,50,31500
20240202,12:40:10,258.5,1200,31500
20240202,12:40:12,258.7,50,31500
20240202,12:40:15,256.7,50,31500
20240202,12:40:17,254.75,50,31500
20240202,12:40:19,256.25,1100,31500
20240202,12:40:22,257.55,50,31500
20240202,12:40:49,252.6,200,31500
20240202,12:40:52,256.4,200,31500
20240202,12:41:09,259.2,500,31500
20240202,12:41:12,259.05,50,31500
20240202,12:41:24,260.95,650,31500
20240202,12:41:42,262.25,50,29550
20240202,12:42:04,261.8,350,29550
20240202,12:42:09,266.0,500,29550
20240202,12:42:11,265.85,50,29550
20240202,12:42:16,269.15,150,29550
20240202,12:42:17,270.25,50,29550
20240202,12:42:21,271.55,600,29550
20240202,12:42:24,270.45,100,29550
20240202,12:42:34,262.8,200,29550
20240202,12:42:36,262.6,450,29550
20240202,12:42:42,265.1,250,29550
20240202,12:42:58,262.55,350,29550
20240202,12:43:03,265.1,50,29550
20240202,12:43:13,261.8,150,29550
20240202,12:43:34,258.5,850,29550
20240202,12:43:43,262.45,100,29550
20240202,12:44:19,262.45,50,29550
20240202,12:44:21,262.55,50,29550
20240202,12:44:46,257.5,100,28850
20240202,12:45:13,255.5,200,28850
20240202,12:45:24,262.35,100,28850
20240202,12:45:34,260.4,50,28850
20240202,12:46:03,262.35,50,28850
20240202,12:46:14,259.35,600,28850
20240202,12:46:58,268.0,500,28850
20240202,12:47:03,269.4,50,28850
20240202,12:47:13,274.3,100,28850
20240202,12:47:24,271.3,50,28850
20240202,12:47:41,270.0,50,28850
20240202,12:47:44,272.4,250,29650
20240202,12:47:54,273.7,350,29650
20240202,12:47:56,274.75,450,29650
20240202,12:48:06,273.05,450,29650
20240202,12:48:09,273.85,100,29650
20240202,12:48:11,272.8,300,29650
20240202,12:48:13,275.15,100,29650
20240202,12:48:14,275.9,250,29650
20240202,12:48:16,273.65,50,29650
20240202,12:48:18,275.0,650,29650
20240202,12:48:19,274.5,150,29650
20240202,12:48:43,278.85,600,29650
20240202,12:48:58,276.35,100,29650
20240202,12:48:59,276.25,100,29650
20240202,12:49:06,276.05,50,29650
20240202,12:49:09,277.2,250,29650
20240202,12:49:17,282.95,150,29650
20240202,12:49:39,279.35,50,29650
20240202,12:49:43,282.0,50,29650
20240202,12:49:46,283.45,100,29650
20240202,12:49:54,280.5,450,29650
20240202,12:50:04,280.05,50,29650
20240202,12:50:06,280.65,50,29650
20240202,12:50:14,285.0,50,29650
20240202,12:50:21,286.45,350,29650
20240202,12:50:23,289.1,50,29650
20240202,12:50:36,293.3,50,29650
20240202,12:50:41,288.5,300,29650
20240202,12:50:43,288.85,50,29450
20240202,12:50:44,289.05,100,29450
20240202,12:50:59,284.45,50,29450
20240202,12:51:35,274.85,100,29450
20240202,12:51:43,276.95,50,29450
20240202,12:51:45,274.65,100,29450
20240202,12:51:50,272.35,450,29450
20240202,12:51:53,271.9,350,29450
20240202,12:51:58,271.45,200,29450
20240202,12:52:05,270.95,50,29450
20240202,12:52:25,273.9,150,29450
20240202,12:53:18,267.4,250,29450
20240202,12:53:22,268.25,50,29450
20240202,12:53:35,266.0,200,29450
20240202,12:53:37,266.7,350,29450
20240202,12:53:55,272.1,200,29650
20240202,12:54:03,269.1,50,29650
20240202,12:54:15,265.1,50,29650
20240202,12:55:37,268.8,150,29650
20240202,12:56:18,266.15,1050,29650
20240202,12:56:23,262.45,50,29650
20240202,12:56:40,264.7,100,29650
20240202,12:56:53,269.45,50,29650
20240202,12:56:57,268.6,150,29400
20240202,12:57:00,267.9,100,29400
20240202,12:57:02,267.75,150,29400
20240202,12:57:07,266.7,50,29400
20240202,12:57:15,265.8,450,29400
20240202,12:57:17,266.15,500,29400
20240202,12:57:30,266.2,50,29400
20240202,12:58:01,262.85,150,29400
20240202,12:58:08,263.55,150,29400
20240202,12:58:10,263.8,100,29400
20240202,12:58:32,270.55,50,29400
20240202,12:59:28,273.1,400,29400
20240202,12:59:45,271.25,50,29200
20240202,13:00:10,279.6,100,29200
20240202,13:00:33,278.2,50,29200
20240202,13:01:55,267.8,100,29200
20240202,13:03:05,264.25,100,29100
20240202,13:03:40,264.0,450,29100
20240202,13:03:57,261.3,50,29100
20240202,13:04:25,263.45,100,29100
20240202,13:06:00,272.4,150,28850
20240202,13:06:02,272.05,200,28850
20240202,13:06:17,274.65,250,28850
20240202,13:07:29,265.65,100,28850
20240202,13:09:39,278.7,300,28850
20240202,13:09:54,278.65,50,28800
20240202,13:10:04,275.8,150,28800
20240202,13:10:06,274.75,50,28800
20240202,13:11:19,276.75,150,28800
20240202,13:11:37,276.45,50,28800
20240202,13:12:36,285.0,150,29200
20240202,13:12:44,280.65,600,29200
20240202,13:12:49,281.0,50,29200
20240202,13:13:14,285.0,150,29200
20240202,13:13:47,288.6,200,29200
20240202,13:13:52,290.85,850,29200
20240202,13:14:01,292.75,50,29200
20240202,13:14:02,289.9,50,29200
20240202,13:14:07,289.95,100,29200
20240202,13:14:11,292.0,100,29200
20240202,13:14:27,293.65,200,29200
20240202,13:15:01,300.0,200,29850
20240202,13:15:04,302.45,50,29850
20240202,13:15:18,306.85,150,29850
20240202,13:15:23,307.15,200,29850
20240202,13:15:24,307.25,150,29850
20240202,13:15:28,306.0,50,29850
20240202,13:15:34,310.25,1500,29850
20240202,13:15:44,312.9,50,29850
20240202,13:16:01,312.35,100,29850
20240202,13:16:06,313.75,150,29850
20240202,13:16:38,300.0,100,29850
20240202,13:17:06,291.5,150,29850
20240202,13:17:13,295.05,50,29850
20240202,13:17:18,297.7,200,29850
20240202,13:17:59,297.8,300,28250
20240202,13:19:59,295.0,200,28250
20240202,13:20:16,298.5,150,28250
20240202,13:20:26,298.5,50,28250
20240202,13:20:29,297.75,350,28250
20240202,13:21:04,303.7,50,28400
20240202,13:21:14,300.6,250,28400
20240202,13:21:22,300.5,250,28400
20240202,13:21:31,301.7,200,28400
20240202,13:21:32,301.75,50,28400
20240202,13:21:44,305.0,50,28400
20240202,13:22:07,305.35,100,28400
20240202,13:23:14,301.6,100,28400
20240202,13:23:24,306.0,50,28400
20240202,13:24:04,307.25,50,28400
20240202,13:24:19,309.6,150,28650
20240202,13:24:40,311.25,350,28650
20240202,13:25:52,323.05,150,28650
20240202,13:25:54,326.7,50,28650
20240202,13:26:02,328.95,400,28650
20240202,13:26:04,326.7,350,28650
20240202,13:26:05,324.75,150,28650
20240202,13:26:07,324.7,50,28650
20240202,13:26:12,322.0,50,28650
20240202,13:26:15,320.8,200,28650
20240202,13:26:27,314.4,50,28650
20240202,13:27:04,315.2,450,29400
20240202,13:27:17,318.0,100,29400
20240202,13:27:25,316.6,50,29400
20240202,13:27:30,318.3,50,29400
20240202,13:28:37,308.35,200,29400
20240202,13:28:54,308.8,150,29400
20240202,13:29:32,302.6,650,29400
20240202,13:29:39,304.85,100,29400
20240202,13:29:50,303.25,50,29250
20240202,13:31:01,306.4,250,29250
20240202,13:31:41,313.5,50,29250
20240202,13:31:44,316.45,1050,29250
20240202,13:31:56,316.8,150,29250
20240202,13:32:07,314.6,150,29250
20240202,13:32:22,314.4,150,29250
20240202,13:33:26,313.15,500,30700
20240202,13:34:17,310.5,350,30700
20240202,13:34:31,310.45,50,30700
20240202,13:35:47,303.2,100,30700
20240202,13:36:07,305.0,500,31500
20240202,13:36:09,305.05,250,31500
20240202,13:36:14,305.6,150,31500
20240202,13:36:22,305.05,100,31500
20240202,13:36:32,307.5,300,31500
20240202,13:37:34,301.2,50,31500
20240202,13:38:05,295.35,100,31500
20240202,13:38:17,296.25,50,31500
20240202,13:38:48,291.6,50,31500
20240202,13:39:56,286.0,50,31150
20240202,13:40:03,286.75,50,31150
20240202,13:40:16,287.55,50,31150
20240202,13:40:23,291.6,50,31150
20240202,13:41:04,297.05,100,31150
20240202,13:41:13,299.65,50,31150
20240202,13:42:43,300.6,150,31100
20240202,13:46:58,288.75,100,30950
20240202,13:47:18,290.75,300,30950
20240202,13:47:36,294.7,200,30950
20240202,13:50:16,300.0,100,31400
20240202,13:50:58,304.9,50,31400
20240202,13:51:10,303.4,50,31400
20240202,13:53:36,291.5,250,31400
20240202,13:53:53,288.0,50,31700
20240202,13:53:56,288.0,50,31700
20240202,13:54:02,288.2,1000,31700
20240202,13:57:08,288.2,50,31700
20240202,13:57:50,285.65,50,32800
20240202,13:58:02,285.2,50,32800
20240202,13:59:24,282.0,450,32800
20240202,14:00:29,288.9,100,32850
20240202,14:00:52,288.9,50,32850
20240202,14:01:19,288.75,150,32850
20240202,14:06:14,274.55,50,32900
20240202,14:06:24,275.75,100,32900
20240202,14:06:30,275.85,50,32900
20240202,14:07:01,273.85,50,32900
20240202,14:08:20,273.5,50,32900
20240202,14:09:02,268.35,100,32600
20240202,14:09:12,267.65,50,32600
20240202,14:14:10,274.45,300,32600
20240202,14:14:41,269.9,100,32600
20240202,14:17:40,265.3,500,32550
20240202,14:18:02,267.25,200,32550
20240202,14:19:24,277.9,350,32500
20240202,14:19:57,276.9,50,32500
20240202,14:20:24,273.0,150,32500
20240202,14:23:57,276.05,50,32500
20240202,14:24:19,276.1,600,32850
20240202,14:24:24,275.75,100,32850
20240202,14:25:26,266.95,100,32850
20240202,14:28:43,281.45,50,32900
20240202,14:29:39,283.75,50,32900
20240202,14:30:28,280.55,100,32900
20240202,14:31:21,275.1,100,32900
20240202,14:32:18,280.55,100,32900
20240202,14:32:21,282.6,100,32900
20240202,14:32:28,282.6,150,32900
20240202,14:32:29,285.0,100,32900
20240202,14:33:23,277.55,100,32650
20240202,14:34:06,282.55,150,32650
20240202,14:34:20,281.0,50,32650
20240202,14:34:23,281.65,100,32650
20240202,14:35:06,274.85,150,32650
20240202,14:35:26,279.4,100,32650
20240202,14:36:23,273.95,100,32600
20240202,14:36:46,273.0,50,32600
20240202,14:37:21,266.3,100,32600
20240202,14:45:07,260.45,250,32600
20240202,14:46:59,262.5,150,32600
20240202,14:48:25,262.55,50,32450
20240202,14:48:48,261.4,50,32450
20240202,14:51:12,273.0,100,32450
20240202,14:52:04,274.45,150,32450
20240202,14:52:05,273.0,50,32450
20240202,14:52:27,271.85,50,32450
20240202,14:52:47,275.6,450,32450
20240202,14:52:57,280.5,100,32450
20240202,14:53:00,281.25,150,32450
20240202,14:53:26,280.9,50,32450
20240202,14:53:42,284.45,50,32450
20240202,14:53:44,286.8,350,32450
20240202,14:54:26,281.65,150,32050
20240202,14:54:36,283.5,150,32050
20240202,14:55:00,286.8,150,32050
20240202,14:56:14,292.65,50,32050
20240202,14:56:17,295.35,50,32050
20240202,14:56:21,294.5,50,32050
20240202,14:56:27,300.0,100,32050
20240202,14:56:41,301.0,50,32050
20240202,14:56:49,304.1,50,32050
20240202,14:56:56,306.5,50,32050
20240202,14:57:10,309.6,150,31450
20240202,14:57:15,305.7,50,31450
20240202,14:57:52,311.85,50,31450
20240202,14:58:14,313.75,50,31450
20240202,14:58:44,306.9,50,31450
20240202,14:59:01,314.75,150,31450
20240202,14:59:39,311.45,150,31450
20240202,14:59:41,309.85,200,31450
20240202,15:00:01,303.3,100,31250
20240202,15:00:07,302.7,50,31250
20240202,15:00:26,288.9,200,31250
20240202,15:00:41,291.25,50,31250
20240202,15:00:46,295.3,300,31250
20240202,15:01:02,294.75,50,31250
20240202,15:01:06,294.9,50,31250
20240202,15:01:07,293.4,500,31250
20240202,15:01:27,292.75,350,31250
20240202,15:01:29,294.5,100,31250
20240202,15:02:41,307.75,250,31250
20240202,15:04:32,311.2,150,30500
20240202,15:05:33,308.65,100,30500
20240202,15:05:40,304.8,100,30500
20240202,15:06:02,302.0,50,30600
20240202,15:06:18,298.5,150,30600
20240202,15:06:22,298.3,50,30600
20240202,15:06:40,292.8,500,30600
20240202,15:06:43,293.25,150,30600
20240202,15:07:08,291.7,700,30600
20240202,15:07:11,290.25,150,30600
20240202,15:08:01,292.8,350,30600
20240202,15:08:06,292.75,50,30600
20240202,15:08:18,295.3,100,30600
20240202,15:08:23,296.15,50,30600
20240202,15:09:05,295.5,150,29650
20240202,15:09:26,291.75,150,29650
20240202,15:09:31,290.2,150,29650
20240202,15:11:40,291.0,150,29650
20240202,15:12:24,292.8,50,29500
20240202,15:12:34,295.3,800,29500
20240202,15:12:46,295.55,100,29500
20240202,15:13:11,296.95,500,29500
20240202,15:13:22,300.25,50,29500
20240202,15:13:30,302.4,150,29500
20240202,15:13:50,298.65,50,29500
20240202,15:14:03,297.7,250,29500
20240202,15:14:05,297.8,100,29500
20240202,15:14:06,296.65,250,29500
20240202,15:14:08,296.1,200,29500
20240202,15:14:10,296.8,250,29500
20240202,15:14:23,297.1,150,29500
20240202,15:14:24,297.5,100,29500
20240202,15:14:29,299.9,150,29500
20240202,15:14:31,299.9,50,29500
20240202,15:14:36,301.1,150,29500
20240202,15:14:57,300.9,50,29500
20240202,15:18:25,305.0,100,28300
20240202,15:18:36,306.4,150,28300
20240202,15:19:10,304.6,450,28300
20240202,15:19:59,306.6,100,28300
20240202,15:20:00,307.6,100,28300
20240202,15:20:02,306.7,150,28300
20240202,15:20:05,308.5,550,28300
20240202,15:20:06,307.9,200,28300
20240202,15:20:08,308.8,250,28300
20240202,15:20:10,308.75,400,28300
20240202,15:20:11,308.5,200,28300
20240202,15:20:13,307.5,400,28300
20240202,15:20:15,307.0,400,28300
20240202,15:20:16,307.15,50,28300
20240202,15:20:18,307.3,200,28300
20240202,15:20:20,306.45,400,28300
20240202,15:20:21,306.75,100,28300
20240202,15:20:23,306.85,150,28300
20240202,15:20:54,305.05,50,28300
20240202,15:21:23,305.45,50,26850
20240202,15:21:39,306.4,250,26850
20240202,15:22:01,307.15,150,26850
20240202,15:22:02,308.5,50,26850
20240202,15:22:34,306.4,50,26850
20240202,15:23:18,304.45,150,26850
20240202,15:23:19,304.75,150,26850
20240202,15:24:14,305.8,50,26550
20240202,15:25:06,306.95,450,26550
20240202,15:26:01,305.5,450,26550
20240202,15:26:04,305.65,50,26550
20240202,15:27:11,301.85,100,25750
20240202,15:27:12,301.85,150,25750
20240202,15:27:19,299.45,300,25750
20240202,15:27:20,299.35,150,25750
20240202,15:27:27,298.8,100,25750
20240202,15:27:32,298.35,50,25750
20240202,15:27:56,300.0,100,25750
20240202,15:28:28,300.55,50,25750
20240202,15:29:43,298.15,200,25750
20240202,15:29:46,299.75,50,25750
20240205,09:15:13,326.45,1,25950
20240205,09:15:13,326.45,50,25950
20240205,09:15:18,319.85,50,25950
20240205,09:15:24,319.85,150,25950
20240205,09:15:31,322.3,450,25950
20240205,09:15:34,326.8,350,25950
20240205,09:15:56,326.8,750,25950
20240205,09:16:01,319.25,550,25950
20240205,09:16:02,315.8,450,25950
20240205,09:16:04,315.3,800,25950
20240205,09:16:11,309.6,350,27000
20240205,09:16:19,309.6,1900,27000
20240205,09:16:21,318.3,800,27000
20240205,09:16:22,321.85,400,27000
20240205,09:16:27,323.9,700,27000
20240205,09:16:29,323.45,550,27000
20240205,09:16:32,321.8,200,27000
20240205,09:16:34,321.6,350,27000
20240205,09:16:41,317.5,350,27000
20240205,09:16:43,317.85,50,27000
20240205,09:16:51,318.3,350,27000
20240205,09:17:01,321.5,100,27000
20240205,09:17:02,321.8,350,27000
20240205,09:17:04,319.3,200,27000
20240205,09:17:21,315.5,550,27000
20240205,09:17:24,318.7,250,27000
20240205,09:17:26,318.7,100,27000
20240205,09:17:27,317.1,750,27000
20240205,09:17:34,316.4,350,27000
20240205,09:17:36,315.9,350,27000
20240205,09:17:37,318.5,400,27000
20240205,09:17:47,321.1,350,27000
20240205,09:17:52,325.9,250,27000
20240205,09:17:55,325.6,350,27000
20240205,09:18:08,327.5,50,27000
20240205,09:18:24,328.0,750,27000
20240205,09:18:38,328.0,50,27000
20240205,09:18:39,322.75,100,27000
20240205,09:18:58,330.5,50,27000
20240205,09:19:03,332.1,450,27000
20240205,09:19:20,336.1,50,27000
20240205,09:19:26,336.1,450,24450
20240205,09:19:33,335.2,50,24450
20240205,09:19:55,333.25,100,24450
20240205,09:20:18,329.5,350,24450
20240205,09:20:33,324.65,50,24450
20240205,09:20:35,324.1,350,24450
20240205,09:20:36,325.4,350,24450
20240205,09:20:46,321.15,50,24450
20240205,09:20:48,320.5,300,24450
20240205,09:20:51,321.3,350,24450
20240205,09:20:53,322.15,50,24450
20240205,09:21:00,325.85,50,24450
20240205,09:21:09,319.1,50,24450
20240205,09:21:14,318.5,250,24450
20240205,09:21:16,319.4,400,24450
20240205,09:21:33,325.55,100,24450
20240205,09:21:43,328.3,150,24450
20240205,09:21:46,329.7,550,24450
20240205,09:21:48,331.5,400,24450
20240205,09:21:49,331.6,350,24450
20240205,09:21:51,332.7,250,24450
20240205,09:21:54,333.4,700,24450
20240205,09:21:58,332.35,900,24450
20240205,09:22:01,331.4,100,24450
20240205,09:22:08,327.45,400,24450
20240205,09:22:18,331.5,100,24450
20240205,09:22:28,331.7,50,26800
20240205,09:22:31,331.5,100,26800
20240205,09:22:33,331.75,450,26800
20240205,09:22:34,333.85,50,26800
20240205,09:22:41,330.6,450,26800
20240205,09:22:48,329.0,700,26800
20240205,09:22:49,330.65,100,26800
20240205,09:23:01,332.4,50,26800
20240205,09:23:16,328.3,500,26800
20240205,09:23:18,328.85,650,26800
20240205,09:23:21,325.65,100,26800
20240205,09:23:38,320.6,50,26800
20240205,09:23:48,319.45,650,26800
20240205,09:23:51,318.9,350,26800
20240205,09:23:55,317.65,50,26800
20240205,09:24:03,318.85,400,26800
20240205,09:24:11,318.1,50,26800
20240205,09:24:15,319.4,100,26800
20240205,09:24:20,318.0,750,26800
20240205,09:24:25,318.05,50,26800
20240205,09:24:28,316.55,50,26800
20240205,09:24:41,316.45,50,26800
20240205,09:24:48,315.2,350,26800
20240205,09:24:55,311.1,450,26800
20240205,09:25:01,308.4,350,26800
20240205,09:25:11,308.0,100,26800
20240205,09:25:13,307.4,100,28150
20240205,09:25:18,306.6,850,28150
20240205,09:25:38,308.0,350,28150
20240205,09:25:42,310.0,50,28150
20240205,09:25:43,310.4,950,28150
20240205,09:25:52,305.0,150,28150
20240205,09:25:53,303.4,150,28150
20240205,09:26:03,299.7,100,28150
20240205,09:26:05,299.7,700,28150
20240205,09:26:06,300.8,50,28150
20240205,09:26:13,300.0,350,28150
20240205,09:26:16,300.0,150,28150
20240205,09:26:20,298.7,350,28150
20240205,09:26:25,295.2,50,28150
20240205,09:26:30,294.3,400,28150
20240205,09:26:38,294.3,250,28150
20240205,09:26:41,297.9,400,28150
20240205,09:27:01,292.4,200,28150
20240205,09:27:03,291.6,300,28150
20240205,09:27:06,291.6,50,28150
20240205,09:27:16,294.1,350,28150
20240205,09:27:18,292.8,50,28150
20240205,09:27:47,295.4,150,28150
20240205,09:28:07,297.55,50,28150
20240205,09:28:23,297.15,50,27200
20240205,09:28:25,297.3,50,27200
20240205,09:28:38,302.0,50,27200
20240205,09:28:43,301.0,350,27200
20240205,09:28:53,304.4,100,27200
20240205,09:29:15,300.0,50,27200
20240205,09:29:35,298.95,600,27200
20240205,09:30:02,296.1,450,27200
20240205,09:30:03,298.55,600,27200
20240205,09:30:23,305.45,50,27200
20240205,09:30:35,311.25,650,27200
20240205,09:30:37,312.6,100,27200
20240205,09:30:42,312.5,350,27200
20240205,09:30:45,313.85,400,27200
20240205,09:30:47,314.45,1550,27200
20240205,09:30:48,313.8,350,27200
20240205,09:30:52,315.85,50,27200
20240205,09:30:53,313.0,350,27200
20240205,09:31:23,310.4,50,26050
20240205,09:31:25,310.85,50,26050
20240205,09:32:02,305.65,50,26050
20240205,09:32:03,305.65,50,26050
20240205,09:33:07,320.8,350,26050
20240205,09:33:15,321.9,150,26050
20240205,09:33:17,320.9,350,26050
20240205,09:33:18,320.8,100,26050
20240205,09:33:30,318.6,50,26050
20240205,09:33:43,313.95,50,26050
20240205,09:33:47,311.85,100,26050
20240205,09:33:48,312.4,350,26050
20240205,09:33:50,314.2,350,26050
20240205,09:33:55,314.4,350,26050
20240205,09:33:58,314.4,350,26050
20240205,09:34:00,315.75,650,26050
20240205,09:34:02,315.6,350,26050
20240205,09:34:03,316.75,600,26050
20240205,09:34:10,318.75,450,26050
20240205,09:34:17,317.9,50,27400
20240205,09:34:20,317.75,150,27400
20240205,09:34:33,318.1,700,27400
20240205,09:34:35,319.85,50,27400
20240205,09:34:38,319.7,250,27400
20240205,09:34:43,321.6,350,27400
20240205,09:35:05,321.9,350,27400
20240205,09:35:07,320.8,200,27400
20240205,09:35:15,321.6,150,27400
20240205,09:35:17,323.9,100,27400
20240205,09:35:27,321.05,600,27400
20240205,09:35:33,318.9,400,27400
20240205,09:35:37,318.0,350,27400
20240205,09:35:50,317.55,50,27400
20240205,09:35:53,315.3,350,27400
20240205,09:36:02,314.6,150,27400
20240205,09:36:07,317.65,50,27400
20240205,09:36:08,318.35,350,27400
20240205,09:36:12,321.2,350,27400
20240205,09:36:17,319.6,300,27400
20240205,09:36:22,319.5,350,27400
20240205,09:37:08,314.4,50,27400
20240205,09:37:28,313.6,150,26400
20240205,09:38:05,307.3,350,26400
20240205,09:38:08,307.4,100,26400
20240205,09:38:12,308.8,150,26400
20240205,09:38:23,306.0,350,26400
20240205,09:38:27,305.3,350,26400
20240205,09:38:52,305.4,50,26400
20240205,09:39:03,305.7,350,26400
20240205,09:40:05,299.05,50,26400
20240205,09:40:47,297.85,100,26300
20240205,09:40:54,298.9,200,26300
20240205,09:40:55,297.5,50,26300
20240205,09:41:20,302.1,200,26300
20240205,09:41:25,302.4,100,26300
20240205,09:41:42,307.5,350,26300
20240205,09:42:20,307.8,300,26300
20240205,09:44:39,307.2,350,26300
20240205,09:44:40,307.3,50,26300
20240205,09:44:49,308.0,50,26300
20240205,09:44:50,307.45,150,26300
20240205,09:45:12,309.9,350,26300
20240205,09:45:21,309.5,50,26300
20240205,09:45:24,308.6,350,26300
20240205,09:45:29,306.3,350,26300
20240205,09:46:01,303.1,50,26300
20240205,09:46:04,303.3,50,26300
20240205,09:46:06,302.8,150,26300
20240205,09:47:03,299.6,350,25750
20240205,09:48:13,295.0,150,25750
20240205,09:48:20,292.4,50,25750
20240205,09:48:21,293.0,300,25750
20240205,09:48:31,290.0,300,25750
20240205,09:48:36,287.7,50,25750
20240205,09:48:41,287.7,300,25750
20240205,09:48:51,291.6,100,25750
20240205,09:49:00,289.4,250,25750
20240205,09:49:08,288.35,600,25750
20240205,09:49:21,289.15,300,26300
20240205,09:50:06,282.0,250,26300
20240205,09:50:09,282.0,50,26300
20240205,09:50:11,286.0,400,26300
20240205,09:50:36,280.35,300,26300
20240205,09:50:38,280.35,300,26300
20240205,09:50:48,281.1,600,26300
20240205,09:50:53,278.5,50,26300
20240205,09:51:05,277.4,50,26300
20240205,09:51:06,277.4,350,26300
20240205,09:51:21,279.6,850,26300
20240205,09:51:31,278.4,350,26300
20240205,09:51:35,278.25,350,26300
20240205,09:51:38,279.55,50,26300
20240205,09:51:43,280.1,1000,26300
20240205,09:51:46,279.8,50,26300
20240205,09:51:53,277.6,250,26300
20240205,09:52:06,279.95,350,26300
20240205,09:52:08,279.3,350,26300
20240205,09:52:19,278.3,350,23550
20240205,09:52:28,275.15,600,23550
20240205,09:52:39,274.45,100,23550
20240205,09:53:02,270.4,300,23550
20240205,09:53:04,271.4,50,23550
20240205,09:53:11,271.15,600,23550
20240205,09:53:17,269.75,350,23550
20240205,09:53:19,268.3,200,23550
20240205,09:53:27,268.3,50,23550
20240205,09:53:36,270.1,250,23550
20240205,09:53:46,276.7,350,23550
20240205,09:53:47,275.55,600,23550
20240205,09:54:06,273.05,50,23550
20240205,09:54:31,276.4,50,23550
20240205,09:54:33,274.8,350,23550
20240205,09:54:36,273.5,50,23550
20240205,09:54:45,271.9,350,23550
20240205,09:54:48,272.5,50,23550
20240205,09:54:51,273.3,350,23550
20240205,09:54:53,273.3,300,23550
20240205,09:55:17,277.2,600,21150
20240205,09:55:20,274.7,50,21150
20240205,09:55:22,275.5,350,21150
20240205,09:55:35,279.9,200,21150
20240205,09:55:40,277.8,250,21150
20240205,09:56:00,280.7,200,21150
20240205,09:56:02,281.4,50,21150
20240205,09:56:14,277.5,50,21150
20240205,09:56:15,276.3,100,21150
20240205,09:56:22,276.1,50,21150
20240205,09:56:24,276.5,100,21150
20240205,09:57:02,280.25,450,21150
20240205,09:57:10,282.0,250,21150
20240205,09:58:03,280.7,150,21150
20240205,09:58:17,278.0,50,20500
20240205,09:58:25,277.6,50,20500
20240205,10:00:05,277.35,50,20500
20240205,10:01:52,274.4,350,20500
20240205,10:02:02,272.7,700,20500
20240205,10:02:05,273.4,350,20500
20240205,10:02:29,276.2,50,20500
20240205,10:02:39,278.75,600,20500
20240205,10:02:42,278.6,100,20500
20240205,10:03:02,280.25,50,20500
20240205,10:03:06,281.7,100,20500
20240205,10:03:09,283.35,100,20500
20240205,10:03:11,284.55,50,20500
20240205,10:03:21,283.6,350,20500
20240205,10:03:27,286.5,50,20500
20240205,10:03:35,284.95,200,20500
20240205,10:03:54,284.8,350,20500
20240205,10:04:18,287.9,150,19450
20240205,10:04:20,288.8,50,19450
20240205,10:04:23,289.65,550,19450
20240205,10:04:32,289.2,200,19450
20240205,10:05:25,288.9,300,19450
20240205,10:05:44,284.8,350,19450
20240205,10:05:49,284.0,350,19450
20240205,10:05:52,284.9,100,19450
20240205,10:06:09,283.25,250,19450
20240205,10:06:30,292.45,50,19450
20240205,10:07:24,285.3,350,18600
20240205,10:07:56,283.8,50,18600
20240205,10:08:05,282.6,350,18600
20240205,10:08:22,283.05,350,18600
20240205,10:08:27,284.4,50,18600
20240205,10:09:20,278.0,50,18600
20240205,10:10:02,281.75,50,18600
20240205,10:10:14,279.95,600,18600
20240205,10:10:17,280.1,50,18050
20240205,10:10:26,278.0,50,18050
20240205,10:11:28,284.2,350,18050
20240205,10:12:08,287.25,50,18050
20240205,10:12:23,288.0,50,18050
20240205,10:12:32,288.9,350,18050
20240205,10:13:12,285.9,200,18050
20240205,10:14:22,288.1,350,17900
20240205,10:14:40,289.2,100,17900
20240205,10:15:28,288.5,1000,17900
20240205,10:16:25,286.1,450,18350
20240205,10:16:29,287.0,350,18350
20240205,10:17:00,291.65,50,18350
20240205,10:17:15,293.35,50,18350
20240205,10:17:16,293.25,50,18350
20240205,10:17:21,297.3,100,18350
20240205,10:17:25,301.0,700,18350
20240205,10:17:28,298.6,950,18350
20240205,10:17:30,299.25,150,18350
20240205,10:17:31,299.7,150,18350
20240205,10:17:38,304.4,500,18350
20240205,10:17:41,303.2,200,18350
20240205,10:17:43,302.6,50,18350
20240205,10:17:46,305.2,100,18350
20240205,10:17:48,306.5,1250,18350
20240205,10:17:49,307.7,350,18350
20240205,10:17:59,307.6,350,18350
20240205,10:18:01,310.0,50,18350
20240205,10:18:04,310.3,350,18350
20240205,10:18:09,311.7,300,18350
20240205,10:18:14,312.2,100,18350
20240205,10:18:29,321.8,250,18350
20240205,10:18:36,317.95,200,18350
20240205,10:18:41,317.7,400,18350
20240205,10:18:46,320.6,350,18350
20240205,10:18:49,320.1,100,18350
20240205,10:19:04,328.95,50,18350
20240205,10:19:06,330.0,50,18350
20240205,10:19:12,325.1,200,18350
20240205,10:19:14,325.8,350,18350
20240205,10:19:21,330.6,50,16800
20240205,10:19:24,330.7,350,16800
20240205,10:19:27,332.5,50,16800
20240205,10:19:29,335.0,50,16800
20240205,10:19:31,333.9,350,16800
20240205,10:19:37,334.9,350,16800
20240205,10:19:39,334.1,350,16800
20240205,10:19:41,333.0,300,16800
20240205,10:19:44,331.0,350,16800
20240205,10:19:46,331.6,700,16800
20240205,10:19:47,329.4,50,16800
20240205,10:19:51,329.0,350,16800
20240205,10:19:56,333.55,50,16800
20240205,10:20:02,333.25,50,16800
20240205,10:20:16,339.05,50,16800
20240205,10:20:24,339.05,100,16800
20240205,10:20:26,328.8,100,16800
20240205,10:20:36,328.5,350,16800
20240205,10:20:37,327.05,100,16800
20240205,10:20:39,326.1,400,16800
20240205,10:20:41,324.0,550,16800
20240205,10:20:46,325.6,350,16800
20240205,10:20:48,326.2,50,16800
20240205,10:20:54,325.05,250,16800
20240205,10:21:06,335.0,350,16800
20240205,10:21:09,337.5,50,16800
20240205,10:21:11,335.0,950,16800
20240205,10:21:17,339.9,350,16800
20240205,10:21:22,341.45,100,16800
20240205,10:21:24,341.45,450,16800
20240205,10:21:26,338.4,1100,16800
20240205,10:21:27,338.5,700,16800
20240205,10:21:37,340.2,50,16800
20240205,10:21:46,341.45,600,16800
20240205,10:21:52,338.3,50,16800
20240205,10:21:56,337.2,100,16800
20240205,10:21:59,341.5,150,16800
20240205,10:22:09,341.5,550,16800
20240205,10:22:17,331.5,150,16800
20240205,10:22:58,330.65,100,16800
20240205,10:23:03,332.0,450,20000
20240205,10:23:34,332.3,250,20000
20240205,10:23:51,333.0,350,20000
20240205,10:23:58,330.65,150,20000
20240205,10:24:04,328.4,300,20000
20240205,10:24:13,327.85,300,20000
20240205,10:24:18,327.2,50,20000
20240205,10:24:34,324.7,50,20000
20240205,10:24:43,322.15,150,20000
20240205,10:25:01,322.85,50,20000
20240205,10:25:03,320.0,250,20000
20240205,10:25:25,325.0,50,19850
20240205,10:25:58,318.55,150,19850
20240205,10:26:00,318.0,50,19850
20240205,10:26:05,316.7,50,19850
20240205,10:26:06,316.8,50,19850
20240205,10:26:10,318.4,100,19850
20240205,10:26:38,320.0,200,19850
20240205,10:27:00,319.6,50,19850
20240205,10:27:03,318.6,1000,19850
20240205,10:27:14,315.1,50,19850
20240205,10:27:19,316.45,100,19850
20240205,10:27:33,319.05,100,19850
20240205,10:27:59,321.0,50,19850
20240205,10:28:13,315.85,50,19850
20240205,10:28:58,318.4,100,18900
20240205,10:29:04,317.75,100,18900
20240205,10:30:05,315.05,100,18900
20240205,10:30:06,315.85,50,18900
20240205,10:30:58,319.65,50,18900
20240205,10:31:11,322.15,100,18900
20240205,10:31:36,325.55,100,18900
20240205,10:32:43,322.3,400,18900
20240205,10:32:46,325.65,150,18900
20240205,10:33:00,327.5,50,18900
20240205,10:34:17,325.0,150,18900
20240205,10:34:25,326.7,50,18850
20240205,10:34:35,326.5,50,18850
20240205,10:35:02,325.4,150,18850
20240205,10:35:05,325.5,100,18850
20240205,10:37:00,319.15,100,18850
20240205,10:37:04,319.2,50,18850
20240205,10:37:53,315.25,150,19000
20240205,10:38:38,315.35,50,19000
20240205,10:39:23,309.75,100,19000
20240205,10:39:26,310.55,50,19000
20240205,10:39:27,312.05,50,19000
20240205,10:40:04,313.35,50,19000
20240205,10:40:24,311.15,50,18900
20240205,10:40:42,312.55,450,18900
20240205,10:41:54,311.95,50,18900
20240205,10:42:05,309.3,50,18900
20240205,10:43:01,309.75,50,18900
20240205,10:43:09,308.0,50,18900
20240205,10:43:12,309.15,100,18900
20240205,10:43:16,305.6,100,18900
20240205,10:43:44,301.95,50,18900
20240205,10:44:25,298.75,50,18700
20240205,10:44:37,298.4,250,18700
20240205,10:44:39,297.4,350,18700
20240205,10:45:02,293.6,50,18700
20240205,10:45:03,293.95,50,18700
20240205,10:45:08,294.9,200,18700
20240205,10:45:13,297.4,50,18700
20240205,10:45:32,290.95,50,18700
20240205,10:45:35,292.75,50,18700
20240205,10:45:38,293.85,200,18700
20240205,10:45:55,289.45,50,18700
20240205,10:46:03,291.15,150,18700
20240205,10:46:41,289.85,50,18050
20240205,10:46:48,289.3,50,18050
20240205,10:46:56,288.6,250,18050
20240205,10:47:00,291.3,600,18050
20240205,10:48:27,297.25,150,18050
20240205,10:49:09,294.8,150,18050
20240205,10:49:41,295.9,250,18500
20240205,10:50:24,294.75,100,18500
20240205,10:51:48,303.2,50,18500
20240205,10:52:01,305.6,50,18500
20240205,10:52:03,305.6,50,18500
20240205,10:52:06,305.6,50,18500
20240205,10:52:45,304.95,50,18550
20240205,10:53:17,299.55,600,18550
20240205,10:53:22,299.05,150,18550
20240205,10:53:39,295.95,50,18550
20240205,10:53:49,293.4,100,18550
20240205,10:54:11,294.7,100,18550
20240205,10:54:47,299.05,100,18550
20240205,10:55:36,291.35,600,18550
20240205,10:56:04,294.25,100,18550
20240205,10:56:21,296.35,50,18550
20240205,10:56:52,294.3,50,18550
20240205,10:58:25,294.05,150,18700
20240205,10:58:33,295.15,50,18700
20240205,10:59:01,294.75,50,18700
20240205,10:59:03,295.5,50,18700
20240205,10:59:19,298.35,50,18700
20240205,11:01:02,297.1,50,18700
20240205,11:03:20,288.95,100,18550
20240205,11:04:26,295.75,50,18550
20240205,11:05:28,297.75,50,18550
20240205,11:06:17,299.75,100,18650
20240205,11:07:07,302.0,100,18650
20240205,11:07:16,301.8,50,18650
20240205,11:08:06,298.4,50,18550
20240205,11:08:07,300.6,750,18550
20240205,11:08:09,301.35,800,18550
20240205,11:08:42,304.1,50,18550
20240205,11:08:55,305.0,100,18550
20240205,11:10:10,300.8,100,18550
20240205,11:12:37,292.25,100,18400
20240205,11:13:00,291.55,50,18400
20240205,11:13:26,290.0,150,18400
20240205,11:13:33,287.15,250,18300
20240205,11:13:46,289.5,200,18300
20240205,11:13:55,290.25,50,18300
20240205,11:14:03,290.45,400,18300
20240205,11:14:43,290.95,400,18300
20240205,11:15:03,286.2,200,18300
20240205,11:15:20,287.0,100,18300
20240205,11:16:11,289.15,50,18300
20240205,11:16:30,287.65,150,17950
20240205,11:17:13,286.7,50,17950
20240205,11:17:16,285.0,50,17950
20240205,11:17:18,284.6,600,17950
20240205,11:17:45,283.2,50,17950
20240205,11:17:50,282.55,300,17950
20240205,11:18:47,289.4,1800,17950
20240205,11:18:51,290.7,50,17950
20240205,11:19:00,287.2,450,17950
20240205,11:19:59,292.5,550,17950
20240205,11:20:03,291.75,50,18400
20240205,11:21:17,285.0,50,18400
20240205,11:21:33,286.15,100,18400
20240205,11:23:00,291.45,50,18300
20240205,11:23:48,292.6,350,18300
20240205,11:23:52,294.3,100,18300
20240205,11:25:11,293.6,50,18300
20240205,11:25:43,296.25,50,18700
20240205,11:25:56,293.5,50,18700
20240205,11:26:22,293.95,50,18700
20240205,11:27:18,295.6,50,18700
20240205,11:27:34,298.0,150,18700
20240205,11:27:39,299.5,50,18700
20240205,11:27:44,297.4,400,18700
20240205,11:29:15,291.35,50,18600
20240205,11:30:15,292.65,400,18600
20240205,11:30:40,287.05,50,18600
20240205,11:30:53,290.25,50,18600
20240205,11:31:00,288.85,100,18600
20240205,11:31:28,289.1,350,18600
20240205,11:31:29,289.1,250,18600
20240205,11:32:36,289.65,50,19650
20240205,11:32:41,288.0,50,19650
20240205,11:33:30,286.85,50,19650
20240205,11:33:58,286.0,50,19650
20240205,11:35:03,283.2,50,19350
20240205,11:35:08,283.05,150,19350
20240205,11:35:11,282.0,350,19350
20240205,11:35:18,281.8,200,19350
20240205,11:35:26,285.95,150,19350
20240205,11:37:49,278.8,50,19250
20240205,11:38:03,278.4,50,19250
20240205,11:38:04,278.85,50,19250
20240205,11:38:34,276.1,250,19250
20240205,11:38:37,277.7,100,19250
20240205,11:38:44,276.8,50,19250
20240205,11:39:38,273.95,50,19250
20240205,11:40:25,270.0,250,19250
20240205,11:40:28,269.0,100,19250
20240205,11:40:33,270.95,50,19500
20240205,11:41:44,276.2,100,19500
20240205,11:44:11,280.0,50,19400
20240205,11:44:25,282.75,50,19400
20240205,11:44:32,282.6,50,19400
20240205,11:44:34,282.9,100,19400
20240205,11:44:35,282.65,50,19400
20240205,11:45:04,282.25,50,19400
20240205,11:46:29,288.6,400,19400
20240205,11:46:42,285.2,50,19300
20240205,11:47:13,283.25,900,19300
20240205,11:48:26,284.55,50,19300
20240205,11:49:42,282.55,50,19600
20240205,11:53:08,283.85,750,19650
20240205,11:53:37,281.3,50,19650
20240205,11:54:48,280.9,350,19650
20240205,11:55:01,279.7,50,19650
20240205,11:56:53,279.1,300,19700
20240205,11:57:03,278.0,50,19700
20240205,11:57:44,278.15,250,19700
20240205,11:58:04,277.1,50,19700
20240205,11:59:08,274.45,50,19750
20240205,12:00:05,268.3,50,19750
20240205,12:00:13,267.55,50,19750
20240205,12:00:22,267.55,50,19750
20240205,12:01:12,274.25,50,19750
20240205,12:05:07,284.95,100,19800
20240205,12:05:11,283.9,300,19800
20240205,12:05:56,282.75,50,19800
20240205,12:06:22,286.0,50,19800
20240205,12:06:25,286.0,50,19800
20240205,12:07:57,283.45,50,19650
20240205,12:09:19,289.8,50,19650
20240205,12:09:21,291.0,50,19650
20240205,12:09:33,291.6,150,19650
20240205,12:10:01,286.95,100,19650
20240205,12:10:24,288.2,250,19650
20240205,12:10:26,288.2,350,19650
20240205,12:11:43,284.15,50,20050
20240205,12:11:44,284.6,50,20050
20240205,12:12:04,285.0,2200,20050
20240205,12:13:31,280.3,100,20050
20240205,12:14:07,279.85,300,20000
20240205,12:15:01,276.25,150,20000
20240205,12:15:03,275.45,800,20000
20240205,12:15:04,274.4,50,20000
20240205,12:15:14,274.6,50,20000
20240205,12:15:29,272.35,350,20000
20240205,12:16:19,275.65,50,20000
20240205,12:16:32,274.3,350,20000
20240205,12:17:15,272.1,50,20000
20240205,12:18:11,268.35,50,19250
20240205,12:18:26,266.1,350,19250
20240205,12:18:30,266.1,150,19250
20240205,12:20:01,268.1,150,18850
20240205,12:20:03,267.75,50,18850
20240205,12:20:30,269.8,50,18850
20240205,12:20:35,269.3,50,18850
20240205,12:21:27,269.8,50,18850
20240205,12:21:32,269.35,50,18850
20240205,12:21:38,268.8,50,18850
20240205,12:22:05,265.4,250,18850
20240205,12:22:07,265.0,50,18850
20240205,12:22:08,265.0,150,18850
20240205,12:22:20,265.0,50,18850
20240205,12:22:50,269.5,250,19000
20240205,12:24:18,269.5,50,19000
20240205,12:25:01,270.2,50,19000
20240205,12:25:11,270.8,150,19000
20240205,12:25:13,270.4,150,19000
20240205,12:25:25,272.2,150,19000
20240205,12:26:56,277.15,300,19500
20240205,12:28:13,279.0,50,19500
20240205,12:29:20,281.0,50,19750
20240205,12:29:21,281.4,50,19750
20240205,12:30:01,283.15,100,19750
20240205,12:30:06,284.0,50,19750
20240205,12:30:07,282.6,50,19750
20240205,12:30:29,282.3,50,19750
20240205,12:33:28,289.2,300,19750
20240205,12:33:52,288.9,50,19750
20240205,12:34:23,289.35,50,19750
20240205,12:34:38,290.2,500,20200
20240205,12:35:31,283.95,750,20200
20240205,12:38:23,281.4,300,19150
20240205,12:39:24,284.4,50,19150
20240205,12:43:00,276.95,650,19100
20240205,12:44:37,271.5,100,19600
20240205,12:46:24,275.0,50,19600
20240205,12:48:47,271.85,50,19600
20240205,12:49:21,269.8,50,19600
20240205,12:50:08,269.55,100,19650
20240205,12:51:12,274.5,50,19650
20240205,12:52:18,273.1,50,19650
20240205,12:52:41,270.8,50,19650
20240205,12:53:47,270.4,350,19900
20240205,12:53:52,270.8,100,19900
20240205,12:54:16,271.25,650,19900
20240205,12:54:19,270.6,50,19900
20240205,12:55:01,273.75,150,19900
20240205,12:55:05,273.15,50,19900
20240205,12:55:46,270.25,50,19850
20240205,12:55:56,268.9,50,19850
20240205,12:56:14,271.9,50,19850
20240205,12:56:17,269.45,50,19850
20240205,12:56:53,269.0,50,19850
20240205,12:58:44,266.0,50,20000
20240205,13:00:02,269.45,200,20000
20240205,13:00:10,266.1,150,20000
20240205,13:00:52,267.35,150,20000
20240205,13:03:26,270.9,100,20150
20240205,13:06:52,260.55,250,20150
20240205,13:06:55,260.55,50,20150
20240205,13:07:07,261.1,350,20150
20240205,13:07:08,260.3,350,20150
20240205,13:07:49,257.5,50,19800
20240205,13:07:57,257.5,400,19800
20240205,13:08:36,255.0,50,19800
20240205,13:08:44,255.0,600,19800
20240205,13:08:54,255.85,800,19800
20240205,13:09:02,255.1,150,19800
20240205,13:09:12,255.1,150,19800
20240205,13:09:27,255.95,50,19800
20240205,13:10:03,258.95,100,19800
20240205,13:10:08,258.45,50,19800
20240205,13:10:28,255.95,50,19800
20240205,13:12:08,260.2,50,19650
20240205,13:12:11,261.1,50,19650
20240205,13:14:52,266.05,50,19600
20240205,13:15:05,264.75,50,19600
20240205,13:17:13,265.9,50,19700
20240205,13:17:52,270.15,350,19700
20240205,13:19:16,261.9,50,19700
20240205,13:20:02,260.0,100,19250
20240205,13:21:37,260.0,50,19250
20240205,13:25:03,265.4,50,19400
20240205,13:25:15,265.4,50,19400
20240205,13:25:33,264.35,50,19400
20240205,13:26:45,270.0,150,19400
20240205,13:27:18,268.85,400,19400
20240205,13:27:36,269.5,300,19400
20240205,13:27:44,270.25,550,19400
20240205,13:28:57,275.0,50,19850
20240205,13:29:00,273.75,150,19850
20240205,13:29:20,278.1,50,19850
20240205,13:29:27,276.85,50,19850
20240205,13:29:29,277.05,50,19850
20240205,13:29:36,275.0,400,19850
20240205,13:29:37,276.4,250,19850
20240205,13:30:00,275.75,600,19850
20240205,13:30:27,274.45,50,19850
20240205,13:31:07,274.55,50,19850
20240205,13:33:43,270.55,50,20800
20240205,13:33:45,269.45,50,20800
20240205,13:34:12,266.6,50,20800
20240205,13:35:03,266.55,600,20850
20240205,13:36:43,264.35,50,20850
20240205,13:37:00,263.85,50,20850
20240205,13:37:42,265.0,150,20850
20240205,13:44:23,273.7,100,21350
20240205,13:44:56,274.55,100,21350
20240205,13:45:34,275.2,50,21350
20240205,13:48:00,268.75,50,21200
20240205,13:48:03,268.75,350,21200
20240205,13:48:06,266.95,100,21200
20240205,13:50:53,262.75,350,21250
20240205,13:51:12,263.75,50,21250
20240205,13:51:36,262.3,350,21250
20240205,13:52:15,266.35,50,21250
20240205,13:53:40,262.5,50,21950
20240205,13:54:16,261.1,50,21950
20240205,13:54:44,261.1,100,21950
20240205,13:57:44,265.1,100,22000
20240205,13:58:21,263.0,50,22000
20240205,13:59:13,261.5,50,22150
20240205,13:59:48,259.65,50,22150
20240205,14:01:35,263.4,50,22150
20240205,14:02:08,266.2,100,22150
20240205,14:02:23,265.0,800,22150
20240205,14:04:15,265.0,50,22150
20240205,14:04:32,268.0,800,22150
20240205,14:05:40,268.0,200,22900
20240205,14:06:03,272.0,50,22900
20240205,14:06:08,273.0,100,22900
20240205,14:06:47,276.5,100,22900
20240205,14:06:55,276.2,150,22900
20240205,14:07:07,276.1,100,22900
20240205,14:07:08,277.8,150,22900
20240205,14:07:22,276.7,50,22900
20240205,14:08:15,280.0,150,22600
20240205,14:08:17,280.0,100,22600
20240205,14:08:20,280.6,350,22600
20240205,14:08:53,285.1,100,22600
20240205,14:09:13,285.1,100,22600
20240205,14:09:54,290.0,50,22600
20240205,14:09:56,290.25,50,22600
20240205,14:10:04,290.0,250,22600
20240205,14:10:10,286.7,50,22600
20240205,14:10:19,287.7,50,22600
20240205,14:10:34,291.55,600,22600
20240205,14:10:39,295.0,100,22600
20240205,14:10:45,299.7,150,22600
20240205,14:10:49,300.45,50,22600
20240205,14:10:50,301.55,50,22600
20240205,14:10:54,298.85,50,21400
20240205,14:10:55,298.35,100,21400
20240205,14:10:59,299.1,400,21400
20240205,14:11:00,298.4,50,21400
20240205,14:11:05,297.1,350,21400
20240205,14:11:12,300.3,100,21400
20240205,14:11:20,301.35,50,21400
20240205,14:12:02,301.95,50,21400
20240205,14:12:19,292.5,100,21400
20240205,14:12:25,295.2,400,21400
20240205,14:13:08,291.6,50,21400
20240205,14:13:11,292.25,50,21400
20240205,14:13:44,285.55,50,21400
20240205,14:14:17,280.75,200,22500
20240205,14:14:35,279.3,400,22500
20240205,14:15:22,277.95,50,22500
20240205,14:15:27,278.55,600,22500
20240205,14:16:04,278.4,200,22500
20240205,14:16:20,276.3,50,22500
20240205,14:17:27,272.55,300,22250
20240205,14:19:52,273.35,50,22250
20240205,14:20:17,274.5,350,22300
20240205,14:20:21,273.3,300,22300
20240205,14:21:39,279.8,50,22300
20240205,14:21:56,284.1,50,22300
20240205,14:22:01,282.3,450,22300
20240205,14:22:02,282.3,150,22300
20240205,14:23:26,282.6,300,22600
20240205,14:24:14,287.0,200,22600
20240205,14:25:20,291.85,50,22600
20240205,14:25:22,291.6,50,22600
20240205,14:26:19,290.45,50,22500
20240205,14:26:27,295.0,50,22500
20240205,14:26:38,296.7,50,22500
20240205,14:27:06,298.2,150,22500
20240205,14:27:08,297.9,150,22500
20240205,14:27:29,299.45,50,22500
20240205,14:27:36,300.4,50,22500
20240205,14:27:59,297.85,250,22500
20240205,14:28:01,297.8,50,22500
20240205,14:28:08,297.0,150,22500
20240205,14:28:13,295.35,50,22500
20240205,14:28:18,294.8,300,22500
20240205,14:28:24,294.5,400,22500
20240205,14:28:28,293.45,50,22500
20240205,14:29:08,294.45,50,22550
20240205,14:29:14,295.1,100,22550
20240205,14:29:38,293.1,100,22550
20240205,14:29:39,292.75,100,22550
20240205,14:30:01,290.4,100,22550
20240205,14:31:04,290.2,50,22550
20240205,14:32:04,303.7,250,22500
20240205,14:32:11,304.85,600,22500
20240205,14:32:12,306.75,50,22500
20240205,14:32:14,306.9,600,22500
20240205,14:32:19,310.9,400,22500
20240205,14:32:29,309.85,400,22500
20240205,14:32:38,313.65,100,22500
20240205,14:32:44,311.75,50,22500
20240205,14:33:06,313.25,50,22500
20240205,14:33:13,315.0,200,22500
20240205,14:33:36,308.05,50,22500
20240205,14:33:48,309.2,100,22500
20240205,14:33:51,311.1,100,22500
20240205,14:33:54,312.2,350,22500
20240205,14:34:19,316.2,200,22500
20240205,14:34:39,321.0,150,22500
20240205,14:34:56,323.15,350,21750
20240205,14:35:14,320.0,350,21750
20240205,14:35:16,318.1,50,21750
20240205,14:35:23,317.7,350,21750
20240205,14:35:29,321.95,50,21750
20240205,14:35:34,325.0,50,21750
20240205,14:35:38,330.0,150,21750
20240205,14:35:39,330.0,400,21750
20240205,14:35:49,330.8,550,21750
20240205,14:36:01,330.65,50,21750
20240205,14:36:03,330.25,50,21750
20240205,14:36:18,329.55,50,21750
20240205,14:36:23,331.6,200,21750
20240205,14:36:43,334.05,50,21750
20240205,14:36:58,339.95,100,21750
20240205,14:37:00,339.9,150,21750
20240205,14:37:06,338.1,600,21750
20240205,14:37:41,338.45,50,21750
20240205,14:37:43,341.35,200,21750
20240205,14:37:49,342.5,50,21750
20240205,14:38:19,342.5,100,19900
20240205,14:38:34,342.1,50,19900
20240205,14:38:46,346.85,50,19900
20240205,14:38:51,350.0,100,19900
20240205,14:38:52,354.8,150,19900
20240205,14:38:54,354.8,650,19900
20240205,14:38:59,361.7,250,19900
20240205,14:39:04,361.7,50,19900
20240205,14:39:05,354.0,150,19900
20240205,14:39:12,346.25,100,19900
20240205,14:39:22,351.3,250,19900
20240205,14:39:29,350.9,100,19900
20240205,14:40:20,351.45,50,19900
20240205,14:40:28,354.8,50,19900
20240205,14:40:36,353.95,100,19900
20240205,14:40:48,360.7,50,19900
20240205,14:40:53,356.55,100,19900
20240205,14:41:10,355.95,50,19300
20240205,14:41:13,355.75,50,19300
20240205,14:41:28,349.25,100,19300
20240205,14:41:30,348.95,50,19300
20240205,14:41:33,351.7,50,19300
20240205,14:41:36,354.25,100,19300
20240205,14:41:46,357.95,100,19300
20240205,14:42:23,363.9,100,19300
20240205,14:42:28,370.0,50,19300
20240205,14:42:36,372.85,100,19300
20240205,14:42:38,375.7,100,19300
20240205,14:42:41,375.7,100,19300
20240205,14:42:43,376.05,200,19300
20240205,14:42:44,375.0,50,19300
20240205,14:42:49,375.7,100,19300
20240205,14:42:54,379.15,100,19300
20240205,14:43:08,380.85,50,19300
20240205,14:43:26,391.4,100,19300
20240205,14:43:31,390.8,150,19300
20240205,14:43:33,384.6,150,19300
20240205,14:43:38,393.3,50,19300
20240205,14:43:41,393.3,150,19300
20240205,14:43:43,390.6,100,19300
20240205,14:43:51,393.5,50,19300
20240205,14:43:53,393.85,50,19300
20240205,14:44:01,393.85,50,19300
20240205,14:44:16,391.0,200,19300
20240205,14:44:20,384.35,100,19300
20240205,14:44:21,382.55,200,19300
20240205,14:44:25,384.3,200,19300
20240205,14:44:28,382.7,50,19300
20240205,14:44:33,379.7,300,19300
20240205,14:44:35,372.45,100,19300
20240205,14:44:36,374.3,300,19300
20240205,14:44:38,369.1,400,19300
20240205,14:44:40,373.3,200,19300
20240205,14:44:41,372.45,50,19300
20240205,14:44:43,372.75,50,19300
20240205,14:44:46,374.1,100,19300
20240205,14:44:51,374.2,150,19300
20240205,14:44:56,382.7,50,19300
20240205,14:45:10,399.0,150,19300
20240205,14:45:13,400.0,50,19300
20240205,14:45:16,400.4,100,19300
20240205,14:45:26,405.6,50,19300
20240205,14:45:30,405.6,50,19300
20240205,14:45:37,410.8,100,19300
20240205,14:45:47,414.85,100,19300
20240205,14:46:02,422.1,50,19300
20240205,14:46:03,422.1,100,19300
20240205,14:46:06,407.8,350,19300
20240205,14:46:15,414.75,150,19300
20240205,14:46:16,413.8,100,19300
20240205,14:46:23,409.4,50,19300
20240205,14:46:30,413.05,50,19300
20240205,14:46:33,408.9,50,19300
20240205,14:46:38,406.65,100,19300
20240205,14:46:40,408.8,50,19300
20240205,14:46:55,413.05,50,19300
20240205,14:46:58,414.85,50,18950
20240205,14:47:11,408.9,150,18950
20240205,14:47:21,401.55,50,18950
20240205,14:47:28,395.3,50,18950
20240205,14:47:36,397.4,100,18950
20240205,14:47:56,389.4,150,18950
20240205,14:48:00,388.8,50,18950
20240205,14:48:01,383.55,50,18950
20240205,14:48:03,382.45,250,18950
20240205,14:48:08,377.45,300,18950
20240205,14:48:11,377.05,50,18950
20240205,14:48:48,383.5,50,18950
20240205,14:48:53,394.15,450,18950
20240205,14:49:01,397.8,150,18950
20240205,14:49:03,392.8,250,18950
20240205,14:49:05,394.35,200,18950
20240205,14:49:08,394.75,200,18950
20240205,14:49:11,392.75,100,18950
20240205,14:49:16,388.65,500,18950
20240205,14:49:25,390.35,50,18950
20240205,14:49:38,387.95,50,18950
20240205,14:49:40,387.6,150,18950
20240205,14:49:41,386.7,300,18950
20240205,14:49:48,389.25,50,18950
20240205,14:50:16,379.15,350,18800
20240205,14:50:20,380.5,50,18800
20240205,14:50:30,388.4,50,18800
20240205,14:50:38,391.25,50,18800
20240205,14:50:53,398.95,50,18800
20240205,14:51:03,396.85,50,18800
20240205,14:51:06,398.55,600,18800
20240205,14:51:10,400.4,4000,18800
20240205,14:51:11,399.7,50,18800
20240205,14:51:13,402.05,550,18800
20240205,14:51:21,401.6,150,18800
20240205,14:51:26,400.0,100,18800
20240205,14:51:43,404.15,50,18800
20240205,14:51:45,403.4,100,18800
20240205,14:52:00,404.55,100,18800
20240205,14:52:08,402.0,50,18800
20240205,14:52:09,403.75,50,18800
20240205,14:52:31,394.6,50,18800
20240205,14:52:51,391.7,50,18800
20240205,14:52:53,389.65,50,18800
20240205,14:53:06,399.45,100,22500
20240205,14:53:26,391.05,50,22500
20240205,14:53:35,387.3,50,22500
20240205,14:54:06,392.6,100,22500
20240205,14:54:29,387.15,50,22500
20240205,14:54:58,387.15,50,22500
20240205,14:55:33,396.35,50,22500
20240205,14:55:44,401.6,100,22500
20240205,14:55:48,398.65,150,22500
20240205,14:55:59,404.0,50,22800
20240205,14:56:09,399.8,100,22800
20240205,14:56:14,401.05,50,22800
20240205,14:56:21,404.85,50,22800
20240205,14:56:36,404.5,50,22800
20240205,14:56:58,411.9,50,22800
20240205,14:57:01,404.5,150,22800
20240205,14:57:10,408.9,50,22800
20240205,14:57:20,406.6,50,22800
20240205,14:57:21,408.05,50,22800
20240205,14:57:50,402.85,50,22800
20240205,14:57:58,408.05,50,22800
20240205,14:59:31,411.1,100,23150
20240205,15:00:19,405.5,50,23150
20240205,15:00:23,405.0,300,23150
20240205,15:00:24,401.9,50,23150
20240205,15:00:31,401.9,50,23150
20240205,15:00:36,393.65,250,23150
20240205,15:00:39,395.55,50,23150
20240205,15:00:41,398.5,50,23150
20240205,15:00:44,401.25,50,23150
20240205,15:00:57,409.75,50,23150
20240205,15:01:08,413.35,200,23150
20240205,15:01:09,410.55,50,23150
20240205,15:01:13,405.6,50,23150
20240205,15:01:18,405.35,50,23150
20240205,15:01:26,405.1,50,23150
20240205,15:01:33,407.3,50,23150
20240205,15:01:46,407.35,50,23150
20240205,15:01:58,406.65,100,23150
20240205,15:02:05,406.3,100,23200
20240205,15:02:43,411.45,50,23200
20240205,15:02:55,405.35,50,23200
20240205,15:03:08,405.1,50,23200
20240205,15:03:18,399.95,50,23200
20240205,15:03:33,398.85,100,23200
20240205,15:03:48,398.15,50,23200
20240205,15:04:58,381.65,200,23200
20240205,15:04:59,381.75,350,23200
20240205,15:05:09,385.6,100,23000
20240205,15:05:11,387.0,50,23000
20240205,15:05:21,388.5,50,23000
20240205,15:05:53,378.0,50,23000
20240205,15:06:49,385.75,250,23000
20240205,15:06:56,385.9,250,23000
20240205,15:07:42,373.7,200,23000
20240205,15:08:21,374.1,50,23150
20240205,15:08:51,364.35,200,23150
20240205,15:09:59,361.45,50,23150
20240205,15:10:17,359.55,50,23150
20240205,15:10:30,359.2,100,23150
20240205,15:11:20,378.6,150,23000
20240205,15:11:45,376.75,50,23000
20240205,15:12:07,383.15,50,23000
20240205,15:12:10,384.15,100,23000
20240205,15:12:28,379.9,50,23000
20240205,15:13:10,390.0,50,23000
20240205,15:13:47,390.1,300,23000
20240205,15:13:48,388.8,50,23000
20240205,15:14:33,393.2,50,23250
20240205,15:14:58,399.55,50,23250
20240205,15:15:15,398.8,50,23250
20240205,15:15:25,402.0,50,23250
20240205,15:15:45,400.35,50,23250
20240205,15:15:55,400.35,150,23250
20240205,15:15:56,401.0,50,23250
20240205,15:16:28,398.0,50,23250
20240205,15:17:10,390.8,50,23050
20240205,15:17:33,389.85,50,23050
20240205,15:17:40,387.05,400,23050
20240205,15:17:41,387.6,50,23050
20240205,15:17:46,389.85,200,23050
20240205,15:18:15,387.0,50,23050
20240205,15:19:01,397.6,200,23050
20240205,15:19:34,399.2,50,23050
20240205,15:20:23,396.85,1800,22650
20240205,15:20:35,396.95,1850,22650
20240205,15:21:14,401.1,50,22650
20240205,15:21:31,399.2,500,22650
20240205,15:21:46,396.45,150,22650
20240205,15:21:50,398.5,50,22650
20240205,15:22:41,394.7,100,22650
20240205,15:25:28,393.05,150,23350
20240205,15:25:55,389.35,50,23350
20240205,15:26:28,391.55,100,23300
20240205,15:26:36,391.8,50,23300
20240205,15:27:23,392.6,50,23300
20240205,15:27:25,392.6,50,23300
20240205,15:27:38,393.6,150,23300
20240205,15:27:54,392.6,50,23300
20240205,15:28:56,396.6,50,23300
20240205,15:29:24,394.8,100,23400
20240206,09:17:10,370.6,1,19450
20240206,09:17:10,370.6,50,19450
20240206,09:17:46,372.75,100,19450
20240206,09:21:42,392.8,100,19450
20240206,09:22:42,392.8,100,19500
20240206,09:23:34,367.5,3600,19500
20240206,09:23:56,368.55,50,19500
20240206,09:24:01,369.3,50,19500
20240206,09:24:43,368.6,50,19500
20240206,09:25:09,367.5,50,19500
20240206,09:25:26,361.95,50,19500
20240206,09:25:29,361.95,100,17950
20240206,09:26:12,358.25,150,17950
20240206,09:27:04,362.9,50,17950
20240206,09:27:10,366.05,200,17950
20240206,09:27:50,360.05,50,17950
20240206,09:28:15,353.7,50,17950
20240206,09:28:18,352.8,50,17950
20240206,09:28:32,352.8,50,17950
20240206,09:29:00,360.95,50,18200
20240206,09:30:11,362.9,50,18200
20240206,09:31:40,357.15,100,18300
20240206,09:31:55,356.2,50,18300
20240206,09:33:08,345.15,50,18300
20240206,09:33:13,343.0,50,18300
20240206,09:33:21,342.7,50,18300
20240206,09:34:06,342.7,50,18300
20240206,09:34:57,347.45,50,18350
20240206,09:35:07,342.7,50,18350
20240206,09:35:17,346.45,50,18350
20240206,09:36:15,351.7,200,18350
20240206,09:37:20,345.85,50,18350
20240206,09:38:09,340.0,50,18250
20240206,09:38:13,340.0,100,18250
20240206,09:39:01,335.0,50,18250
20240206,09:39:04,333.05,250,18250
20240206,09:39:11,333.05,100,18250
20240206,09:39:14,335.85,300,18250
20240206,09:39:16,334.4,350,18250
20240206,09:39:19,335.0,350,18250
20240206,09:39:27,335.9,350,18250
20240206,09:39:55,334.5,50,18250
20240206,09:40:16,336.0,50,18250
20240206,09:40:45,339.15,50,18250
20240206,09:41:13,343.8,50,19550
20240206,09:41:16,343.8,50,19550
20240206,09:41:21,343.0,350,19550
20240206,09:41:24,343.3,350,19550
20240206,09:41:43,342.2,50,19550
20240206,09:41:51,341.55,400,19550
20240206,09:42:06,340.1,50,19550
20240206,09:43:26,344.7,50,19550
20240206,09:45:59,334.3,50,19750
20240206,09:46:04,335.25,50,19750
20240206,09:46:07,334.6,100,19750
20240206,09:46:21,336.3,50,19750
20240206,09:47:25,342.35,50,19950
20240206,09:48:23,336.1,450,19950
20240206,09:49:09,334.3,200,19950
20240206,09:49:14,333.25,50,19950
20240206,09:49:42,330.0,250,19950
20240206,09:50:11,326.4,50,19950
20240206,09:51:03,326.4,250,19950
20240206,09:51:09,324.3,100,19950
20240206,09:51:32,324.3,50,19950
20240206,09:52:45,332.9,50,20250
20240206,09:52:48,329.4,300,20250
20240206,09:53:50,335.5,250,20250
20240206,09:54:19,335.5,50,20250
20240206,09:54:55,332.4,200,20250
20240206,09:55:25,338.85,1500,20250
20240206,09:55:27,338.9,650,20250
20240206,09:55:29,339.0,3650,20250
20240206,09:55:30,339.2,350,20250
20240206,09:55:37,340.15,50,26150
20240206,09:55:40,342.0,1500,26150
20240206,09:55:43,340.9,1000,26150
20240206,09:55:45,341.05,500,26150
20240206,09:55:47,339.85,500,26150
20240206,09:55:52,339.9,100,26150
20240206,09:56:24,333.8,350,26150
20240206,09:57:23,335.7,700,26150
20240206,09:58:56,326.4,50,28550
20240206,10:02:11,325.1,50,28500
20240206,10:02:45,321.05,550,28500
20240206,10:02:51,318.9,650,28500
20240206,10:03:09,314.3,350,28500
20240206,10:03:29,314.3,100,28500
20240206,10:03:34,314.55,150,28500
20240206,10:04:21,314.8,50,28500
20240206,10:04:56,314.8,50,29150
20240206,10:05:12,316.6,200,29150
20240206,10:05:20,316.0,50,29150
20240206,10:05:25,314.75,50,29150
20240206,10:05:40,318.7,50,29150
20240206,10:05:41,319.65,100,29150
20240206,10:06:13,321.5,50,29150
20240206,10:06:40,319.95,300,29150
20240206,10:06:50,318.4,50,29150
20240206,10:08:05,321.8,350,29300
20240206,10:09:03,321.45,50,29300
20240206,10:09:06,320.4,50,29300
20240206,10:09:18,322.15,100,29300
20240206,10:10:43,321.15,100,29050
20240206,10:12:45,321.9,100,29050
20240206,10:14:54,322.35,50,29150
20240206,10:15:24,324.85,100,29150
20240206,10:15:25,324.2,100,29150
20240206,10:15:30,322.1,100,29150
20240206,10:15:32,323.75,50,29150
20240206,10:15:37,324.95,50,29150
20240206,10:15:40,324.8,150,29150
20240206,10:16:03,322.75,100,29150
20240206,10:16:08,321.85,50,29150
20240206,10:16:28,320.0,100,29150
20240206,10:16:30,322.55,200,29150
20240206,10:17:50,321.45,100,29100
20240206,10:18:09,320.0,100,29100
20240206,10:18:22,319.15,200,29100
20240206,10:19:20,330.15,50,29100
20240206,10:19:22,328.0,50,29100
20240206,10:19:58,327.95,50,29150
20240206,10:20:10,327.15,100,29150
20240206,10:20:18,326.05,100,29150
20240206,10:22:03,319.1,150,29150
20240206,10:23:28,319.0,50,29200
20240206,10:23:31,319.55,150,29200
20240206,10:24:56,327.1,100,29200
20240206,10:25:53,339.45,50,29200
20240206,10:26:06,332.9,50,29200
20240206,10:26:41,341.3,50,29200
20240206,10:26:44,339.7,50,29200
20240206,10:26:46,340.45,50,29200
20240206,10:26:51,339.15,100,29200
20240206,10:27:04,337.0,50,29200
20240206,10:27:06,337.55,50,29200
20240206,10:27:26,337.55,100,29200
20240206,10:27:29,339.0,600,29200
20240206,10:28:06,340.25,50,29200
20240206,10:28:47,341.1,50,29200
20240206,10:29:05,343.25,50,29200
20240206,10:30:02,345.6,100,29200
20240206,10:30:12,347.4,50,29200
20240206,10:30:49,363.1,150,29200
20240206,10:30:50,364.5,100,29200
20240206,10:30:52,359.3,50,29200
20240206,10:30:54,358.2,50,29200
20240206,10:30:55,356.4,150,29200
20240206,10:31:02,354.85,400,29200
20240206,10:31:04,354.45,50,29200
20240206,10:31:54,345.65,50,29100
20240206,10:32:08,355.0,50,29100
20240206,10:32:10,356.4,50,29100
20240206,10:32:47,363.35,50,29100
20240206,10:34:41,362.3,50,28950
20240206,10:35:04,360.8,50,28950
20240206,10:35:46,356.4,50,28950
20240206,10:38:04,347.25,100,29000
20240206,10:40:51,350.0,50,29000
20240206,10:41:24,350.1,50,29000
20240206,10:41:29,351.0,50,29000
20240206,10:41:32,352.8,100,29000
20240206,10:45:03,340.0,50,29000
20240206,10:45:17,336.8,300,29000
20240206,10:45:19,334.95,50,29000
20240206,10:45:34,335.25,50,29000
20240206,10:48:10,342.0,100,29000
20240206,10:48:59,340.15,50,29000
20240206,10:49:32,342.85,100,29000
20240206,10:54:18,328.1,150,28950
20240206,10:55:26,327.9,100,28950
20240206,10:55:29,328.25,350,28950
20240206,10:56:56,333.25,50,29300
20240206,10:58:12,325.5,350,29300
20240206,10:58:19,325.15,50,29300
20240206,10:58:49,325.45,50,28900
20240206,10:59:37,320.45,100,28900
20240206,10:59:45,318.6,300,28900
20240206,11:00:04,317.0,350,28900
20240206,11:00:21,318.0,100,28900
20240206,11:00:42,312.5,50,28900
20240206,11:00:44,312.5,150,28900
20240206,11:00:49,315.15,50,28900
20240206,11:01:00,315.95,50,28900
20240206,11:01:08,318.1,50,28900
20240206,11:01:33,320.1,400,28900
20240206,11:03:34,323.65,400,27950
20240206,11:03:51,323.7,50,27950
20240206,11:04:10,324.2,50,27950
20240206,11:04:12,324.1,50,27950
20240206,11:04:13,323.95,50,27950
20240206,11:04:22,324.15,50,27950
20240206,11:04:28,322.15,50,27950
20240206,11:04:41,326.0,50,27950
20240206,11:04:43,327.45,50,27950
20240206,11:06:03,327.95,50,27550
20240206,11:06:04,329.5,300,27550
20240206,11:06:22,324.95,50,27550
20240206,11:06:30,326.1,350,27550
20240206,11:06:42,324.1,100,27550
20240206,11:06:49,325.55,50,27550
20240206,11:07:10,327.9,50,27550
20240206,11:07:26,328.15,100,27550
20240206,11:07:31,329.9,100,27550
20240206,11:07:40,329.65,50,27550
20240206,11:08:14,323.2,50,27650
20240206,11:08:16,324.0,50,27650
20240206,11:08:30,322.55,50,27650
20240206,11:09:00,320.65,50,27650
20240206,11:09:03,319.7,400,27650
20240206,11:09:26,321.0,50,27650
20240206,11:09:34,322.55,50,27650
20240206,11:10:33,317.4,50,27650
20240206,11:10:49,319.95,50,27350
20240206,11:10:51,319.35,100,27350
20240206,11:10:52,318.75,100,27350
20240206,11:10:59,317.9,50,27350
20240206,11:11:57,323.25,50,27350
20240206,11:11:58,322.8,350,27350
20240206,11:12:18,324.4,50,27350
20240206,11:14:01,317.85,50,26900
20240206,11:14:32,319.15,100,26900
20240206,11:14:36,319.7,50,26900
20240206,11:14:59,318.15,50,26900
20240206,11:15:42,318.0,1050,26900
20240206,11:16:13,315.35,50,26900
20240206,11:16:25,314.3,50,26900
20240206,11:16:27,314.85,100,26900
20240206,11:17:03,312.95,50,27950
20240206,11:17:39,315.05,50,27950
20240206,11:18:02,315.2,350,27950
20240206,11:19:06,318.25,100,27950
20240206,11:19:21,318.2,50,27950
20240206,11:20:08,321.4,50,27650
20240206,11:20:13,319.95,600,27650
20240206,11:20:30,316.2,350,27650
20240206,11:24:14,318.65,50,27350
20240206,11:25:24,317.75,50,27350
20240206,11:25:29,317.75,100,27350
20240206,11:26:03,319.05,50,27400
20240206,11:26:05,319.5,50,27400
20240206,11:27:13,318.8,100,27400
20240206,11:27:48,318.9,100,27400
20240206,11:28:47,324.55,100,27400
20240206,11:29:00,325.15,50,27500
20240206,11:29:05,324.3,50,27500
20240206,11:30:00,326.45,50,27500
20240206,11:30:04,327.4,50,27500
20240206,11:30:07,327.75,50,27500
20240206,11:31:39,316.85,50,27500
20240206,11:32:25,315.0,50,27500
20240206,11:32:37,313.0,100,27500
20240206,11:32:40,310.0,350,27500
20240206,11:33:03,310.0,50,27500
20240206,11:33:08,305.6,50,27500
20240206,11:33:17,303.65,50,27500
20240206,11:33:18,300.8,100,27500
20240206,11:33:25,300.8,950,27500
20240206,11:33:28,300.0,300,27500
20240206,11:33:30,300.0,50,27500
20240206,11:33:33,301.9,50,27500
20240206,11:33:47,302.5,50,27500
20240206,11:33:50,302.7,100,27500
20240206,11:33:52,300.45,50,27500
20240206,11:33:55,300.2,450,27500
20240206,11:34:10,295.45,50,27500
20240206,11:34:17,290.85,50,27500
20240206,11:34:27,290.85,150,27500
20240206,11:34:30,293.25,350,27500
20240206,11:34:32,294.1,100,27500
20240206,11:34:35,293.6,50,27500
20240206,11:34:42,292.15,100,27500
20240206,11:34:45,291.85,50,27500
20240206,11:34:47,292.3,100,27500
20240206,11:34:50,292.5,700,28350
20240206,11:35:00,291.25,50,28350
20240206,11:35:02,289.5,400,28350
20240206,11:35:07,289.5,1050,28350
20240206,11:35:09,289.7,100,28350
20240206,11:35:10,289.9,100,28350
20240206,11:35:14,290.05,50,28350
20240206,11:35:17,289.85,50,28350
20240206,11:35:19,288.05,100,28350
20240206,11:35:20,288.05,50,28350
20240206,11:35:24,288.25,50,28350
20240206,11:35:27,288.0,350,28350
20240206,11:35:35,288.0,50,28350
20240206,11:35:45,292.0,50,28350
20240206,11:35:50,291.6,100,28350
20240206,11:36:00,294.85,100,28350
20240206,11:36:07,294.05,100,28350
20240206,11:36:15,292.3,100,28350
20240206,11:36:29,295.55,100,28350
20240206,11:36:30,295.7,50,28350
20240206,11:36:32,295.25,400,28350
20240206,11:36:37,294.95,600,28350
20240206,11:36:49,295.9,100,28350
20240206,11:36:54,295.6,50,28350
20240206,11:36:55,294.0,500,28350
20240206,11:36:57,293.0,50,28350
20240206,11:37:03,293.8,50,28350
20240206,11:37:15,291.7,400,28350
20240206,11:37:18,291.7,50,28350
20240206,11:37:25,291.65,100,28350
20240206,11:38:09,294.75,200,30050
20240206,11:38:35,293.7,50,30050
20240206,11:38:57,293.3,50,30050
20240206,11:39:10,293.25,150,30050
20240206,11:39:38,290.85,50,30050
20240206,11:39:45,291.65,50,30050
20240206,11:39:53,291.7,50,30050
20240206,11:40:00,292.7,50,30050
20240206,11:40:08,292.6,100,30050
20240206,11:40:27,290.45,50,30050
20240206,11:40:30,290.85,50,30050
20240206,11:41:20,296.2,50,30350
20240206,11:41:40,295.1,50,30350
20240206,11:41:41,294.25,50,30350
20240206,11:41:58,294.5,350,30350
20240206,11:42:01,295.95,150,30350
20240206,11:42:21,295.9,150,30350
20240206,11:42:23,294.75,50,30350
20240206,11:42:28,293.6,50,30350
20240206,11:43:14,296.3,50,30350
20240206,11:43:26,296.6,50,30350
20240206,11:44:00,297.75,100,30450
20240206,11:44:10,298.5,100,30450
20240206,11:44:47,298.6,100,30450
20240206,11:45:05,298.9,400,30450
20240206,11:45:13,298.0,50,30450
20240206,11:45:15,298.45,650,30450
20240206,11:45:21,298.2,600,30450
20240206,11:46:21,294.75,400,30450
20240206,11:46:36,298.7,350,30450
20240206,11:48:40,302.65,50,30800
20240206,11:50:06,305.05,50,30750
20240206,11:50:10,305.2,50,30750
20240206,11:50:44,299.4,150,30750
20240206,11:54:21,296.0,50,30800
20240206,11:54:51,296.6,100,30800
20240206,11:55:11,294.45,50,30800
20240206,11:55:36,294.05,50,30800
20240206,11:56:19,293.4,50,30900
20240206,11:57:52,293.0,100,30900
20240206,11:58:11,292.15,650,30900
20240206,11:58:21,292.55,400,30900
20240206,11:58:53,290.0,50,30900
20240206,11:59:22,289.85,50,31350
20240206,11:59:41,288.1,50,31350
20240206,12:00:01,287.55,50,31350
20240206,12:00:18,285.8,50,31350
20240206,12:00:23,285.8,600,31350
20240206,12:00:30,289.7,50,31350
20240206,12:01:39,290.15,50,31350
20240206,12:02:20,291.4,50,31550
20240206,12:02:33,294.55,150,31550
20240206,12:03:42,296.7,50,31550
20240206,12:04:34,295.75,50,31550
20240206,12:04:50,297.0,50,31550
20240206,12:05:02,297.05,50,31700
20240206,12:05:32,295.65,350,31700
20240206,12:06:14,292.8,50,31700
20240206,12:06:29,293.3,50,31700
20240206,12:07:05,298.5,50,31700
20240206,12:07:33,293.0,700,31700
20240206,12:10:09,291.9,350,32150
20240206,12:11:37,286.0,50,31800
20240206,12:11:51,287.55,50,31800
20240206,12:12:12,287.65,100,31800
20240206,12:12:40,282.25,600,31800
20240206,12:12:47,282.25,50,31800
20240206,12:13:30,284.0,450,31800
20240206,12:13:33,285.0,50,31800
20240206,12:14:10,286.1,50,31550
20240206,12:14:13,285.0,50,31550
20240206,12:14:20,285.0,50,31550
20240206,12:14:33,282.8,50,31550
20240206,12:14:41,283.85,50,31550
20240206,12:14:51,284.0,200,31550
20240206,12:14:58,284.25,50,31550
20240206,12:15:21,281.1,50,31550
20240206,12:15:35,279.4,100,31550
20240206,12:15:36,279.4,50,31550
20240206,12:15:38,280.25,50,31550
20240206,12:15:48,283.25,50,31550
20240206,12:16:08,284.0,950,31550
20240206,12:16:09,283.9,1050,31550
20240206,12:16:18,283.3,500,31550
20240206,12:16:23,283.0,100,31550
20240206,12:16:33,283.25,800,31550
20240206,12:16:34,284.05,1100,31550
20240206,12:16:36,284.3,500,31550
20240206,12:16:41,285.5,50,31550
20240206,12:16:48,285.1,500,31550
20240206,12:16:49,285.6,700,31550
20240206,12:16:51,286.3,300,31550
20240206,12:16:53,286.2,950,31550
20240206,12:16:58,286.05,100,25550
20240206,12:17:01,284.5,50,25550
20240206,12:17:03,285.9,350,25550
20240206,12:17:04,285.1,1300,25550
20240206,12:17:06,284.9,350,25550
20240206,12:17:08,284.55,800,25550
20240206,12:17:09,285.8,50,25550
