date,time,tick_price,volume,open_interest
20240116,09:17:27,1.0,350,350
20240116,09:17:33,0.7,100,350
20240116,09:17:55,0.7,300,350
20240116,09:18:48,0.75,50,350
20240116,09:18:58,0.95,450,350
20240116,09:18:59,1.0,100,350
20240116,09:19:14,0.6,2500,350
20240116,09:19:16,0.6,200,350
20240116,09:19:18,0.6,200,350
20240116,09:19:20,0.6,100,350
20240116,09:19:22,0.6,200,350
20240116,09:19:27,0.7,50,350
20240116,09:19:29,0.6,150,350
20240116,09:19:35,0.6,100,350
20240116,09:19:44,0.65,250,350
20240116,09:19:53,0.6,100,350
20240116,09:19:54,0.6,100,350
20240116,09:19:56,0.6,100,350
20240116,09:19:57,0.65,9550,350
20240116,09:20:30,0.65,100,11100
20240116,09:20:35,0.65,50,11100
20240116,09:20:36,0.65,50,11100
20240116,09:22:24,0.6,50,11100
20240116,09:22:29,0.7,2300,11100
20240116,09:23:34,0.7,1100,11200
20240116,09:24:03,0.7,500,11200
20240116,09:24:04,0.7,200,11200
20240116,09:24:07,0.7,500,11200
20240116,09:27:51,0.7,100,12350
20240116,09:28:00,0.8,150,12350
20240116,09:28:45,0.8,150,12350
20240116,09:29:08,0.65,250,12350
20240116,09:29:09,0.7,100,12350
20240116,09:29:17,0.7,200,12350
20240116,09:32:04,0.8,300,12350
20240116,09:32:05,0.65,1450,12350
20240116,09:32:06,0.7,650,12350
20240116,09:32:14,0.65,750,12350
20240116,09:32:17,0.65,300,12350
20240116,09:32:43,0.65,250,12500
20240116,09:33:01,0.7,800,12500
20240116,09:33:06,0.65,250,12500
20240116,09:33:44,0.7,50,12500
20240116,09:34:04,0.7,50,12500
20240116,09:34:11,0.7,50,12500
20240116,09:34:19,0.7,50,12500
20240116,09:34:24,0.7,50,12500
20240116,09:39:25,0.65,250,12500
20240116,09:39:33,0.65,300,13550
20240116,09:42:03,0.7,50,13650
20240116,09:43:53,0.65,50,13650
20240116,09:44:11,0.7,50,13650
20240116,09:51:41,0.7,300,13750
20240116,09:51:42,0.6,150,13750
20240116,09:57:04,0.6,250,13750
20240116,09:59:14,0.6,400,13900
20240116,09:59:15,0.6,1600,13900
20240116,10:01:59,0.65,100,15700
20240116,10:03:25,0.6,150,15700
20240116,10:06:14,0.6,150,15700
20240116,10:14:49,0.6,50,15850
20240116,10:17:03,0.65,50,15850
20240116,10:27:25,0.65,2000,15850
20240116,10:27:26,0.6,900,15850
20240116,10:29:02,0.65,750,15850
20240116,10:29:03,0.65,550,15850
20240116,10:29:05,0.65,400,15850
20240116,10:35:19,0.6,300,16400
20240116,10:36:56,0.7,1550,16400
20240116,10:50:38,0.6,50,17200
20240116,10:50:47,0.6,50,17200
20240116,10:52:28,0.65,350,17200
20240116,10:57:39,0.65,400,17200
20240116,10:59:43,0.7,50,17500
20240116,11:05:43,0.7,1000,17550
20240116,11:05:44,0.65,50,17550
20240116,11:05:49,0.65,50,18400
20240116,11:06:07,0.65,250,18400
20240116,11:06:12,0.65,250,18400
20240116,11:10:46,0.7,100,18250
20240116,11:12:46,0.65,300,18250
20240116,11:14:26,0.65,50,18250
20240116,11:14:31,0.65,50,18250
20240116,11:17:19,0.6,800,18350
20240116,11:18:12,0.65,50,17550
20240116,11:18:17,0.65,50,17550
20240116,11:18:23,0.65,50,17550
20240116,11:19:09,0.65,1700,17550
20240116,11:58:49,0.6,50,17550
20240116,11:59:12,0.75,500,17700
20240116,12:00:57,0.7,400,17700
20240116,12:07:49,0.7,50,18100
20240116,12:08:30,0.7,300,18100
20240116,12:08:31,0.7,250,18100
20240116,12:10:03,0.75,50,18100
20240116,12:11:23,0.7,550,17800
20240116,12:11:24,0.7,450,17800
20240116,12:11:31,0.7,600,17800
20240116,12:12:36,0.7,550,17800
20240116,12:13:47,0.7,3100,17800
20240116,12:13:50,0.7,1000,17800
20240116,12:17:33,0.7,50,17800
20240116,12:22:13,0.7,800,20350
20240116,12:23:27,0.7,50,20300
20240116,12:23:42,0.7,50,20300
20240116,12:24:07,0.7,50,20300
20240116,12:26:58,0.7,2100,19500
20240116,12:27:00,0.7,3350,19500
20240116,12:27:33,0.7,650,19500
20240116,12:27:34,0.7,250,19500
20240116,12:27:36,0.7,250,19500
20240116,12:31:19,0.7,50,19500
20240116,12:51:00,0.7,250,12950
20240116,12:51:02,0.7,250,12950
20240116,12:51:13,0.7,250,12950
20240116,12:51:32,0.7,250,12950
20240116,12:57:42,0.7,500,12950
20240116,12:57:50,0.7,250,11950
20240116,13:00:10,0.7,250,11200
20240116,13:00:14,0.7,250,11200
20240116,13:00:42,0.7,250,11200
20240116,13:06:51,0.7,100,10450
20240116,13:07:36,0.65,100,10450
20240116,13:10:31,0.7,250,10400
20240116,13:16:57,0.75,100,10150
20240116,13:18:39,0.75,400,10200
20240116,13:19:23,0.75,250,10200
20240116,13:19:56,0.75,150,10200
20240116,13:22:37,0.75,1800,10200
20240116,13:22:47,0.75,100,10350
20240116,13:25:18,0.7,100,10350
20240116,13:25:20,0.75,100,10300
20240116,13:25:26,0.8,150,10300
20240116,13:27:49,0.8,50,10300
20240116,13:29:23,0.8,250,10150
20240116,13:29:23,0.8,300,10150
20240116,13:29:27,0.8,250,10150
20240116,13:29:27,0.8,50,10150
20240116,13:29:28,0.8,50,10150
20240116,13:29:42,0.8,50,10150
20240116,13:29:43,0.8,50,10150
20240116,13:29:45,0.8,50,10150
20240116,13:31:33,0.8,50,10350
20240116,13:31:35,0.8,50,10350
20240116,13:31:38,0.8,50,10350
20240116,13:31:56,0.8,50,10350
20240116,13:32:28,0.8,50,10350
20240116,13:32:30,0.8,50,10350
20240116,13:33:02,0.85,400,10350
20240116,13:33:41,0.85,150,11100
20240116,13:33:48,0.8,50,11100
20240116,13:33:57,0.85,250,11100
20240116,13:34:00,0.85,350,11100
20240116,13:34:01,0.9,250,11100
20240116,13:34:20,0.9,100,11100
20240116,13:34:41,0.9,50,11100
20240116,13:34:56,0.9,50,11100
20240116,13:35:42,0.95,300,11100
20240116,13:35:43,0.95,50,11100
20240116,13:35:44,0.95,750,11100
20240116,13:35:45,0.95,50,11100
20240116,13:35:46,0.95,200,11100
20240116,13:42:18,0.9,200,11950
20240116,13:42:36,0.85,500,11950
20240116,13:42:50,0.9,50,11950
20240116,13:43:25,0.8,50,11950
20240116,13:45:46,0.85,100,12150
20240116,13:45:46,0.85,500,12150
20240116,13:45:52,0.85,250,12150
20240116,13:45:54,0.85,300,12150
20240116,13:47:57,0.85,1000,12150
20240116,13:48:02,0.9,1200,12150
20240116,13:48:42,0.85,250,13550
20240116,13:48:43,0.85,250,13550
20240116,13:52:11,0.8,1000,13550
20240116,13:52:15,0.8,1000,13550
20240116,14:05:28,0.8,100,11900
20240116,14:09:45,0.8,400,11800
20240116,14:10:03,0.8,250,11800
20240116,14:26:09,0.8,2450,11800
20240116,14:29:37,0.75,50,13350
20240116,14:33:06,0.75,50,13400
20240116,14:34:08,0.75,50,13400
20240116,14:34:11,0.8,50,13450
20240116,14:35:50,0.8,250,13450
20240116,14:36:12,0.8,250,13550
20240116,14:36:39,0.8,250,13550
20240116,14:36:40,0.8,250,13550
20240116,14:37:36,0.8,250,13550
20240116,14:38:16,0.8,250,13550
20240116,14:39:03,0.8,1150,13550
20240116,14:39:08,0.8,300,13550
20240116,14:40:18,0.8,2400,14600
20240116,14:43:42,0.75,500,16200
20240116,14:46:36,0.75,400,16200
20240116,14:48:08,0.75,50,16700
20240116,14:48:11,0.75,50,16700
20240116,14:48:16,0.75,50,16700
20240116,14:56:18,0.7,1000,16950
20240116,14:56:22,0.7,250,16950
20240116,14:56:25,0.7,350,16950
20240116,14:57:08,0.7,750,16950
20240116,14:57:15,0.7,200,17100
20240116,14:57:36,0.7,50,17100
20240116,14:58:21,0.65,400,17100
20240116,14:58:27,0.65,100,17100
20240116,14:58:47,0.65,700,17100
20240116,14:59:29,0.65,300,17100
20240116,15:03:12,0.65,350,17000
20240116,15:04:11,0.7,700,17050
20240116,15:04:33,0.65,300,17050
20240116,15:15:23,0.65,100,16800
20240116,15:21:28,0.7,500,16800
20240116,15:22:09,0.65,500,16850
20240116,15:25:06,0.65,50,16850
20240116,15:27:31,0.65,50,16850
20240116,15:27:51,0.6,500,16850
20240116,15:28:22,0.6,250,16850
20240116,15:29:30,0.55,400,16850
20240116,15:29:32,0.55,50,16850
20240117,09:15:06,0.65,1,15900
20240117,09:15:06,0.65,50,15900
20240117,09:15:15,1.0,50,15900
20240117,09:15:17,1.05,2350,15900
20240117,09:15:24,3.35,1250,15900
20240117,09:15:43,3.35,100,15900
20240117,09:15:58,1.0,200,15900
20240117,09:16:15,1.15,50,15900
20240117,09:16:19,1.0,100,15900
20240117,09:16:26,1.0,250,15900
20240117,09:16:28,1.1,50,15900
20240117,09:16:37,0.8,50,15900
20240117,09:16:38,1.45,1000,15900
20240117,09:16:42,1.0,150,15900
20240117,09:17:01,0.95,50,15900
20240117,09:17:11,0.95,650,15900
20240117,09:17:20,0.85,50,15900
20240117,09:17:26,1.1,50,15900
20240117,09:17:28,1.05,2700,15900
20240117,09:17:40,0.95,350,22850
20240117,09:17:41,0.95,200,22850
20240117,09:17:48,0.95,400,22850
20240117,09:17:51,0.95,50,22850
20240117,09:17:52,0.9,200,22850
20240117,09:17:54,0.9,50,22850
20240117,09:17:55,0.9,50,22850
20240117,09:18:01,0.85,500,22850
20240117,09:18:02,0.9,900,22850
20240117,09:18:08,0.9,250,22850
20240117,09:18:09,0.9,150,22850
20240117,09:18:17,0.8,550,22850
20240117,09:18:28,0.9,50,22850
20240117,09:18:49,0.95,50,22850
20240117,09:18:54,0.9,100,22850
20240117,09:18:55,0.9,200,22850
20240117,09:19:01,0.9,50,22850
20240117,09:19:09,0.95,400,22850
20240117,09:19:15,0.9,250,22850
20240117,09:19:20,0.95,400,22850
20240117,09:19:22,0.85,100,22850
20240117,09:19:33,0.85,450,22850
20240117,09:19:50,0.9,100,22850
20240117,09:19:53,0.9,50,22850
20240117,09:19:57,0.9,350,22850
20240117,09:20:04,0.9,1800,22850
20240117,09:20:04,0.9,350,22850
20240117,09:20:10,0.9,150,22850
20240117,09:20:34,0.9,50,22850
20240117,09:21:44,0.9,1000,27250
20240117,09:22:35,0.9,400,27250
20240117,09:22:36,0.9,50,27250
20240117,09:22:39,0.9,1500,27250
20240117,09:22:45,0.9,600,27250
20240117,09:22:46,0.9,950,27250
20240117,09:22:48,0.9,250,27250
20240117,09:22:49,0.9,250,27250
20240117,09:22:50,0.9,500,27250
20240117,09:22:54,0.95,200,27250
20240117,09:23:14,1.0,250,27250
20240117,09:23:21,1.0,600,27250
20240117,09:23:29,1.05,100,27250
20240117,09:23:43,1.0,750,26000
20240117,09:23:52,1.0,200,26000
20240117,09:24:01,0.95,400,26000
20240117,09:24:17,0.95,200,26000
20240117,09:24:18,0.95,50,26000
20240117,09:24:27,0.9,50,26000
20240117,09:24:48,0.9,1250,26000
20240117,09:24:53,1.0,1000,26000
20240117,09:25:04,0.95,600,26000
20240117,09:25:35,1.0,250,26000
20240117,09:26:15,1.0,50,26000
20240117,09:27:40,1.0,100,25600
20240117,09:27:41,1.0,150,25600
20240117,09:28:13,0.95,200,25600
20240117,09:28:17,1.05,100,25600
20240117,09:29:11,0.95,200,25600
20240117,09:29:13,1.05,100,25600
20240117,09:29:17,0.95,350,25600
20240117,09:29:21,0.95,200,25600
20240117,09:29:25,1.05,50,25600
20240117,09:29:32,1.0,400,25600
20240117,09:29:41,1.0,650,25600
20240117,09:29:51,1.0,100,26000
20240117,09:29:58,1.0,300,26000
20240117,09:30:07,1.0,50,26000
20240117,09:30:08,1.0,800,26000
20240117,09:30:33,1.0,3500,26000
20240117,09:30:41,1.0,1150,26000
20240117,09:30:45,1.0,2150,26000
20240117,09:31:00,1.0,350,26000
20240117,09:31:10,1.0,900,26000
20240117,09:31:26,1.0,50,26000
20240117,09:31:38,1.0,1800,26000
20240117,09:31:39,1.0,250,26000
20240117,09:31:41,1.0,3400,26000
20240117,09:31:42,1.0,500,26000
20240117,09:32:01,1.0,50,26000
20240117,09:32:02,1.05,50,26000
20240117,09:32:04,1.0,250,26000
20240117,09:32:07,1.0,300,26000
20240117,09:32:09,1.0,1800,26000
20240117,09:32:11,1.0,100,26000
20240117,09:32:19,0.95,100,26000
20240117,09:32:29,1.0,1800,26000
20240117,09:32:31,1.0,2600,26000
20240117,09:32:54,1.0,250,26000
20240117,09:34:29,0.95,1800,33100
20240117,09:34:37,0.95,1800,33100
20240117,09:34:44,0.95,400,33100
20240117,09:34:58,0.95,400,33100
20240117,09:35:20,0.95,2150,33100
20240117,09:35:26,0.9,1000,33100
20240117,09:35:37,0.9,400,33100
20240117,09:36:34,0.9,1050,31450
20240117,09:36:48,0.95,50,31450
20240117,09:37:13,0.9,1400,31450
20240117,09:37:24,0.95,1800,31450
20240117,09:37:39,0.95,1800,31450
20240117,09:37:52,0.95,1050,31450
20240117,09:37:57,0.95,50,31450
20240117,09:38:41,0.95,1100,32450
20240117,09:40:09,0.95,600,32450
20240117,09:40:19,0.95,100,32450
20240117,09:41:14,0.95,50,32450
20240117,09:41:33,0.9,1800,32450
20240117,09:41:44,0.9,1800,32450
20240117,09:41:55,0.95,50,33650
20240117,09:42:14,0.95,50,33650
20240117,09:43:10,0.95,3100,33650
20240117,09:43:24,0.95,50,33650
20240117,09:43:25,0.9,50,33650
20240117,09:44:32,0.95,150,33650
20240117,09:44:48,0.9,50,33650
20240117,09:45:15,0.95,50,36650
20240117,09:46:36,0.95,250,36650
20240117,09:47:16,0.9,4000,36650
20240117,09:48:30,0.9,200,38500
20240117,09:48:51,0.9,250,38500
20240117,09:49:13,0.95,500,38500
20240117,09:49:33,0.95,100,38500
20240117,09:51:28,0.9,250,38500
20240117,09:52:31,0.9,300,38450
20240117,09:53:01,0.9,250,38450
20240117,09:54:34,0.85,500,37650
20240117,09:54:39,0.85,50,37650
20240117,09:54:40,0.9,50,37650
20240117,09:55:45,0.85,400,37650
20240117,09:55:56,0.85,250,37650
20240117,09:57:30,0.85,1800,37650
20240117,09:57:31,0.85,1800,37650
20240117,09:58:05,0.8,1150,37650
20240117,09:58:37,0.8,50,37650
20240117,09:59:37,0.8,50,35800
20240117,09:59:41,0.85,650,35800
20240117,10:00:18,0.85,2000,35800
20240117,10:00:34,0.8,1150,35800
20240117,10:00:49,0.8,50,35800
20240117,10:00:54,0.85,2050,35800
20240117,10:00:54,0.85,3600,35800
20240117,10:02:01,0.85,50,35800
20240117,10:02:16,0.9,1800,35800
20240117,10:03:08,0.9,50,44100
20240117,10:04:15,0.9,400,44100
20240117,10:04:19,0.9,50,44100
20240117,10:08:06,0.85,400,44100
20240117,10:10:04,0.9,1000,44600
20240117,10:10:04,0.9,50,44200
20240117,10:10:06,0.9,50,44200
20240117,10:10:18,0.9,50,44200
20240117,10:10:27,0.9,50,44200
20240117,10:10:43,0.95,50,44200
20240117,10:10:47,0.95,250,44200
20240117,10:11:46,0.95,1500,44200
20240117,10:12:52,0.95,700,44200
20240117,10:12:52,1.0,1800,44200
20240117,10:12:54,0.95,50,44200
20240117,10:12:56,0.95,50,44200
20240117,10:12:59,0.95,50,44200
20240117,10:13:01,0.95,50,44200
20240117,10:13:04,0.95,50,44200
20240117,10:13:11,0.95,50,44200
20240117,10:13:14,1.0,50,44200
20240117,10:13:19,0.95,50,44200
20240117,10:13:20,1.0,250,44200
20240117,10:13:21,1.0,50,44200
20240117,10:13:35,1.0,300,44200
20240117,10:13:50,1.0,300,44200
20240117,10:13:58,0.95,200,44200
20240117,10:14:07,0.95,800,44200
20240117,10:14:08,1.0,250,44200
20240117,10:14:19,1.0,50,44200
20240117,10:14:41,1.0,50,49050
20240117,10:14:46,0.95,50,49050
20240117,10:17:22,0.95,500,49050
20240117,10:17:31,0.95,50,49050
20240117,10:17:47,1.0,550,49700
20240117,10:18:00,1.0,50,49700
20240117,10:18:04,0.9,500,49700
20240117,10:18:41,0.9,1800,49700
20240117,10:18:42,0.85,2050,49700
20240117,10:19:08,1.0,1800,49700
20240117,10:19:09,1.0,250,49700
20240117,10:19:42,0.85,400,49700
20240117,10:20:06,1.0,50,49700
20240117,10:20:18,1.0,50,49700
20240117,10:20:26,1.0,500,49700
20240117,10:21:00,0.85,200,48600
20240117,10:21:34,1.0,100,48600
20240117,10:22:02,0.95,50,48600
20240117,10:22:02,1.0,50,48600
20240117,10:22:08,0.95,100,48600
20240117,10:22:10,0.95,100,48600
20240117,10:22:23,0.95,100,48600
20240117,10:22:24,1.0,100,48600
20240117,10:22:28,0.95,100,48600
20240117,10:23:14,0.95,1800,48600
20240117,10:23:14,0.9,950,48600
20240117,10:23:48,0.9,550,48600
20240117,10:24:04,0.9,50,47700
20240117,10:24:56,0.9,100,47700
20240117,10:25:22,0.9,450,47700
20240117,10:26:13,0.9,300,47700
20240117,10:27:30,0.85,50,47150
20240117,10:29:16,0.9,150,47150
20240117,10:30:54,0.85,100,47150
20240117,10:34:20,0.9,50,47100
20240117,10:34:35,0.9,1700,47000
20240117,10:34:35,0.95,2700,47000
20240117,10:35:15,0.9,2600,47000
20240117,10:36:04,0.9,150,51600
20240117,10:36:12,0.95,50,51600
20240117,10:37:17,0.95,450,51600
20240117,10:37:19,0.95,250,51600
20240117,10:37:21,0.95,1050,51600
20240117,10:37:49,0.95,50,51600
20240117,10:38:21,0.95,50,51600
20240117,10:38:29,0.95,50,51600
20240117,10:38:48,1.0,50,49800
20240117,10:40:03,0.95,150,49800
20240117,10:40:04,1.0,50,49800
20240117,10:40:20,1.0,100,49800
20240117,10:40:21,1.0,50,49800
20240117,10:40:33,1.0,50,49800
20240117,10:41:16,1.0,50,49800
20240117,10:41:19,0.95,150,49800
20240117,10:41:33,1.0,100,49800
20240117,10:42:07,0.95,500,49950
20240117,10:42:55,0.95,1800,49950
20240117,10:43:33,1.0,800,49950
20240117,10:43:48,1.05,50,49950
20240117,10:44:01,1.0,400,49950
20240117,10:44:03,1.0,250,49950
20240117,10:44:06,1.0,250,49950
20240117,10:44:18,1.0,150,49950
20240117,10:44:32,1.0,350,49950
20240117,10:44:37,1.0,400,49950
20240117,10:44:52,1.0,100,48800
20240117,10:45:07,1.0,250,48800
20240117,10:45:13,1.0,250,48800
20240117,10:45:40,1.0,250,48800
20240117,10:45:45,1.0,100,48800
20240117,10:45:49,1.05,50,48800
20240117,10:45:52,1.0,250,48800
20240117,10:47:18,1.0,1150,48800
20240117,10:47:50,1.0,300,48850
20240117,10:47:51,1.0,1800,48850
20240117,10:48:56,1.05,50,48850
20240117,10:50:28,1.05,50,48850
20240117,10:51:03,1.05,50,48850
20240117,10:51:06,1.0,50,50600
20240117,10:51:06,1.05,50,50600
20240117,10:51:32,1.0,100,50600
20240117,10:51:40,1.0,50,50600
20240117,10:51:51,1.05,50,50600
20240117,10:53:13,1.05,50,50600
20240117,10:55:06,1.05,1950,50750
20240117,10:55:24,1.05,200,50750
20240117,10:56:11,1.05,200,50750
20240117,10:57:03,1.05,150,52250
20240117,10:57:17,1.0,50,52250
20240117,10:57:43,1.05,50,52250
20240117,10:58:14,1.05,400,52250
20240117,10:58:56,1.0,200,52250
20240117,10:59:38,1.05,50,52250
20240117,11:00:41,1.0,50,52650
20240117,11:01:33,1.05,50,52650
20240117,11:02:24,1.05,100,52650
20240117,11:02:38,1.0,50,52650
20240117,11:03:36,1.05,50,52600
20240117,11:03:45,1.0,50,52600
20240117,11:04:04,1.05,500,52600
20240117,11:04:38,1.05,50,52600
20240117,11:06:40,1.0,50,52600
20240117,11:08:05,1.05,800,52600
20240117,11:09:21,1.0,50,52550
20240117,11:10:10,1.05,350,52550
20240117,11:11:10,1.0,50,52550
20240117,11:11:42,1.0,150,52550
20240117,11:12:12,1.0,50,52550
20240117,11:14:51,1.05,50,52650
20240117,11:15:00,1.0,150,52600
20240117,11:16:48,1.05,800,52600
20240117,11:16:50,1.05,1800,52600
20240117,11:16:55,1.05,250,52600
20240117,11:17:07,1.05,250,52600
20240117,11:17:58,1.05,1800,54750
20240117,11:18:14,1.1,50,54750
20240117,11:18:23,1.05,50,54750
20240117,11:18:26,1.1,1700,54750
20240117,11:18:26,1.1,1800,54750
20240117,11:20:28,1.05,500,54750
20240117,11:22:05,1.1,50,54750
20240117,11:22:09,1.1,7300,54300
20240117,11:22:13,1.05,5000,54300
20240117,11:22:24,1.1,50,54300
20240117,11:22:34,1.1,50,54300
20240117,11:22:47,1.1,50,54300
20240117,11:22:51,1.1,50,54300
20240117,11:23:04,1.1,150,54300
20240117,11:23:26,1.1,150,54300
20240117,11:23:54,1.1,1950,54300
20240117,11:24:04,1.15,50,52300
20240117,11:24:09,1.15,5000,52300
20240117,11:24:13,1.1,5000,52300
20240117,11:24:21,1.1,150,52300
20240117,11:24:30,1.15,300,52300
20240117,11:24:39,1.1,50,52300
20240117,11:25:13,1.1,250,52300
20240117,11:25:47,1.1,250,52300
20240117,11:26:12,1.1,200,52300
20240117,11:26:16,1.1,50,52300
20240117,11:26:37,1.1,250,52300
20240117,11:26:42,1.1,300,52300
20240117,11:32:01,1.1,100,54900
20240117,11:32:11,1.1,100,54900
20240117,11:32:16,1.15,50,54900
20240117,11:32:26,1.15,50,54900
20240117,11:32:58,1.1,50,55000
20240117,11:32:59,1.1,3500,55000
20240117,11:33:27,1.15,1800,55000
20240117,11:33:49,1.1,100,55000
20240117,11:34:22,1.15,250,55000
20240117,11:35:57,1.1,50,53400
20240117,11:36:28,1.15,250,53400
20240117,11:36:29,1.15,500,53400
20240117,11:36:33,1.15,100,53400
20240117,11:36:37,1.15,1800,53400
20240117,11:36:38,1.15,1800,53400
20240117,11:36:39,1.15,1900,53400
20240117,11:36:41,1.2,1800,53400
20240117,11:36:42,1.15,50,53400
20240117,11:38:11,1.2,150,53400
20240117,11:38:30,1.2,250,53400
20240117,11:39:10,1.2,50,53400
20240117,11:39:25,1.2,250,61300
20240117,11:39:35,1.2,150,61300
20240117,11:39:36,1.2,50,61300
20240117,11:39:42,1.2,1750,61300
20240117,11:39:43,1.2,500,61300
20240117,11:39:48,1.2,150,61300
20240117,11:39:50,1.2,150,61300
20240117,11:39:52,1.2,150,61300
20240117,11:40:01,1.2,600,61300
20240117,11:40:02,1.2,500,61300
20240117,11:40:04,1.2,4750,61300
20240117,11:40:05,1.2,4600,61300
20240117,11:40:06,1.2,550,61300
20240117,11:40:09,1.2,2300,61300
20240117,11:40:09,1.2,250,61300
20240117,11:40:32,1.25,300,61300
20240117,11:41:06,1.3,600,61300
20240117,11:41:07,1.3,450,61300
20240117,11:41:14,1.3,1750,61300
20240117,11:41:36,1.35,250,61300
20240117,11:41:50,1.35,1000,61300
20240117,11:42:07,1.35,1000,61300
20240117,11:42:11,1.4,300,58900
20240117,11:42:28,1.4,300,58900
20240117,11:42:29,1.4,50,58900
20240117,11:42:31,1.4,600,58900
20240117,11:42:37,1.4,300,58900
20240117,11:42:38,1.4,300,58900
20240117,11:42:39,1.4,1800,58900
20240117,11:42:41,1.4,900,58900
20240117,11:42:42,1.4,250,58900
20240117,11:42:43,1.4,250,58900
20240117,11:42:47,1.4,250,58900
20240117,11:42:53,1.4,600,58900
20240117,11:43:01,1.4,350,58900
20240117,11:43:02,1.4,250,58900
20240117,11:43:03,1.4,2050,58900
20240117,11:43:05,1.4,700,58900
20240117,11:43:11,1.4,250,58900
20240117,11:43:12,1.4,2250,58900
20240117,11:44:13,1.45,1950,58900
20240117,11:44:16,1.5,700,58900
20240117,11:44:17,1.55,250,58900
20240117,11:44:18,1.5,400,58900
20240117,11:44:24,1.5,1800,58900
20240117,11:44:41,1.5,250,58900
20240117,11:44:57,1.55,1800,64550
20240117,11:45:03,1.55,1800,64550
20240117,11:45:13,1.6,1750,64550
20240117,11:45:23,1.7,250,64550
20240117,11:45:29,1.7,600,64550
20240117,11:45:36,1.7,4000,64550
20240117,11:45:37,1.7,1700,64550
20240117,11:45:57,1.75,50,64550
20240117,11:46:32,1.75,100,64550
20240117,11:46:40,1.75,50,64550
20240117,11:47:13,1.75,1000,64550
20240117,11:47:17,1.75,1800,64550
20240117,11:47:33,1.75,50,64550
20240117,11:47:52,1.75,250,64550
20240117,11:47:53,1.7,700,71700
20240117,11:48:06,1.7,500,71700
20240117,11:48:10,1.7,1800,71700
20240117,11:48:11,1.75,50,71700
20240117,11:48:34,1.75,50,71700
20240117,11:48:49,1.75,250,71700
20240117,11:49:06,1.75,50,71700
20240117,11:49:18,1.7,50,71700
20240117,11:49:51,1.7,1800,71700
20240117,11:49:57,1.7,1800,71700
20240117,11:49:58,1.75,150,71700
20240117,11:50:26,1.75,200,71700
20240117,11:51:04,1.7,1800,71700
20240117,11:51:13,1.7,250,73250
20240117,11:51:47,1.75,50,73250
20240117,11:53:01,1.75,50,73250
20240117,11:53:11,1.7,250,73250
20240117,11:53:13,1.7,250,73250
20240117,11:53:15,1.7,250,73250
20240117,11:53:19,1.7,3600,73250
20240117,11:53:20,1.7,1150,73250
20240117,11:53:25,1.7,750,73250
20240117,11:54:21,1.65,1700,72100
20240117,11:54:43,1.65,1800,72100
20240117,11:54:55,1.65,50,72100
20240117,11:54:59,1.65,1000,72100
20240117,11:55:07,1.65,200,72100
20240117,11:55:39,1.65,50,72100
20240117,11:56:26,1.65,250,72100
20240117,11:57:01,1.65,250,72050
20240117,11:57:53,1.65,800,72050
20240117,11:59:47,1.6,450,72050
20240117,12:00:05,1.6,200,72050
20240117,12:00:18,1.6,1800,72050
20240117,12:02:17,1.6,150,72050
20240117,12:02:30,1.65,1800,72050
20240117,12:02:32,1.65,50,72050
20240117,12:02:41,1.65,50,72050
20240117,12:04:52,1.6,250,72050
20240117,12:04:56,1.6,250,73850
20240117,12:05:04,1.65,50,73850
20240117,12:05:18,1.6,50,73850
20240117,12:05:48,1.6,300,73850
20240117,12:06:06,1.6,250,73850
20240117,12:06:19,1.65,50,74500
20240117,12:06:46,1.6,250,74500
20240117,12:06:47,1.6,250,74500
20240117,12:06:52,1.6,250,74500
20240117,12:06:53,1.6,250,74500
20240117,12:07:02,1.6,100,74500
20240117,12:07:03,1.6,250,74500
20240117,12:07:04,1.6,500,74500
20240117,12:07:57,1.55,500,74500
20240117,12:08:22,1.55,250,74500
20240117,12:08:23,1.55,300,74500
20240117,12:08:45,1.55,100,74500
20240117,12:08:54,1.55,3000,74500
20240117,12:08:59,1.55,250,74500
20240117,12:09:02,1.55,250,76900
20240117,12:09:04,1.55,300,76900
20240117,12:09:09,1.5,550,76900
20240117,12:09:15,1.5,450,76900
20240117,12:09:18,1.5,500,76900
20240117,12:09:32,1.55,50,76900
20240117,12:09:34,1.5,300,76900
20240117,12:09:55,1.5,100,76900
20240117,12:10:23,1.55,1000,76900
20240117,12:10:35,1.5,150,76900
20240117,12:10:54,1.55,50,76900
20240117,12:11:00,1.55,200,76900
20240117,12:11:13,1.5,1800,76900
20240117,12:12:11,1.5,50,82100
20240117,12:12:14,1.5,50,82100
20240117,12:12:28,1.5,1500,82100
20240117,12:12:41,1.45,600,82100
20240117,12:12:44,1.45,900,82100
20240117,12:12:50,1.45,50,82100
20240117,12:13:09,1.45,50,82100
20240117,12:13:12,1.45,1000,82100
20240117,12:13:13,1.45,150,82100
20240117,12:13:16,1.55,50,82100
20240117,12:13:49,1.5,50,82100
20240117,12:13:49,1.5,1500,82100
20240117,12:14:10,1.55,50,82100
20240117,12:14:35,1.55,50,82100
20240117,12:14:47,1.5,550,82100
20240117,12:14:48,1.5,50,82100
20240117,12:14:49,1.5,50,82100
20240117,12:14:51,1.5,900,82100
20240117,12:14:53,1.5,50,82100
20240117,12:14:54,1.5,50,82100
20240117,12:14:55,1.45,50,82100
20240117,12:14:58,1.5,50,84850
20240117,12:15:36,1.5,50,84850
20240117,12:16:26,1.45,50,84850
20240117,12:16:50,1.45,250,84850
20240117,12:16:52,1.45,250,84850
20240117,12:16:57,1.45,500,84850
20240117,12:16:59,1.4,300,84850
20240117,12:17:05,1.4,50,84850
20240117,12:17:28,1.45,1800,84850
20240117,12:18:15,1.4,50,84850
20240117,12:18:52,1.4,250,86250
20240117,12:18:53,1.4,250,86250
20240117,12:18:55,1.4,50,86250
20240117,12:19:03,1.4,350,86250
20240117,12:19:09,1.35,50,86250
20240117,12:20:00,1.35,1800,86250
20240117,12:20:09,1.35,1050,86250
20240117,12:20:20,1.4,300,86250
20240117,12:20:24,1.4,4200,86250
20240117,12:20:39,1.4,1000,86250
20240117,12:21:04,1.4,1800,82650
20240117,12:21:06,1.35,250,82650
20240117,12:21:47,1.35,300,82650
20240117,12:22:12,1.35,250,82650
20240117,12:22:13,1.35,250,82650
20240117,12:22:37,1.35,500,82650
20240117,12:22:41,1.35,400,82650
20240117,12:22:51,1.35,300,82650
20240117,12:23:22,1.4,50,82650
20240117,12:23:27,1.35,300,82650
20240117,12:23:42,1.4,1800,82650
20240117,12:23:54,1.4,150,82650
20240117,12:24:29,1.4,50,85200
20240117,12:26:11,1.3,8200,85200
20240117,12:26:12,1.3,16600,85200
20240117,12:26:13,1.3,400,85200
20240117,12:26:15,1.3,100,85200
20240117,12:26:17,1.3,50,85200
20240117,12:26:18,1.3,50,85200
20240117,12:26:21,1.3,100,85200
20240117,12:26:30,1.25,50,85200
20240117,12:26:37,1.25,500,85200
20240117,12:26:38,1.25,250,85200
20240117,12:26:53,1.3,50,85200
20240117,12:26:59,1.3,50,104400
20240117,12:27:13,1.3,300,104400
20240117,12:27:14,1.3,300,104400
20240117,12:27:15,1.3,300,104400
20240117,12:27:16,1.3,600,104400
20240117,12:27:17,1.3,600,104400
20240117,12:27:18,1.3,600,104400
20240117,12:27:19,1.3,300,104400
20240117,12:27:22,1.25,250,104400
20240117,12:27:32,1.25,50,104400
20240117,12:27:40,1.3,50,104400
20240117,12:27:54,1.25,200,104400
20240117,12:28:05,1.3,50,104400
20240117,12:28:34,1.3,50,104400
20240117,12:28:35,1.3,50,104400
20240117,12:30:11,1.25,250,102650
20240117,12:31:06,1.25,50,102650
20240117,12:31:23,1.25,50,102650
20240117,12:31:24,1.3,1000,102650
20240117,12:31:27,1.3,300,102650
20240117,12:33:55,1.3,150,102350
20240117,12:34:41,1.25,600,102350
20240117,12:34:46,1.3,50,102350
20240117,12:35:05,1.25,1350,102350
20240117,12:36:39,1.25,150,102350
20240117,12:37:54,1.25,1700,102350
20240117,12:37:55,1.25,650,102350
20240117,12:38:09,1.25,50,102350
20240117,12:38:27,1.2,50,102350
20240117,12:39:05,1.25,50,102350
20240117,12:39:09,1.25,1800,102350
20240117,12:41:20,1.2,250,102350
20240117,12:42:03,1.25,250,102200
20240117,12:42:04,1.25,250,102200
20240117,12:42:08,1.25,250,102200
20240117,12:42:14,1.25,800,102200
20240117,12:43:04,1.25,250,102200
20240117,12:43:06,1.25,250,102200
20240117,12:43:20,1.25,1800,102200
20240117,12:43:29,1.25,350,102200
20240117,12:43:53,1.25,250,102200
20240117,12:44:00,1.25,250,102200
20240117,12:45:39,1.25,250,99200
20240117,12:45:57,1.3,100,99200
20240117,12:46:17,1.3,1800,99200
20240117,12:47:52,1.3,1800,99200
20240117,12:48:48,1.3,150,99200
20240117,12:49:27,1.3,50,99400
20240117,12:49:45,1.3,250,99400
20240117,12:49:56,1.3,250,99400
20240117,12:50:16,1.3,50,99400
20240117,12:50:55,1.3,600,99400
20240117,12:51:05,1.25,100,99400
20240117,12:51:11,1.25,100,98350
20240117,12:51:13,1.3,50,98350
20240117,12:54:25,1.25,50,98200
20240117,12:54:49,1.25,850,98200
20240117,12:55:04,1.25,50,98200
20240117,12:55:38,1.3,50,98200
20240117,12:55:39,1.3,50,98200
20240117,12:56:19,1.3,1000,98200
20240117,12:56:31,1.25,50,98200
20240117,12:56:39,1.3,50,98200
20240117,12:58:39,1.3,50,97950
20240117,13:00:20,1.25,1800,97950
20240117,13:05:22,1.3,50,99750
20240117,13:06:10,1.3,50,99750
20240117,13:07:03,1.3,50,99750
20240117,13:07:29,1.25,50,99750
20240117,13:10:51,1.25,250,99750
20240117,13:10:59,1.3,50,99750
20240117,13:11:17,1.3,100,99750
20240117,13:11:44,1.3,250,99750
20240117,13:14:35,1.3,50,99750
20240117,13:17:14,1.3,100,99750
20240117,13:21:53,1.3,50,99750
20240117,13:22:37,1.3,50,99750
20240117,13:23:17,1.25,50,99750
20240117,13:24:35,1.25,50,99750
20240117,13:24:46,1.3,100,99750
20240117,13:25:11,1.3,1800,99750
20240117,13:27:36,1.25,250,98550
20240117,13:28:43,1.3,300,98550
20240117,13:28:51,1.25,300,98550
20240117,13:29:25,1.3,500,98550
20240117,13:29:50,1.25,250,98550
20240117,13:31:32,1.25,1800,98550
20240117,13:31:43,1.3,50,99600
20240117,13:31:44,1.3,50,99600
20240117,13:31:46,1.3,50,99600
20240117,13:31:47,1.3,50,99600
20240117,13:31:51,1.3,50,99600
20240117,13:31:53,1.25,250,99600
20240117,13:32:01,1.25,1800,99600
20240117,13:32:28,1.25,50,99600
20240117,13:33:24,1.3,100,101200
20240117,13:33:42,1.25,1500,101200
20240117,13:34:20,1.25,50,101200
20240117,13:34:21,1.25,50,101200
20240117,13:34:23,1.25,150,101200
20240117,13:34:34,1.25,50,101200
20240117,13:35:07,1.25,250,101200
20240117,13:35:21,1.3,50,101200
20240117,13:36:35,1.25,200,102300
20240117,13:37:10,1.25,50,102300
20240117,13:37:11,1.25,50,102300
20240117,13:37:12,1.3,250,102300
20240117,13:37:19,1.3,250,102300
20240117,13:37:25,1.25,50,102300
20240117,13:37:43,1.25,150,102300
20240117,13:37:51,1.25,150,102300
20240117,13:38:01,1.25,50,102300
20240117,13:38:16,1.25,50,102300
20240117,13:38:26,1.25,100,102300
20240117,13:38:27,1.3,250,102300
20240117,13:38:31,1.25,50,102300
20240117,13:38:36,1.25,100,102300
20240117,13:38:44,1.25,50,102300
20240117,13:38:52,1.25,50,102300
20240117,13:38:58,1.3,100,102300
20240117,13:39:01,1.3,300,102300
20240117,13:39:04,1.3,800,102300
20240117,13:39:07,1.25,100,102300
20240117,13:39:26,1.3,250,102350
20240117,13:39:39,1.3,750,102350
20240117,13:39:56,1.25,50,102350
20240117,13:40:08,1.3,500,102350
20240117,13:40:23,1.25,50,102350
20240117,13:40:41,1.3,100,102350
20240117,13:40:49,1.3,350,102350
20240117,13:41:02,1.3,1800,102350
20240117,13:42:20,1.3,100,103150
20240117,13:42:43,1.3,300,103150
20240117,13:43:09,1.25,50,103150
20240117,13:43:20,1.3,6000,103150
20240117,13:43:20,1.3,200,103150
20240117,13:44:31,1.25,100,103150
20240117,13:45:29,1.3,50,103950
20240117,13:45:45,1.25,300,103950
20240117,13:46:11,1.3,50,103950
20240117,13:46:29,1.25,250,103950
20240117,13:47:09,1.25,250,103950
20240117,13:48:43,1.25,100,103950
20240117,13:51:06,1.3,250,103950
20240117,13:51:07,1.3,50,103950
20240117,13:51:32,1.25,50,104150
20240117,13:51:33,1.25,50,104150
20240117,13:51:35,1.25,500,104150
20240117,13:51:54,1.25,100,104150
20240117,13:52:13,1.25,50,104150
20240117,13:52:38,1.25,500,104150
20240117,13:53:39,1.25,50,104150
20240117,13:53:41,1.25,50,104150
20240117,13:54:06,1.25,500,104150
20240117,13:55:28,1.25,7500,104150
20240117,13:55:44,1.2,500,103700
20240117,13:56:02,1.2,500,103700
20240117,13:56:20,1.2,500,103700
20240117,13:56:38,1.2,250,103700
20240117,13:56:43,1.25,50,103700
20240117,13:56:49,1.25,50,103700
20240117,13:59:13,1.25,1800,108050
20240117,13:59:23,1.2,1750,108050
20240117,14:02:03,1.25,1800,108050
20240117,14:02:42,1.25,100,106250
20240117,14:04:19,1.2,100,106250
20240117,14:04:38,1.25,2000,106400
20240117,14:05:12,1.2,200,106400
20240117,14:07:40,1.2,50,106300
20240117,14:08:17,1.25,200,106300
20240117,14:08:18,1.25,850,106300
20240117,14:09:16,1.2,250,106300
20240117,14:09:22,1.2,500,106300
20240117,14:09:34,1.2,150,106300
20240117,14:10:07,1.2,200,106300
20240117,14:12:11,1.2,500,106400
20240117,14:13:16,1.25,50,106400
20240117,14:16:38,1.25,1800,106900
20240117,14:16:39,1.25,250,106900
20240117,14:17:14,1.2,50,106900
20240117,14:19:30,1.25,250,106900
20240117,14:19:49,1.2,50,107050
20240117,14:20:35,1.2,50,107050
20240117,14:20:53,1.25,50,107050
20240117,14:21:12,1.25,1800,107050
20240117,14:21:17,1.2,350,107050
20240117,14:23:30,1.2,100,107050
20240117,14:26:22,1.2,50,107050
20240117,14:26:52,1.2,50,107050
20240117,14:26:58,1.2,100,107050
20240117,14:27:00,1.2,150,107050
20240117,14:27:11,1.25,50,107050
20240117,14:27:32,1.2,1150,107050
20240117,14:27:33,1.2,250,107050
20240117,14:27:34,1.2,450,107050
20240117,14:27:59,1.25,500,107050
20240117,14:28:22,1.2,150,107050
20240117,14:28:42,1.2,50,107050
20240117,14:29:17,1.3,9600,107050
20240117,14:30:04,1.3,150,107050
20240117,14:30:20,1.3,50,107050
20240117,14:30:52,1.3,150,103100
20240117,14:31:00,1.35,250,103100
20240117,14:31:01,1.35,100,103100
20240117,14:31:30,1.3,250,103100
20240117,14:31:43,1.3,100,103100
20240117,14:31:45,1.35,1800,103100
20240117,14:31:47,1.3,150,103100
20240117,14:31:52,1.35,100,103100
20240117,14:31:54,1.35,100,103100
20240117,14:31:55,1.35,750,103100
20240117,14:32:06,1.35,150,103100
20240117,14:32:10,1.4,100,103100
20240117,14:32:35,1.4,150,103100
20240117,14:32:41,1.4,300,103100
20240117,14:32:56,1.4,300,103100
20240117,14:33:03,1.4,300,103100
20240117,14:33:16,1.4,150,103100
20240117,14:33:26,1.4,150,103000
20240117,14:33:34,1.4,150,103000
20240117,14:33:45,1.45,100,103000
20240117,14:34:04,1.4,200,103000
20240117,14:34:18,1.4,50,103000
20240117,14:34:42,1.4,50,103000
20240117,14:34:46,1.4,50,103000
20240117,14:35:36,1.45,100,103000
20240117,14:35:52,1.4,50,103000
20240117,14:36:13,1.45,50,103000
20240117,14:36:46,1.45,100,102450
20240117,14:36:52,1.45,50,102450
20240117,14:36:54,1.4,50,102450
20240117,14:38:07,1.5,100,102450
20240117,14:38:48,1.5,1800,102450
20240117,14:39:14,1.5,50,102450
20240117,14:39:38,1.5,50,102450
20240117,14:39:44,1.5,50,101650
20240117,14:39:51,1.5,50,101650
20240117,14:40:02,1.5,100,101650
20240117,14:40:11,1.5,250,101650
20240117,14:40:29,1.5,1500,101650
20240117,14:40:53,1.5,400,101650
20240117,14:41:03,1.5,50,101650
20240117,14:41:08,1.5,100,101650
20240117,14:41:39,1.5,250,101650
20240117,14:41:55,1.5,500,101650
20240117,14:41:56,1.5,900,101650
20240117,14:44:06,1.55,100,101700
20240117,14:44:32,1.55,100,101700
20240117,14:44:33,1.55,100,101700
20240117,14:44:39,1.55,150,101700
20240117,14:46:31,1.5,100,101700
20240117,14:46:32,1.5,100,101550
20240117,14:46:34,1.5,50,101550
20240117,14:48:27,1.5,1750,101650
20240117,14:48:28,1.5,1750,101650
20240117,14:48:30,1.5,1750,101650
20240117,14:48:31,1.5,1750,101650
20240117,14:48:32,1.5,7000,101650
20240117,14:48:33,1.5,1750,101650
20240117,14:48:34,1.5,3500,101650
20240117,14:48:36,1.45,8750,101650
20240117,14:48:37,1.45,2550,101650
20240117,14:49:07,1.5,1000,101650
20240117,14:50:18,1.4,50,101650
20240117,14:50:29,1.4,100,101650
20240117,14:50:48,1.4,800,101650
20240117,14:50:54,1.45,500,101650
20240117,14:50:55,1.4,50,101650
20240117,14:51:01,1.4,800,101650
20240117,14:51:14,1.4,700,101650
20240117,14:51:26,1.4,50,128550
20240117,14:51:28,1.35,50,128550
20240117,14:51:35,1.35,1050,128550
20240117,14:51:44,1.3,900,128550
20240117,14:52:11,1.25,400,128550
20240117,14:52:51,1.3,250,128550
20240117,14:53:15,1.2,50,128550
20240117,14:53:46,1.25,250,128550
20240117,14:54:17,1.25,500,128550
20240117,14:54:21,1.25,500,128550
20240117,14:54:24,1.25,500,128550
20240117,14:54:40,1.25,3500,128550
20240117,14:54:41,1.25,15450,128550
20240117,14:54:43,1.25,250,128550
20240117,14:55:08,1.3,1750,128550
20240117,14:55:09,1.35,9550,128550
20240117,14:55:10,1.35,50,128550
20240117,14:55:23,1.25,500,128550
20240117,14:56:23,1.25,750,128550
20240117,14:56:34,1.25,500,128550
20240117,14:56:49,1.25,500,128550
20240117,14:57:39,1.25,1000,128550
20240117,14:57:41,1.25,250,98100
20240117,14:57:46,1.25,250,98100
20240117,14:57:59,1.3,3500,98100
20240117,14:58:00,1.35,20400,98100
20240117,14:58:05,1.35,50,98100
20240117,14:58:06,1.35,50,98100
20240117,14:58:48,1.4,1950,98100
20240117,14:58:48,1.4,2150,98100
20240117,14:58:52,1.4,50,98100
20240117,14:58:58,1.4,200,98100
20240117,14:59:02,1.4,300,98100
20240117,14:59:03,1.4,800,98100
20240117,14:59:14,1.5,6150,98100
20240117,14:59:15,1.4,50,98100
20240117,14:59:21,1.4,50,98100
20240117,14:59:22,1.4,50,98100
20240117,14:59:23,1.4,50,98100
20240117,14:59:24,1.4,500,98100
20240117,14:59:25,1.4,250,98100
20240117,14:59:29,1.4,1000,98100
20240117,14:59:33,1.4,250,98100
20240117,14:59:54,1.4,250,98100
20240117,15:00:08,1.4,250,98100
20240117,15:00:31,1.4,150,126000
20240117,15:00:41,1.4,50,126000
20240117,15:00:47,1.5,1600,126000
20240117,15:00:48,1.5,2800,126000
20240117,15:01:01,1.45,300,126000
20240117,15:01:10,1.45,1800,126000
20240117,15:01:11,1.45,300,126000
20240117,15:01:25,1.5,150,126000
20240117,15:01:28,1.5,250,126000
20240117,15:01:30,1.5,50,126000
20240117,15:01:45,1.5,250,126000
20240117,15:01:46,1.5,50,126000
20240117,15:01:48,1.5,1050,126000
20240117,15:02:04,1.55,250,126000
20240117,15:02:05,1.55,2800,126000
20240117,15:02:13,1.55,450,126000
20240117,15:02:15,1.55,300,126000
20240117,15:02:19,1.55,500,126000
20240117,15:02:26,1.55,900,126000
20240117,15:02:28,1.55,450,126000
20240117,15:02:30,1.55,300,126000
20240117,15:02:31,1.55,100,126000
20240117,15:02:49,1.55,900,126000
20240117,15:02:51,1.55,900,126000
20240117,15:03:00,1.55,50,126000
20240117,15:03:08,1.6,900,126000
20240117,15:03:11,1.6,1800,126000
20240117,15:03:12,1.65,50,126000
20240117,15:03:22,1.6,50,129500
20240117,15:03:36,1.65,250,129500
20240117,15:03:44,1.6,300,129500
20240117,15:03:53,1.6,250,129500
20240117,15:04:07,1.6,250,129500
20240117,15:04:15,1.6,250,129500
20240117,15:04:19,1.6,300,129500
20240117,15:04:20,1.6,1550,129500
20240117,15:04:34,1.55,300,129500
20240117,15:04:38,1.55,400,129500
20240117,15:04:42,1.55,250,129500
20240117,15:04:43,1.55,250,129500
20240117,15:04:53,1.55,350,129500
20240117,15:04:58,1.55,950,129500
20240117,15:05:02,1.5,300,129500
20240117,15:05:03,1.5,100,129500
20240117,15:05:07,1.5,100,129500
20240117,15:05:08,1.5,450,129500
20240117,15:05:08,1.5,200,129500
20240117,15:05:09,1.5,1650,129500
20240117,15:05:14,1.5,50,129500
20240117,15:05:17,1.5,50,129500
20240117,15:05:19,1.5,1200,129500
20240117,15:05:20,1.5,300,129500
20240117,15:05:22,1.5,1550,129500
20240117,15:05:26,1.5,200,129500
20240117,15:05:28,1.45,50,129500
20240117,15:05:41,1.5,250,129500
20240117,15:05:54,1.45,300,129500
20240117,15:05:57,1.45,50,129500
20240117,15:05:59,1.45,300,129500
20240117,15:06:00,1.45,1000,129500
20240117,15:06:03,1.45,500,129500
20240117,15:06:08,1.45,100,129500
20240117,15:06:11,1.45,50,129500
20240117,15:06:17,1.4,300,129500
20240117,15:06:21,1.4,300,130350
20240117,15:06:24,1.4,300,130350
20240117,15:06:27,1.4,300,130350
20240117,15:06:31,1.4,300,130350
20240117,15:06:34,1.4,50,130350
20240117,15:07:06,1.4,1800,130350
20240117,15:07:08,1.4,1750,130350
20240117,15:07:10,1.4,50,130350
20240117,15:07:12,1.35,50,130350
20240117,15:07:23,1.4,50,130350
20240117,15:07:24,1.4,350,130350
20240117,15:07:51,1.35,50,130350
20240117,15:08:24,1.4,150,130350
20240117,15:08:33,1.4,250,130350
20240117,15:08:54,1.4,250,130350
20240117,15:09:05,1.4,600,130350
20240117,15:09:29,1.4,2000,132450
20240117,15:09:33,1.4,150,132450
20240117,15:09:34,1.4,100,132450
20240117,15:09:48,1.4,250,132450
20240117,15:09:48,1.4,150,132450
20240117,15:09:50,1.35,1800,132450
20240117,15:09:55,1.4,300,132450
20240117,15:09:56,1.4,50,132450
20240117,15:09:57,1.4,150,132450
20240117,15:10:02,1.4,50,132450
20240117,15:10:03,1.4,150,132450
20240117,15:10:04,1.4,250,132450
20240117,15:10:06,1.4,200,132450
20240117,15:10:10,1.4,50,132450
20240117,15:10:11,1.4,150,132450
20240117,15:10:12,1.35,650,132450
20240117,15:10:12,1.4,500,132450
20240117,15:10:15,1.4,250,132450
20240117,15:10:16,1.4,50,132450
20240117,15:10:23,1.4,250,132450
20240117,15:10:25,1.4,1800,132450
20240117,15:10:28,1.4,50,132450
20240117,15:10:32,1.4,250,132450
20240117,15:10:37,1.35,700,132450
20240117,15:10:42,1.4,250,132450
20240117,15:10:50,1.4,250,132450
20240117,15:10:52,1.4,150,132450
20240117,15:10:54,1.4,50,132450
20240117,15:10:54,1.4,250,132450
20240117,15:10:56,1.4,350,132450
20240117,15:10:57,1.4,50,132450
20240117,15:10:58,1.4,50,132450
20240117,15:10:58,1.4,200,132450
20240117,15:10:59,1.4,150,132450
20240117,15:11:01,1.4,250,132450
20240117,15:11:01,1.4,50,132450
20240117,15:11:03,1.4,50,132450
20240117,15:11:03,1.4,250,132450
20240117,15:11:04,1.4,100,132450
20240117,15:11:06,1.4,2100,132450
20240117,15:11:08,1.4,550,132450
20240117,15:11:15,1.45,2250,132450
20240117,15:11:43,1.35,500,132450
20240117,15:11:57,1.45,100,132450
20240117,15:12:03,1.35,600,132450
20240117,15:12:15,1.4,100,132450
20240117,15:12:16,1.4,250,132450
20240117,15:12:19,1.4,250,132450
20240117,15:12:20,1.35,800,132050
20240117,15:12:29,1.4,250,132050
20240117,15:12:36,1.4,50,132050
20240117,15:12:37,1.4,100,132050
20240117,15:12:46,1.4,250,132050
20240117,15:12:55,1.4,150,132050
20240117,15:13:11,1.4,700,132050
20240117,15:13:20,1.4,250,132050
20240117,15:13:23,1.35,800,132050
20240117,15:13:24,1.35,100,132050
20240117,15:13:25,1.35,300,132050
20240117,15:13:26,1.35,250,132050
20240117,15:13:31,1.35,150,132050
20240117,15:13:32,1.4,800,132050
20240117,15:13:38,1.4,800,132050
20240117,15:13:39,1.4,750,132050
20240117,15:13:40,1.4,750,132050
20240117,15:13:41,1.4,250,132050
20240117,15:13:42,1.35,50,132050
20240117,15:13:43,1.35,50,132050
20240117,15:13:44,1.4,450,132050
20240117,15:13:45,1.35,50,132050
20240117,15:13:47,1.35,50,132050
20240117,15:13:48,1.35,550,132050
20240117,15:13:49,1.35,50,132050
20240117,15:13:54,1.35,50,132050
20240117,15:13:55,1.4,50,132050
20240117,15:13:56,1.35,50,132050
20240117,15:13:58,1.4,300,132050
20240117,15:14:05,1.35,550,132050
20240117,15:14:12,1.4,250,132050
20240117,15:14:21,1.4,2000,132050
20240117,15:14:26,1.4,500,132050
20240117,15:14:29,1.4,500,132050
20240117,15:14:32,1.4,500,132050
20240117,15:14:33,1.4,500,132050
20240117,15:14:36,1.4,500,132050
20240117,15:15:41,1.35,250,136850
20240117,15:15:47,1.4,2300,136850
20240117,15:15:50,1.35,50,136850
20240117,15:15:51,1.35,100,136850
20240117,15:15:52,1.35,300,136850
20240117,15:15:53,1.35,50,136850
20240117,15:15:54,1.35,100,136850
20240117,15:15:56,1.35,500,136850
20240117,15:16:03,1.35,500,136850
20240117,15:16:07,1.35,1800,136850
20240117,15:16:09,1.35,50,136850
20240117,15:16:10,1.35,50,136850
20240117,15:16:11,1.35,100,136850
20240117,15:16:12,1.35,1800,136850
20240117,15:16:17,1.35,1750,136850
20240117,15:16:19,1.35,200,136850
20240117,15:16:20,1.35,200,136850
20240117,15:16:21,1.35,100,136850
20240117,15:16:22,1.3,350,136850
20240117,15:16:25,1.35,600,136850
20240117,15:16:26,1.35,350,136850
20240117,15:16:27,1.35,100,136850
20240117,15:16:29,1.35,1100,136850
20240117,15:16:34,1.35,3600,136850
20240117,15:16:34,1.4,1850,136850
20240117,15:16:49,1.3,50,136850
20240117,15:16:50,1.3,50,136850
20240117,15:16:52,1.3,50,136850
20240117,15:16:53,1.3,50,136850
20240117,15:16:55,1.3,50,136850
20240117,15:16:56,1.3,50,136850
20240117,15:16:59,1.3,50,136850
20240117,15:17:02,1.3,3000,136850
20240117,15:17:05,1.3,1100,136850
20240117,15:17:08,1.25,1500,136850
20240117,15:17:10,1.25,750,136850
20240117,15:17:18,1.25,2200,136850
20240117,15:17:25,1.25,850,136850
20240117,15:17:41,1.2,150,136850
20240117,15:17:42,1.2,300,136850
20240117,15:17:43,1.2,50,136850
20240117,15:17:44,1.2,1500,136850
20240117,15:17:45,1.2,2200,136850
20240117,15:17:46,1.15,500,136850
20240117,15:17:48,1.15,950,136850
20240117,15:17:51,1.15,150,136850
20240117,15:17:51,1.15,550,136850
20240117,15:17:52,1.15,850,136850
20240117,15:17:53,1.1,50,136850
20240117,15:17:54,1.1,50,136850
20240117,15:17:55,1.1,50,136850
20240117,15:17:56,1.1,50,136850
20240117,15:17:59,1.1,50,136850
20240117,15:18:00,1.1,50,136850
20240117,15:18:02,1.1,50,136850
20240117,15:18:03,1.05,950,136850
20240117,15:18:04,1.05,100,136850
20240117,15:18:12,1.0,100,136850
20240117,15:18:13,1.0,1200,136850
20240117,15:18:14,0.95,200,136850
20240117,15:18:15,0.95,200,136850
20240117,15:18:17,0.95,100,136850
20240117,15:18:18,0.95,50,136850
20240117,15:18:19,0.95,1050,136850
20240117,15:18:25,0.9,400,149400
20240117,15:18:57,0.9,300,149400
20240117,15:19:16,0.9,1000,149400
20240117,15:19:19,0.9,50,149400
20240117,15:19:26,0.9,50,149400
20240117,15:19:27,0.9,100,149400
20240117,15:19:28,0.9,150,149400
20240117,15:19:29,0.9,2950,149400
20240117,15:19:30,0.9,900,149400
20240117,15:19:32,0.9,1550,149400
20240117,15:20:02,0.9,250,149400
20240117,15:20:04,0.9,50,149400
20240117,15:20:14,0.9,50,149400
20240117,15:20:36,0.9,100,149400
20240117,15:20:55,0.95,250,149400
20240117,15:21:00,0.9,1500,149400
20240117,15:21:02,0.9,300,149400
20240117,15:21:12,0.85,650,149400
20240117,15:21:19,0.85,50,149400
20240117,15:21:26,0.85,50,149400
20240117,15:21:30,0.85,50,145200
20240117,15:21:31,0.85,500,145200
20240117,15:21:32,0.85,50,145200
20240117,15:21:34,0.85,850,145200
20240117,15:21:37,0.85,50,145200
20240117,15:21:40,0.85,500,145200
20240117,15:21:45,0.85,500,145200
20240117,15:21:55,0.85,150,145200
20240117,15:21:56,0.85,1050,145200
20240117,15:22:00,0.8,200,145200
20240117,15:22:06,0.85,350,145200
20240117,15:22:07,0.85,150,145200
20240117,15:22:12,0.85,200,145200
20240117,15:22:13,0.85,150,145200
20240117,15:22:15,0.9,250,145200
20240117,15:22:18,0.85,100,145200
20240117,15:22:20,0.85,100,145200
20240117,15:22:21,0.85,150,145200
20240117,15:22:22,0.85,550,145200
20240117,15:22:24,0.9,250,145200
20240117,15:22:25,0.85,250,145200
20240117,15:22:25,0.85,50,145200
20240117,15:22:26,0.85,300,145200
20240117,15:22:27,0.85,250,145200
20240117,15:22:29,0.85,250,145200
20240117,15:22:29,0.85,50,145200
20240117,15:22:31,0.85,150,145200
20240117,15:22:33,0.85,50,145200
20240117,15:22:34,0.85,50,145200
20240117,15:22:35,0.85,100,145200
20240117,15:22:38,0.85,200,145200
20240117,15:22:40,0.85,50,145200
20240117,15:22:49,0.8,50,145200
20240117,15:22:50,0.85,50,145200
20240117,15:22:52,0.85,100,145200
20240117,15:22:53,0.85,50,145200
20240117,15:22:55,0.85,100,145200
20240117,15:22:56,0.85,100,145200
20240117,15:22:57,0.85,500,145200
20240117,15:22:59,0.85,700,145200
20240117,15:23:01,0.85,150,145200
20240117,15:23:02,0.85,50,145200
20240117,15:23:03,0.85,500,145200
20240117,15:23:04,0.85,50,145200
20240117,15:23:05,0.85,50,145200
20240117,15:23:06,0.85,800,145200
20240117,15:23:08,0.85,550,145200
20240117,15:23:09,0.85,650,145200
20240117,15:23:10,0.9,300,145200
20240117,15:23:11,0.9,450,145200
20240117,15:23:12,0.9,250,145200
20240117,15:23:13,0.9,450,145200
20240117,15:23:15,0.9,550,145200
20240117,15:23:18,0.9,1800,145200
20240117,15:23:19,0.9,550,145200
20240117,15:23:20,0.9,250,145200
20240117,15:23:21,0.9,500,145200
20240117,15:23:25,0.9,50,145200
20240117,15:23:28,0.9,350,145200
20240117,15:23:29,0.85,50,145200
20240117,15:23:32,0.85,100,145200
20240117,15:23:33,0.85,100,145200
20240117,15:23:35,0.85,50,145200
20240117,15:23:36,0.85,100,145200
20240117,15:23:37,0.85,700,145200
20240117,15:23:38,0.85,300,145200
20240117,15:23:39,0.85,300,145200
20240117,15:23:40,0.85,250,145200
20240117,15:23:41,0.85,50,145200
20240117,15:23:42,0.85,300,145200
20240117,15:23:43,0.8,50,145200
20240117,15:23:46,0.8,400,145200
20240117,15:23:47,0.8,100,145200
20240117,15:24:18,0.9,200,145200
20240117,15:24:21,0.9,400,140950
20240117,15:24:22,0.9,1100,140950
20240117,15:24:24,0.9,350,140950
20240117,15:24:25,0.9,750,140950
20240117,15:24:26,0.9,100,140950
20240117,15:24:27,0.95,450,140950
20240117,15:24:28,0.95,250,140950
20240117,15:24:29,0.95,1850,140950
20240117,15:24:30,0.95,450,140950
20240117,15:24:31,0.95,1050,140950
20240117,15:24:32,0.95,950,140950
20240117,15:24:35,0.95,300,140950
20240117,15:24:36,0.95,1400,140950
20240117,15:24:37,0.95,200,140950
20240117,15:24:40,0.9,50,140950
20240117,15:24:55,0.95,550,140950
20240117,15:24:59,0.95,150,140950
20240117,15:25:01,0.95,250,140950
20240117,15:25:02,0.9,1400,140950
20240117,15:25:03,0.9,700,140950
20240117,15:25:05,0.95,1850,140950
20240117,15:25:08,0.9,1400,140950
20240117,15:25:14,0.85,50,140950
20240117,15:25:15,0.85,50,140950
20240117,15:25:16,0.9,150,140950
20240117,15:25:19,0.9,100,140950
20240117,15:25:20,0.9,500,140950
20240117,15:25:21,0.9,50,140950
20240117,15:25:22,0.9,700,140950
20240117,15:25:23,0.9,450,140950
20240117,15:25:40,0.95,100,140950
20240117,15:25:41,0.9,50,140950
20240117,15:25:42,0.85,1350,140950
20240117,15:25:43,0.85,350,140950
20240117,15:25:44,0.85,50,140950
20240117,15:25:45,0.85,100,140950
20240117,15:25:47,0.9,1450,140950
20240117,15:25:48,0.9,50,140950
20240117,15:25:49,0.9,50,140950
20240117,15:25:50,0.9,350,140950
20240117,15:26:02,0.9,200,140950
20240117,15:26:03,0.85,50,140950
20240117,15:26:05,0.9,450,140950
20240117,15:26:09,0.9,150,140950
20240117,15:26:16,0.9,200,140950
20240117,15:26:17,0.9,300,140950
20240117,15:26:18,0.9,350,140950
20240117,15:26:20,0.85,50,140950
20240117,15:26:21,0.85,100,140950
20240117,15:26:23,0.9,900,140950
20240117,15:26:27,0.95,1350,140950
20240117,15:26:31,0.9,200,140950
20240117,15:26:36,0.9,50,140950
20240117,15:26:39,0.9,100,140950
20240117,15:26:40,0.9,400,140950
20240117,15:26:41,0.9,200,140950
20240117,15:26:52,0.9,250,140950
20240117,15:26:57,0.85,500,140950
20240117,15:27:07,0.8,100,140950
20240117,15:27:15,0.85,2900,140950
20240117,15:27:26,0.85,250,133900
20240117,15:27:29,0.8,2900,133900
20240117,15:27:30,0.85,250,133900
20240117,15:27:36,0.85,500,133900
20240117,15:27:37,0.85,1950,133900
20240117,15:27:41,0.9,1150,133900
20240117,15:27:50,0.85,50,133900
20240117,15:28:19,0.9,150,133900
20240117,15:28:24,0.9,50,133900
20240117,15:28:24,0.9,200,133900
20240117,15:28:30,0.8,2300,133900
20240117,15:28:33,0.85,500,133900
20240117,15:28:42,0.8,50,133900
20240117,15:28:50,0.85,500,133900
20240117,15:28:56,0.8,200,133900
20240117,15:28:57,0.8,50,133900
20240117,15:28:58,0.8,50,133900
20240117,15:29:09,0.85,500,133900
20240117,15:29:14,0.8,50,133900
20240117,15:29:24,0.85,500,133900
20240117,15:29:26,0.85,300,133900
20240117,15:29:32,0.95,500,133900
20240117,15:29:36,0.95,500,133900
20240117,15:29:37,0.85,150,133900
20240117,15:29:38,0.85,50,133900
20240117,15:29:43,0.95,100,133900
20240117,15:29:45,0.8,50,133900
20240117,15:29:51,0.95,50,133900
20240117,15:29:52,0.95,50,133900
20240117,15:29:55,0.8,450,133900
20240117,15:29:56,0.8,150,133900
20240118,09:15:00,0.8,1,132350
20240118,09:15:00,0.8,500,132350
20240118,09:15:01,0.7,250,132350
20240118,09:15:02,0.25,400,132350
20240118,09:15:03,0.25,250,132350
20240118,09:15:04,0.7,300,132350
20240118,09:15:07,0.65,100,132350
20240118,09:15:09,0.45,300,132350
20240118,09:15:11,0.65,100,132350
20240118,09:15:13,0.5,200,132350
20240118,09:15:15,0.6,550,132350
20240118,09:15:21,0.65,1800,132350
20240118,09:15:28,0.55,1500,132350
20240118,09:15:30,0.45,400,132350
20240118,09:15:39,0.45,600,132350
20240118,09:15:39,0.45,500,132350
20240118,09:15:45,0.4,150,132350
20240118,09:16:04,0.4,250,132350
20240118,09:16:08,0.4,50,132350
20240118,09:16:15,0.4,50,132350
20240118,09:16:17,0.4,400,132350
20240118,09:16:18,0.4,650,132350
20240118,09:16:19,0.4,500,132350
20240118,09:16:39,0.35,650,132350
20240118,09:16:46,0.4,50,132350
20240118,09:16:49,0.35,1000,132350
20240118,09:17:16,0.35,350,132350
20240118,09:17:18,0.3,2550,132350
20240118,09:17:18,0.35,1000,132350
20240118,09:17:19,0.35,500,132350
20240118,09:17:30,0.3,2300,132350
20240118,09:17:33,0.3,200,135000
20240118,09:17:34,0.35,250,135000
20240118,09:17:39,0.35,300,135000
20240118,09:17:44,0.3,550,135000
20240118,09:17:45,0.3,2000,135000
20240118,09:17:49,0.35,900,135000
20240118,09:17:50,0.3,1100,135000
20240118,09:17:51,0.3,1800,135000
20240118,09:17:52,0.3,900,135000
20240118,09:17:59,0.35,250,135000
20240118,09:18:00,0.35,350,135000
20240118,09:18:11,0.35,5700,135000
20240118,09:18:28,0.3,100,135000
20240118,09:18:31,0.35,50,135000
20240118,09:18:32,0.3,50,135000
20240118,09:18:33,0.3,50,135000
20240118,09:18:42,0.35,900,135000
20240118,09:18:53,0.35,1800,135000
20240118,09:18:56,0.3,950,135000
20240118,09:19:32,0.35,1800,135000
20240118,09:19:35,0.35,1800,135000
20240118,09:19:44,0.35,50,135000
20240118,09:19:54,0.35,500,135000
20240118,09:19:55,0.35,500,135000
20240118,09:20:03,0.3,100,135000
20240118,09:20:06,0.35,800,135000
20240118,09:20:30,0.35,400,135000
20240118,09:20:32,0.4,50,142950
20240118,09:21:28,0.4,3600,142950
20240118,09:21:59,0.4,650,142950
20240118,09:23:05,0.3,150,142950
20240118,09:24:02,0.3,150,142950
20240118,09:24:18,0.3,3600,146900
20240118,09:24:23,0.35,50,146900
20240118,09:24:35,0.3,450,146900
20240118,09:24:36,0.35,50,146900
20240118,09:24:36,0.35,100,146900
20240118,09:24:53,0.35,400,146900
20240118,09:25:23,0.35,1100,146900
20240118,09:25:26,0.3,50,146900
20240118,09:25:50,0.3,1800,146900
20240118,09:26:02,0.35,500,146900
20240118,09:26:08,0.3,100,146900
20240118,09:26:09,0.3,50,146900
20240118,09:26:18,0.3,3000,146900
20240118,09:26:31,0.3,50,146900
20240118,09:26:41,0.25,100,144200
20240118,09:26:42,0.3,800,144200
20240118,09:27:01,0.25,250,144200
20240118,09:27:41,0.3,50,144200
20240118,09:27:42,0.3,250,144200
20240118,09:27:56,0.3,50,144200
20240118,09:28:02,0.3,400,144200
20240118,09:28:06,0.3,500,144200
20240118,09:28:41,0.3,900,144200
20240118,09:28:48,0.3,350,144200
20240118,09:29:09,0.25,200,144200
20240118,09:29:57,0.25,50,145200
20240118,09:30:30,0.3,50,145200
20240118,09:31:02,0.3,200,145200
20240118,09:31:04,0.3,1800,145200
20240118,09:31:05,0.3,1800,145200
20240118,09:31:10,0.3,50,145200
20240118,09:31:33,0.25,1800,145200
20240118,09:31:46,0.3,1800,145200
20240118,09:33:14,0.3,50,145200
20240118,09:33:26,0.25,50,143350
20240118,09:33:46,0.25,250,143350
20240118,09:33:49,0.3,400,143350
20240118,09:35:06,0.3,1000,143350
20240118,09:35:21,0.25,200,143350
20240118,09:35:21,0.25,600,143350
20240118,09:35:40,0.25,150,143350
20240118,09:35:42,0.25,450,143650
20240118,09:35:42,0.25,1200,143650
20240118,09:37:30,0.25,1000,143650
20240118,09:37:35,0.25,200,143650
20240118,09:38:18,0.25,400,143650
20240118,09:38:26,0.25,200,143650
20240118,09:38:27,0.25,200,143650
20240118,09:38:28,0.25,200,143650
20240118,09:38:31,0.25,50,143650
20240118,09:39:56,0.2,500,146200
20240118,09:40:02,0.2,600,146200
20240118,09:40:25,0.2,600,146200
20240118,09:40:27,0.2,500,146200
20240118,09:40:28,0.2,1050,146200
20240118,09:40:29,0.2,550,146200
20240118,09:41:05,0.2,400,146200
20240118,09:41:23,0.25,500,146200
20240118,09:44:21,0.2,50,146350
20240118,09:47:59,0.2,50,146350
20240118,09:48:11,0.25,50,146350
20240118,09:48:41,0.2,600,146350
20240118,09:48:57,0.25,100,146350
20240118,09:50:23,0.25,50,146350
20240118,09:50:36,0.2,1700,146350
20240118,09:50:46,0.25,250,146000
20240118,09:50:54,0.25,300,146000
20240118,09:51:02,0.2,50,146000
20240118,09:51:03,0.25,250,146000
20240118,09:51:07,0.25,250,146000
20240118,09:51:21,0.25,300,146000
20240118,09:51:37,0.25,250,146000
20240118,09:51:41,0.25,250,146000
20240118,09:52:35,0.2,1500,146000
20240118,09:52:51,0.2,100,146000
20240118,09:52:52,0.25,50,146000
20240118,09:53:44,0.25,250,146000
20240118,09:55:01,0.25,250,142650
20240118,09:56:01,0.25,50,142650
20240118,09:56:16,0.25,250,142650
20240118,09:56:17,0.25,500,142650
20240118,09:58:05,0.2,100,142650
20240118,09:58:22,0.25,250,143850
20240118,09:58:23,0.25,250,143850
20240118,09:58:40,0.25,500,143850
20240118,09:58:53,0.25,250,143850
20240118,09:58:59,0.25,300,143850
20240118,09:59:00,0.25,50,143850
20240118,09:59:03,0.25,1300,143850
20240118,09:59:40,0.25,50,146750
20240118,09:59:56,0.25,50,146750
20240118,10:00:02,0.25,50,146750
20240118,10:00:15,0.25,1150,146750
20240118,10:00:53,0.25,1050,146750
20240118,10:01:40,0.25,50,146750
20240118,10:02:07,0.2,50,146750
20240118,10:02:40,0.25,50,146900
20240118,10:03:01,0.25,150,146900
20240118,10:03:37,0.2,250,146900
20240118,10:04:33,0.25,100,146900
20240118,10:04:40,0.25,550,146900
20240118,10:04:58,0.25,200,146900
20240118,10:05:31,0.2,50,146900
20240118,10:05:51,0.25,350,146900
20240118,10:06:32,0.2,1800,147950
20240118,10:06:34,0.2,1800,147950
20240118,10:06:35,0.2,1800,147950
20240118,10:06:52,0.25,1800,147950
20240118,10:06:54,0.2,3600,147950
20240118,10:07:01,0.2,500,147950
20240118,10:07:07,0.2,250,147950
20240118,10:07:08,0.2,250,147950
20240118,10:07:11,0.2,250,147950
20240118,10:07:40,0.2,50,147950
20240118,10:08:25,0.2,1800,147950
20240118,10:09:02,0.2,250,139400
20240118,10:09:03,0.2,250,139400
20240118,10:09:06,0.2,250,139400
20240118,10:09:07,0.2,250,139400
20240118,10:09:09,0.2,250,139400
20240118,10:09:10,0.2,250,139400
20240118,10:09:12,0.25,50,139400
20240118,10:09:14,0.2,250,139400
20240118,10:09:16,0.2,400,139400
20240118,10:09:17,0.2,250,139400
20240118,10:09:18,0.2,350,139400
20240118,10:09:33,0.2,1800,139400
20240118,10:09:39,0.2,1800,139400
20240118,10:09:44,0.2,250,139400
20240118,10:09:47,0.2,250,139400
20240118,10:09:55,0.2,250,139400
20240118,10:09:57,0.25,50,139400
20240118,10:10:08,0.2,250,139400
20240118,10:10:20,0.2,250,139400
20240118,10:10:42,0.25,500,139400
20240118,10:10:48,0.2,50,139400
20240118,10:11:15,0.25,300,139400
20240118,10:11:21,0.2,1850,139400
20240118,10:11:26,0.25,250,139400
20240118,10:11:28,0.25,300,139400
20240118,10:11:29,0.2,50,139400
20240118,10:11:30,0.25,250,139400
20240118,10:11:35,0.25,250,139400
20240118,10:11:38,0.25,250,139400
20240118,10:11:58,0.2,1800,137050
20240118,10:12:03,0.2,3600,137050
20240118,10:12:04,0.2,1450,137050
20240118,10:12:04,0.15,2300,137050
20240118,10:12:05,0.15,1800,137050
20240118,10:12:06,0.15,2050,137050
20240118,10:12:07,0.15,2050,137050
20240118,10:12:13,0.15,1800,137050
20240118,10:12:14,0.15,2050,137050
20240118,10:12:15,0.15,600,137050
20240118,10:13:15,0.15,1800,137050
20240118,10:13:16,0.15,1800,137050
20240118,10:13:19,0.15,11250,137050
20240118,10:13:20,0.15,1800,137050
20240118,10:13:21,0.15,1800,137050
20240118,10:13:29,0.15,150,137050
20240118,10:13:31,0.15,1800,137050
20240118,10:13:32,0.1,5100,137050
20240118,10:13:37,0.1,50,137050
20240118,10:14:01,0.1,1800,137050
20240118,10:14:05,0.15,500,137050
20240118,10:14:07,0.1,1800,137050
20240118,10:14:08,0.15,100,137050
20240118,10:14:33,0.1,1900,137050
20240118,10:14:36,0.15,500,137050
20240118,10:15:03,0.1,1800,137050
20240118,10:15:15,0.1,1800,125650
20240118,10:15:18,0.1,1800,125650
20240118,10:15:20,0.15,50,125650
20240118,10:15:33,0.1,1800,125650
20240118,10:15:35,0.15,50,125650
20240118,10:16:32,0.1,1800,125650
20240118,10:16:44,0.1,1900,125650
20240118,10:17:18,0.1,250,125650
20240118,10:17:21,0.1,500,125650
20240118,10:17:51,0.1,300,112300
20240118,10:17:56,0.1,550,112300
20240118,10:18:52,0.1,50,112300
20240118,10:19:09,0.15,50,112300
20240118,10:19:10,0.15,50,112300
20240118,10:20:59,0.1,250,112300
20240118,10:21:00,0.1,1100,111900
20240118,10:21:34,0.15,600,111900
20240118,10:21:52,0.15,50,111900
20240118,10:23:38,0.15,150,111900
20240118,10:24:50,0.1,50,112100
20240118,10:24:59,0.1,7200,112100
20240118,10:25:02,0.1,1550,112100
20240118,10:25:30,0.05,1650,112100
20240118,10:26:13,0.05,50,112100
20240118,10:27:00,0.1,100,112100
20240118,10:27:12,0.05,50,118450
20240118,10:27:48,0.1,250,118450
20240118,10:27:56,0.1,1000,118450
20240118,10:28:13,0.1,100,118450
20240118,10:28:38,0.1,5400,118450
20240118,10:28:50,0.1,50,118450
20240118,10:28:51,0.1,850,118450
20240118,10:28:55,0.1,650,118450
20240118,10:28:56,0.1,1300,118450
20240118,10:29:28,0.1,100,118450
20240118,10:29:42,0.1,100,118450
20240118,10:29:47,0.1,250,118250
20240118,10:29:52,0.1,1800,118250
20240118,10:30:01,0.1,1200,118250
20240118,10:30:02,0.1,50,118250
20240118,10:30:15,0.1,600,118250
20240118,10:30:45,0.1,200,118250
20240118,10:30:48,0.1,2800,118250
20240118,10:30:49,0.1,3600,118250
20240118,10:31:42,0.1,100,118250
20240118,10:31:45,0.1,100,118250
20240118,10:32:40,0.1,100,118250
20240118,10:32:59,0.1,100,118400
20240118,10:33:24,0.1,1350,118400
20240118,10:34:06,0.1,1050,118400
20240118,10:34:16,0.1,50,118400
20240118,10:35:07,0.1,1800,118400
20240118,10:35:08,0.1,1800,118400
20240118,10:36:11,0.1,3800,113450
20240118,10:36:48,0.1,100,113450
20240118,10:37:16,0.1,250,113450
20240118,10:37:28,0.1,250,113450
20240118,10:38:20,0.1,1700,113450
20240118,10:39:27,0.15,1050,113450
20240118,10:41:41,0.15,50,108600
20240118,10:42:42,0.1,500,108600
20240118,10:42:43,0.1,250,108600
20240118,10:42:43,0.1,500,108600
20240118,10:44:34,0.1,1000,108600
20240118,10:44:35,0.1,5950,108600
20240118,10:44:42,0.1,350,102650
20240118,10:45:15,0.1,250,102650
20240118,10:45:24,0.1,650,102650
20240118,10:45:30,0.1,1000,102650
20240118,10:45:32,0.05,50,102650
20240118,10:45:37,0.05,850,102650
20240118,10:45:38,0.05,100,102650
20240118,10:46:08,0.1,1800,102650
20240118,10:46:52,0.1,250,102650
20240118,10:47:33,0.1,300,102650
20240118,10:48:55,0.1,50,100550
20240118,10:49:45,0.1,650,100550
20240118,10:50:15,0.1,150,100550
20240118,10:51:18,0.05,50,100550
20240118,10:52:29,0.05,50,100550
20240118,10:52:44,0.05,100,100550
20240118,10:52:46,0.1,7100,100550
20240118,10:53:50,0.05,250,100550
20240118,10:54:11,0.05,1750,93750
20240118,10:54:12,0.05,7000,93750
20240118,10:54:15,0.1,50,93750
20240118,10:55:26,0.1,1800,93750
20240118,10:56:07,0.05,400,93750
20240118,10:56:27,0.1,1800,93750
20240118,10:56:48,0.1,50,93750
20240118,10:57:14,0.1,50,91900
20240118,10:58:07,0.05,1750,91900
20240118,10:58:08,0.05,7000,91900
20240118,10:58:15,0.1,50,91900
20240118,11:00:46,0.1,50,92050
20240118,11:01:10,0.1,600,92050
20240118,11:01:11,0.1,1800,92050
20240118,11:01:12,0.1,600,92050
20240118,11:01:14,0.1,600,92050
20240118,11:02:41,0.05,1500,92050
20240118,11:02:42,0.05,7650,92050
20240118,11:03:33,0.1,50,92050
20240118,11:04:17,0.1,1200,84500
20240118,11:04:46,0.05,50,84500
20240118,11:05:04,0.1,50,84500
20240118,11:06:51,0.1,100,84500
20240118,11:10:39,0.05,500,84500
20240118,11:10:49,0.1,50,84500
20240118,11:11:01,0.1,1800,84500
20240118,11:12:01,0.1,1800,84500
20240118,11:12:13,0.1,1800,82700
20240118,11:12:20,0.1,1800,82700
20240118,11:12:41,0.1,1800,82700
20240118,11:14:11,0.05,50,82700
20240118,11:15:09,0.1,50,77300
20240118,11:15:11,0.1,50,77300
20240118,11:16:08,0.1,1800,77300
20240118,11:16:30,0.05,1800,77300
20240118,11:16:41,0.1,250,77300
20240118,11:18:59,0.1,1800,77300
20240118,11:19:07,0.1,1800,77300
20240118,11:20:18,0.1,12600,77300
20240118,11:20:19,0.1,3100,77300
20240118,11:20:42,0.1,50,77300
20240118,11:22:03,0.15,550,64000
20240118,11:22:47,0.15,1800,64000
20240118,11:23:31,0.15,500,64000
20240118,11:23:59,0.15,1800,64900
20240118,11:25:27,0.15,1800,64900
20240118,11:26:27,0.1,1050,64900
20240118,11:29:11,0.1,100,65350
20240118,11:29:50,0.1,250,65350
20240118,11:31:47,0.15,250,65250
20240118,11:34:04,0.15,1800,65250
20240118,11:34:05,0.15,700,65250
20240118,11:34:12,0.15,50,65250
20240118,11:34:28,0.15,350,65250
20240118,11:35:16,0.15,50,65250
20240118,11:35:19,0.15,50,65250
20240118,11:35:23,0.15,50,65250
20240118,11:35:29,0.1,50,65250
20240118,11:35:32,0.1,100,65250
20240118,11:35:44,0.1,50,65250
20240118,11:41:41,0.1,650,68050
20240118,11:46:28,0.15,600,67850
20240118,11:47:40,0.15,50,67850
20240118,11:48:08,0.1,250,68500
20240118,11:49:26,0.1,50,68500
20240118,11:50:42,0.15,1000,68500
20240118,11:53:44,0.1,250,68500
20240118,11:54:10,0.1,250,68500
20240118,11:54:12,0.15,50,68500
20240118,11:54:56,0.1,250,68500
20240118,11:56:59,0.1,250,68500
20240118,11:57:29,0.1,250,68500
20240118,11:57:38,0.1,250,68500
20240118,12:00:10,0.1,50,68500
20240118,12:04:48,0.1,100,68500
20240118,12:07:11,0.15,50,68500
20240118,12:09:08,0.15,50,68500
20240118,12:09:16,0.15,50,68500
20240118,12:09:18,0.1,50,68500
20240118,12:11:40,0.15,150,68500
20240118,12:12:03,0.15,50,68500
20240118,12:13:07,0.1,250,68500
20240118,12:13:15,0.15,50,68500
20240118,12:16:38,0.1,50,68500
20240118,12:21:17,0.15,50,68500
20240118,12:21:43,0.1,50,68500
20240118,12:21:51,0.1,250,68500
20240118,12:22:35,0.15,50,68500
20240118,12:22:40,0.1,250,68500
20240118,12:22:41,0.1,250,68500
20240118,12:23:49,0.1,50,68500
20240118,12:24:03,0.1,50,68200
20240118,12:24:16,0.1,1350,68200
20240118,12:24:45,0.15,50,68200
20240118,12:25:47,0.1,50,68200
20240118,12:28:27,0.1,100,69400
20240118,12:28:39,0.1,50,69400
20240118,12:28:41,0.1,50,69400
20240118,12:30:23,0.1,1000,69400
20240118,12:30:48,0.1,250,69400
20240118,12:31:06,0.1,250,69400
20240118,12:34:07,0.1,250,69900
20240118,12:34:15,0.1,750,69900
20240118,12:36:20,0.1,50,69900
20240118,12:36:22,0.1,250,70900
20240118,12:36:38,0.15,50,70900
20240118,12:37:15,0.1,250,70900
20240118,12:37:19,0.1,250,70900
20240118,12:37:44,0.1,800,70900
20240118,12:37:56,0.1,50,70900
20240118,12:38:55,0.15,50,70900
20240118,12:40:12,0.1,50,70900
20240118,12:40:21,0.1,400,72450
20240118,12:40:23,0.1,500,72450
20240118,12:40:24,0.1,250,72450
20240118,12:40:37,0.1,250,72450
20240118,12:40:39,0.1,250,72450
20240118,12:40:40,0.1,50,72450
20240118,12:40:45,0.1,1050,72450
20240118,12:41:07,0.15,50,72450
20240118,12:42:27,0.1,550,73350
20240118,12:42:28,0.1,250,73350
20240118,12:42:29,0.1,250,73350
20240118,12:42:39,0.1,500,73350
20240118,12:43:18,0.1,50,73350
20240118,12:46:34,0.15,50,73300
20240118,12:47:01,0.15,250,73300
20240118,12:47:08,0.15,1250,73300
20240118,12:47:19,0.1,50,73300
20240118,12:48:24,0.1,50,71750
20240118,12:48:25,0.1,50,71750
20240118,12:48:36,0.15,250,71750
20240118,12:48:52,0.15,250,71750
20240118,12:49:06,0.15,450,71750
20240118,12:49:12,0.15,250,71750
20240118,12:49:14,0.15,250,71750
20240118,12:51:11,0.1,100,71750
20240118,12:54:05,0.15,100,70350
20240118,12:54:11,0.1,50,70250
20240118,13:00:37,0.1,750,70200
20240118,13:02:09,0.15,250,70200
20240118,13:02:32,0.15,250,70200
20240118,13:03:34,0.15,250,70200
20240118,13:03:45,0.15,150,70200
20240118,13:04:07,0.1,500,70200
20240118,13:05:19,0.1,50,70200
20240118,13:05:20,0.1,50,70200
20240118,13:05:21,0.1,50,70200
20240118,13:06:27,0.1,50,69850
20240118,13:07:52,0.1,50,69850
20240118,13:09:13,0.1,50,69850
20240118,13:10:39,0.15,50,69750
20240118,13:10:56,0.1,300,69750
20240118,13:11:29,0.1,50,69750
20240118,13:14:08,0.15,300,69750
20240118,13:14:25,0.15,500,69400
20240118,13:14:28,0.1,1900,69400
20240118,13:16:04,0.15,550,69400
20240118,13:16:22,0.1,100,69100
20240118,13:22:45,0.15,300,69100
20240118,13:25:15,0.15,250,69100
20240118,13:27:55,0.15,250,69100
20240118,13:28:28,0.15,50,69100
20240118,13:29:12,0.1,2850,69100
20240118,13:33:03,0.1,1400,71750
20240118,13:33:27,0.15,50,71750
20240118,13:33:30,0.1,50,71750
20240118,13:39:03,0.1,1350,71750
20240118,13:49:05,0.1,400,71800
20240118,13:49:07,0.1,1800,73150
20240118,13:49:09,0.1,1800,73150
20240118,13:49:10,0.1,1800,73150
20240118,13:49:12,0.1,1800,73150
20240118,13:49:14,0.1,1800,73150
20240118,13:49:15,0.1,1800,73150
20240118,13:49:17,0.1,1800,73150
20240118,13:49:18,0.1,1800,73150
20240118,13:49:42,0.1,200,73150
20240118,13:49:43,0.1,300,73150
20240118,13:49:44,0.1,200,73150
20240118,13:50:04,0.1,1800,73150
20240118,13:50:06,0.1,1800,73150
20240118,13:50:46,0.1,1800,73150
20240118,13:50:59,0.1,1800,73150
20240118,13:51:15,0.1,350,81900
20240118,13:51:17,0.1,50,81900
20240118,13:51:18,0.1,50,81900
20240118,13:51:19,0.1,50,81900
20240118,13:51:20,0.1,50,81900
20240118,13:51:22,0.1,50,81900
20240118,13:51:23,0.1,50,81900
20240118,13:51:24,0.1,50,81900
20240118,13:51:33,0.1,50,81900
20240118,13:51:34,0.1,50,81900
20240118,13:51:35,0.1,50,81900
20240118,13:51:36,0.1,50,81900
20240118,13:51:38,0.1,50,81900
20240118,13:52:18,0.15,50,81900
20240118,13:52:27,0.1,50,81900
20240118,13:54:23,0.15,1800,81900
20240118,13:54:27,0.15,1600,82200
20240118,13:57:50,0.15,150,79300
20240118,13:59:59,0.1,150,79300
20240118,14:02:11,0.1,300,79450
20240118,14:02:13,0.1,50,79450
20240118,14:04:39,0.1,50,79450
20240118,14:04:40,0.1,100,79850
20240118,14:05:52,0.1,150,79850
20240118,14:11:28,0.1,50,79800
20240118,14:18:39,0.1,50,79800
20240118,14:18:58,0.1,50,79750
20240118,14:21:58,0.15,50,79650
20240118,14:22:55,0.15,50,79650
20240118,14:23:11,0.1,50,79650
20240118,14:24:22,0.1,1800,79700
20240118,14:24:23,0.1,1800,79700
20240118,14:24:26,0.1,500,79700
20240118,14:24:27,0.1,500,79700
20240118,14:24:28,0.1,50,79700
20240118,14:24:32,0.1,50,79700
20240118,14:24:33,0.1,100,79700
20240118,14:24:34,0.1,50,79700
20240118,14:25:49,0.1,1800,79700
20240118,14:25:51,0.1,1200,79700
20240118,14:26:06,0.05,50,79700
20240118,14:30:29,0.1,1050,87000
20240118,14:30:31,0.1,500,87000
20240118,14:31:10,0.1,150,87000
20240118,14:31:12,0.1,500,87000
20240118,14:31:13,0.1,600,87000
20240118,14:31:14,0.1,350,87000
20240118,14:31:48,0.1,100,87000
20240118,14:31:51,0.1,550,87000
20240118,14:32:56,0.1,250,87000
20240118,14:33:02,0.1,1200,87000
20240118,14:33:18,0.1,650,87000
20240118,14:33:19,0.1,250,87850
20240118,14:33:23,0.1,250,87850
20240118,14:33:25,0.1,300,87850
20240118,14:33:34,0.05,550,87850
20240118,14:35:18,0.05,150,87850
20240118,14:37:24,0.1,250,87850
20240118,14:38:18,0.05,50,87850
20240118,14:38:24,0.1,250,87850
20240118,14:38:47,0.1,50,87850
20240118,14:39:37,0.05,50,87350
20240118,14:39:40,0.05,50,87350
20240118,14:40:35,0.1,250,87350
20240118,14:44:06,0.1,50,87100
20240118,14:45:57,0.05,50,87100
20240118,14:46:18,0.05,200,87100
20240118,14:48:53,0.05,50,86900
20240118,14:49:20,0.1,100,86900
20240118,14:53:48,0.1,50,86900
20240118,14:54:37,0.05,50,86750
20240118,14:57:03,0.1,50,86750
20240118,15:00:35,0.05,1800,86750
20240118,15:01:37,0.05,50,86700
20240118,15:06:25,0.05,750,88500
20240118,15:06:29,0.05,100,88500
20240118,15:07:46,0.05,50,88500
20240118,15:07:59,0.05,50,88500
20240118,15:08:19,0.1,50,88500
20240118,15:08:33,0.05,1800,88500
20240118,15:08:34,0.05,3450,88500
20240118,15:08:36,0.05,50,88500
20240118,15:08:37,0.05,50,88500
20240118,15:08:39,0.05,1000,88500
20240118,15:08:57,0.05,50,88500
20240118,15:11:40,0.05,50,88500
20240118,15:11:43,0.05,100,90350
20240118,15:11:45,0.05,50,90350
20240118,15:11:46,0.05,50,90350
20240118,15:11:48,0.05,50,90350
20240118,15:11:50,0.05,50,90350
20240118,15:11:51,0.05,50,90350
20240118,15:11:53,0.05,50,90350
20240118,15:11:53,0.1,50,90350
20240118,15:11:54,0.05,50,90350
20240118,15:11:55,0.05,50,90350
20240118,15:11:59,0.05,50,90350
20240118,15:12:01,0.05,1000,90350
20240118,15:12:03,0.05,150,90350
20240118,15:12:06,0.1,150,90350
20240118,15:12:07,0.05,50,90350
20240118,15:12:09,0.1,50,90350
20240118,15:12:10,0.05,200,90350
20240118,15:12:13,0.1,50,90350
20240118,15:12:14,0.05,150,90350
20240118,15:12:16,0.1,150,90350
20240118,15:12:18,0.05,50,90350
20240118,15:12:19,0.1,100,90350
20240118,15:12:22,0.05,50,90350
20240118,15:12:24,0.1,100,92100
20240118,15:12:25,0.05,50,92100
20240118,15:12:30,0.1,50,92100
20240118,15:12:30,0.05,50,92100
20240118,15:12:31,0.1,50,92100
20240118,15:12:33,0.05,200,92100
20240118,15:12:37,0.1,150,92100
20240118,15:12:41,0.1,200,92100
20240118,15:12:43,0.05,50,92100
20240118,15:12:44,0.1,150,92100
20240118,15:12:46,0.1,150,92100
20240118,15:12:56,0.05,50,92100
20240118,15:13:11,0.05,50,92100
20240118,15:13:12,0.05,50,92100
20240118,15:13:14,0.05,100,92100
20240118,15:13:15,0.1,50,92100
20240118,15:13:29,0.1,50,92100
20240118,15:13:37,0.1,200,92100
20240118,15:13:39,0.1,50,92100
20240118,15:13:40,0.1,250,92100
20240118,15:13:42,0.1,250,92100
20240118,15:13:44,0.1,200,92100
20240118,15:13:47,0.1,200,92100
20240118,15:13:49,0.1,200,92100
20240118,15:13:52,0.1,150,92100
20240118,15:13:55,0.1,150,92100
20240118,15:13:57,0.1,150,92100
20240118,15:14:00,0.1,150,92100
20240118,15:14:02,0.1,50,92100
20240118,15:14:04,0.1,50,92100
20240118,15:14:05,0.1,150,92100
20240118,15:14:06,0.1,50,92100
20240118,15:14:07,0.1,150,92100
20240118,15:14:09,0.1,150,92100
20240118,15:14:10,0.1,50,92100
20240118,15:14:12,0.1,150,92100
20240118,15:14:13,0.05,50,92100
20240118,15:14:16,0.05,100,92100
20240118,15:14:17,0.1,150,92100
20240118,15:14:18,0.1,200,92100
20240118,15:14:19,0.05,50,92100
20240118,15:14:20,0.1,200,92100
20240118,15:14:22,0.1,150,92100
20240118,15:14:24,0.1,200,92100
20240118,15:14:26,0.1,200,92100
20240118,15:14:29,0.1,250,92100
20240118,15:14:35,0.05,300,92100
20240118,15:14:37,0.05,100,92100
20240118,15:14:38,0.05,300,92100
20240118,15:14:42,0.05,300,92100
20240118,15:14:45,0.05,500,92100
20240118,15:14:50,0.05,300,92100
20240118,15:14:53,0.05,550,92100
20240118,15:15:00,0.05,550,92100
20240118,15:15:08,0.05,50,92100
20240118,15:15:10,0.05,1800,92100
20240118,15:15:11,0.05,1100,92100
20240118,15:15:15,0.05,50,92100
20240118,15:16:04,0.05,600,93300
20240118,15:16:07,0.05,50,93300
20240118,15:16:09,0.05,600,93300
20240118,15:16:11,0.05,50,93300
20240118,15:16:15,0.05,50,93300
20240118,15:16:16,0.05,50,93300
20240118,15:16:19,0.05,50,93300
20240118,15:16:44,0.05,50,93300
20240118,15:16:46,0.05,50,93300
20240118,15:19:08,0.05,50,93250
20240118,15:22:06,0.05,950,93250
20240118,15:22:15,0.05,50,93250
20240118,15:22:17,0.05,50,93250
20240118,15:22:18,0.05,50,93250
20240118,15:22:19,0.05,50,93250
20240118,15:22:20,0.05,50,93250
20240118,15:22:21,0.05,50,93250
20240118,15:22:22,0.05,200,93250
20240118,15:22:23,0.05,50,93250
20240118,15:22:26,0.05,100,93250
20240118,15:22:28,0.05,150,93250
20240118,15:22:30,0.05,50,93250
20240118,15:22:31,0.05,50,93250
20240118,15:22:33,0.05,100,93250
20240118,15:22:35,0.05,50,93250
20240118,15:22:35,0.05,100,93250
20240118,15:22:37,0.05,100,93250
20240118,15:27:27,0.05,100,93250
