date,time,tick_price,volume,open_interest
20231229,09:15:54,25.1,50,3600
20231229,09:16:03,25.15,50,3600
20231229,09:16:13,25.15,50,3600
20231229,09:16:45,23.5,850,3600
20231229,09:16:51,23.3,250,3600
20231229,09:16:56,23.1,500,3600
20231229,09:17:06,22.35,2300,3600
20231229,09:17:11,22.3,700,3600
20231229,09:17:16,22.15,1650,3600
20231229,09:17:21,22.2,1200,3600
20231229,09:17:26,22.1,250,3600
20231229,09:17:36,22.05,200,3600
20231229,09:17:41,22.0,500,3600
20231229,09:17:46,21.85,1000,3600
20231229,09:18:06,21.75,200,3600
20231229,09:18:14,21.75,200,3600
20231229,09:18:22,21.75,50,3600
20231229,09:18:44,21.45,650,3600
20231229,09:19:05,21.35,200,3600
20231229,09:19:12,21.35,200,3600
20231229,09:19:19,21.35,200,3600
20231229,09:19:26,21.35,200,3600
20231229,09:19:33,21.35,200,3600
20231229,09:19:40,21.35,200,3600
20231229,09:19:46,21.35,300,3600
20231229,09:19:53,21.35,100,3600
20231229,09:20:14,21.35,200,9900
20231229,09:20:21,21.3,150,9900
20231229,09:20:28,21.8,50,9900
20231229,09:20:35,21.95,350,9900
20231229,09:20:56,21.9,50,9900
20231229,09:21:10,21.95,200,9900
20231229,09:21:17,21.95,250,9900
20231229,09:21:30,22.0,100,9900
20231229,09:21:44,21.65,50,9900
20231229,09:21:51,21.35,150,9900
20231229,09:21:58,21.15,50,9900
20231229,09:22:07,21.05,100,9900
20231229,09:22:52,21.05,50,9900
20231229,09:23:27,20.95,450,10550
20231229,09:23:41,20.95,500,10550
20231229,09:24:39,21.2,400,10550
20231229,09:24:53,21.3,500,10550
20231229,09:25:08,21.35,400,10550
20231229,09:25:29,21.4,900,10550
20231229,09:25:51,21.35,100,10550
20231229,09:26:27,21.45,50,11700
20231229,09:26:56,21.75,50,11700
20231229,09:27:04,21.65,50,11700
20231229,09:27:12,21.75,50,11700
20231229,09:27:19,21.95,900,11700
20231229,09:27:26,22.0,500,11700
20231229,09:27:42,22.0,50,11700
20231229,09:27:50,22.2,650,11700
20231229,09:27:57,22.4,600,11700
20231229,09:28:04,22.35,250,11700
20231229,09:28:35,22.15,200,11700
20231229,09:29:04,22.5,100,11700
20231229,09:29:11,22.6,100,11700
20231229,09:29:55,22.6,100,13950
20231229,09:30:02,22.6,350,13950
20231229,09:30:10,22.45,50,13950
20231229,09:30:18,22.45,200,13950
20231229,09:30:32,22.65,50,13950
20231229,09:30:47,22.75,200,13950
20231229,09:31:10,22.5,300,13950
20231229,09:31:24,22.5,50,13950
20231229,09:31:32,22.35,50,13950
20231229,09:32:16,22.0,50,14450
20231229,09:32:38,22.05,50,14450
20231229,09:33:00,22.05,250,14450
20231229,09:33:08,22.05,50,14450
20231229,09:33:17,22.05,50,14450
20231229,09:33:47,21.75,50,14450
20231229,09:35:02,22.15,200,14450
20231229,09:35:10,22.35,100,14450
20231229,09:35:48,22.35,400,14850
20231229,09:36:19,22.35,450,14850
20231229,09:36:41,22.7,100,14850
20231229,09:36:55,22.5,1000,14850
20231229,09:37:02,22.5,250,14850
20231229,09:37:10,22.35,250,14850
20231229,09:37:25,22.5,800,14850
20231229,09:37:32,22.15,50,14850
20231229,09:38:23,22.2,50,17500
20231229,09:38:31,22.1,600,17500
20231229,09:38:39,22.05,50,17500
20231229,09:38:46,22.1,500,17500
20231229,09:39:01,22.0,700,17500
20231229,09:39:22,21.95,100,17500
20231229,09:39:30,21.95,100,17500
20231229,09:39:37,21.95,1500,17500
20231229,09:39:45,21.8,50,17500
20231229,09:40:23,21.65,50,17500
20231229,09:40:38,21.7,1000,17500
20231229,09:40:53,21.7,150,17500
20231229,09:41:22,21.9,500,18600
20231229,09:41:59,21.65,50,18600
20231229,09:42:07,21.65,150,18600
20231229,09:43:00,22.2,100,18600
20231229,09:43:30,22.2,200,18600
20231229,09:43:38,21.95,200,18600
20231229,09:43:53,22.0,50,18600
20231229,09:44:00,22.15,1000,18600
20231229,09:44:08,22.1,100,18600
20231229,09:48:39,22.0,350,19400
20231229,09:48:59,22.15,50,19400
20231229,09:49:07,22.15,100,19400
20231229,09:49:14,22.2,200,19400
20231229,09:49:21,22.2,200,19400
20231229,09:50:04,21.95,200,19400
20231229,09:51:14,22.1,400,17800
20231229,09:51:21,21.85,100,17800
20231229,09:52:11,22.0,50,17800
20231229,09:52:18,21.95,50,17800
20231229,09:53:08,21.85,100,17800
20231229,09:53:15,21.85,50,17900
20231229,09:53:23,21.9,150,17900
20231229,09:54:14,22.0,100,17900
20231229,09:54:53,22.1,250,17900
20231229,09:55:00,22.05,50,17900
20231229,09:55:08,21.75,50,17900
20231229,09:55:15,21.85,50,17900
20231229,09:55:43,21.6,100,17900
20231229,09:55:58,21.45,50,17900
20231229,09:56:28,21.7,100,18300
20231229,09:56:58,21.8,50,18300
20231229,09:57:06,21.75,50,18300
20231229,09:57:21,21.7,50,18300
20231229,09:58:04,21.5,200,18300
20231229,09:58:12,21.5,250,18300
20231229,09:58:29,21.35,200,18300
20231229,09:58:44,21.55,50,18300
20231229,09:59:15,21.15,200,18900
20231229,09:59:23,21.0,5000,18900
20231229,09:59:53,20.9,50,18900
20231229,10:00:01,20.65,3950,18900
20231229,10:00:09,20.6,1250,18900
20231229,10:00:26,20.6,150,18900
20231229,10:00:43,20.95,50,18900
20231229,10:00:51,20.85,250,18900
20231229,10:00:59,20.8,50,18900
20231229,10:01:06,20.75,150,18900
20231229,10:01:13,20.7,50,18900
20231229,10:01:28,20.8,50,18900
20231229,10:01:50,20.8,50,18900
20231229,10:02:05,20.85,50,18900
20231229,10:02:19,20.85,1500,27250
20231229,10:03:25,21.1,50,27250
20231229,10:03:32,21.1,50,27250
20231229,10:03:39,21.2,50,27250
20231229,10:03:54,21.5,150,27250
20231229,10:04:09,21.45,100,27250
20231229,10:04:16,21.4,150,27250
20231229,10:04:23,21.45,50,27250
20231229,10:04:30,21.5,1050,27250
20231229,10:04:37,21.45,50,27250
20231229,10:06:10,21.25,50,28750
20231229,10:06:16,21.35,100,28750
20231229,10:06:24,21.45,150,28750
20231229,10:06:39,21.2,50,28750
20231229,10:06:53,21.1,50,28750
20231229,10:07:15,21.05,100,28750
20231229,10:07:46,20.65,50,28750
20231229,10:08:13,20.5,500,28750
20231229,10:08:22,20.5,50,29000
20231229,10:08:31,20.2,750,29000
20231229,10:08:49,20.05,600,29000
20231229,10:09:50,19.55,200,29000
20231229,10:09:58,19.4,950,29000
20231229,10:10:15,19.2,150,29000
20231229,10:10:24,19.2,150,29000
20231229,10:10:42,19.45,50,29000
20231229,10:10:57,19.35,100,29000
20231229,10:11:13,19.05,200,29000
20231229,10:11:22,19.0,600,28500
20231229,10:11:30,19.0,100,28500
20231229,10:11:46,19.3,500,28500
20231229,10:12:09,19.0,500,28500
20231229,10:12:31,18.95,50,28500
20231229,10:12:47,18.95,300,28500
20231229,10:13:09,19.15,50,28500
20231229,10:13:40,18.85,200,28500
20231229,10:14:24,18.8,100,29000
20231229,10:14:32,18.7,1550,29000
20231229,10:15:37,18.3,50,29000
20231229,10:16:33,18.3,50,29000
20231229,10:16:41,18.7,150,29000
20231229,10:17:03,18.65,50,29000
20231229,10:17:12,18.65,50,29000
20231229,10:17:51,18.8,200,28150
20231229,10:18:06,18.8,300,28150
20231229,10:18:14,18.8,1300,28150
20231229,10:18:22,18.65,150,28150
20231229,10:19:01,18.7,50,28150
20231229,10:20:06,18.9,150,28150
20231229,10:20:14,19.0,50,28150
20231229,10:21:17,18.85,50,28950
20231229,10:21:56,19.1,100,28950
20231229,10:22:03,18.85,200,28950
20231229,10:22:11,19.1,200,28950
20231229,10:22:19,19.15,450,28950
20231229,10:22:27,19.0,100,28950
20231229,10:22:34,19.05,250,28950
20231229,10:22:57,18.95,200,28950
20231229,10:23:33,19.0,50,29200
20231229,10:23:41,18.9,100,29200
20231229,10:23:48,18.85,50,29200
20231229,10:24:27,19.0,250,29200
20231229,10:25:07,19.4,50,29200
20231229,10:25:29,19.4,250,29200
20231229,10:25:37,19.4,150,29200
20231229,10:25:51,19.35,1400,29200
20231229,10:25:59,19.25,50,29200
20231229,10:26:21,19.25,50,30250
20231229,10:27:20,19.3,50,30250
20231229,10:28:32,19.25,50,30250
20231229,10:29:16,19.1,50,30250
20231229,10:30:03,18.9,50,30250
20231229,10:30:18,18.9,50,30250
20231229,10:30:26,19.0,100,30250
20231229,10:30:34,19.15,50,30250
20231229,10:31:43,18.95,50,30250
20231229,10:31:51,18.95,100,30250
20231229,10:32:21,18.95,50,30350
20231229,10:32:29,18.95,900,30350
20231229,10:32:37,19.25,100,30350
20231229,10:32:45,18.95,50,30350
20231229,10:33:08,19.05,50,30350
20231229,10:33:24,19.05,100,30350
20231229,10:33:39,19.05,100,30350
20231229,10:34:09,19.1,50,30350
20231229,10:34:16,19.05,150,30350
20231229,10:34:24,19.15,150,30350
20231229,10:34:38,19.2,150,30350
20231229,10:34:59,19.2,200,30350
20231229,10:35:13,19.2,100,30350
20231229,10:35:21,19.3,50,31650
20231229,10:35:35,19.25,100,31650
20231229,10:37:02,19.6,150,31650
20231229,10:37:40,19.25,100,31650
20231229,10:37:47,19.3,50,31650
20231229,10:38:31,19.25,100,31450
20231229,10:38:38,19.25,50,31450
20231229,10:38:45,19.3,50,31450
20231229,10:38:53,19.15,200,31450
20231229,10:39:00,19.25,200,31450
20231229,10:39:21,19.25,100,31450
20231229,10:39:35,19.4,50,31450
20231229,10:40:04,19.5,50,31450
20231229,10:40:33,19.3,200,31450
20231229,10:40:54,19.2,500,31450
20231229,10:41:23,19.2,450,32350
20231229,10:41:31,19.15,100,32350
20231229,10:41:47,19.2,50,32350
20231229,10:42:01,19.25,50,32350
20231229,10:42:09,19.3,100,32350
20231229,10:42:32,19.3,100,32350
20231229,10:42:47,19.4,100,32350
20231229,10:43:10,19.4,50,32350
20231229,10:43:47,19.3,50,32350
20231229,10:44:40,19.45,100,31350
20231229,10:45:18,19.4,250,31350
20231229,10:45:26,19.5,1350,31350
20231229,10:45:33,19.5,250,31350
20231229,10:45:41,19.5,100,31350
20231229,10:45:49,19.6,50,31350
20231229,10:46:04,19.6,450,31350
20231229,10:46:45,20.0,550,31350
20231229,10:46:55,20.0,50,31350
20231229,10:47:03,19.9,550,31350
20231229,10:47:12,19.85,50,31350
20231229,10:49:11,19.75,50,32150
20231229,10:49:19,19.4,50,32150
20231229,10:50:25,19.65,1000,32150
20231229,10:50:33,19.4,150,33500
20231229,10:50:41,19.4,250,33500
20231229,10:50:50,19.45,50,33500
20231229,10:51:22,19.3,200,33500
20231229,10:51:37,19.45,100,33500
20231229,10:52:01,19.4,50,33500
20231229,10:52:55,19.4,400,33500
20231229,10:54:08,19.45,50,33500
20231229,10:54:53,19.0,250,33500
20231229,10:55:19,19.0,250,33500
20231229,10:55:43,19.05,450,33500
20231229,10:56:08,19.0,150,33500
20231229,10:56:48,19.1,50,33800
20231229,10:58:54,19.0,50,33800
20231229,10:59:42,18.8,50,33400
20231229,11:00:06,18.9,150,33400
20231229,11:01:43,18.75,150,33400
20231229,11:02:40,18.85,50,33400
20231229,11:03:27,19.0,200,33400
20231229,11:03:35,19.0,50,33400
20231229,11:03:43,19.1,50,33400
20231229,11:03:51,19.1,150,33400
20231229,11:04:14,19.0,100,33400
20231229,11:04:22,19.0,450,33400
20231229,11:06:43,18.9,100,33800
20231229,11:07:07,19.05,50,33800
20231229,11:08:07,19.0,500,33800
20231229,11:09:01,18.9,50,33900
20231229,11:10:28,18.9,1300,33900
20231229,11:10:36,18.9,250,33900
20231229,11:10:44,18.9,100,33900
20231229,11:11:29,18.8,50,33900
20231229,11:11:44,18.9,350,34900
20231229,11:12:45,18.9,50,34900
20231229,11:13:39,18.8,50,34900
20231229,11:13:46,18.8,50,34900
20231229,11:15:03,18.85,50,35300
20231229,11:15:18,19.0,150,35300
20231229,11:16:23,19.25,50,35300
20231229,11:18:20,19.3,50,35200
20231229,11:19:25,19.45,50,35200
20231229,11:20:15,19.7,50,35200
20231229,11:20:39,19.55,400,35200
20231229,11:20:47,19.55,450,35200
20231229,11:20:56,19.55,50,35200
20231229,11:21:04,19.65,50,35200
20231229,11:21:12,19.7,50,35200
20231229,11:21:29,19.5,1100,35200
20231229,11:21:37,19.5,50,35200
20231229,11:22:01,19.4,50,35200
20231229,11:22:09,19.35,150,35200
20231229,11:22:17,19.25,250,35200
20231229,11:22:40,19.4,50,35200
20231229,11:25:10,19.65,50,35500
20231229,11:26:15,19.65,50,35500
20231229,11:26:23,19.65,50,35500
20231229,11:26:31,19.65,50,35500
20231229,11:27:09,19.65,400,35800
20231229,11:28:18,19.5,200,35800
20231229,11:28:40,19.7,50,35800
20231229,11:28:49,19.65,50,35800
20231229,11:28:58,19.5,100,35800
20231229,11:30:02,19.35,50,35600
20231229,11:30:10,19.3,50,35600
20231229,11:30:18,19.5,50,35600
20231229,11:30:34,19.5,100,35600
20231229,11:30:42,19.45,50,35600
20231229,11:30:49,19.5,50,35600
20231229,11:32:50,19.35,50,35750
20231229,11:33:14,19.3,50,35750
20231229,11:33:21,19.4,50,35750
20231229,11:33:29,19.3,50,35750
20231229,11:33:37,19.4,300,35750
20231229,11:33:52,19.5,50,35750
20231229,11:34:50,20.0,200,35750
20231229,11:35:25,20.0,400,35750
20231229,11:35:33,20.0,150,36300
20231229,11:35:49,20.0,100,36300
20231229,11:35:57,20.3,2050,36300
20231229,11:36:22,20.0,1200,36300
20231229,11:36:31,20.3,50,36300
20231229,11:38:16,20.2,150,36300
20231229,11:39:35,20.25,150,38300
20231229,11:40:17,20.2,50,38300
20231229,11:41:30,20.1,50,38300
20231229,11:41:38,20.1,50,38300
20231229,11:41:55,20.15,50,38300
20231229,11:44:13,19.8,50,38300
20231229,11:44:29,19.8,50,38300
20231229,11:44:37,19.75,50,38450
20231229,11:45:02,19.6,150,38450
20231229,11:45:18,19.6,50,38450
20231229,11:45:26,19.7,600,38450
20231229,11:45:34,19.7,250,38450
20231229,11:45:42,19.7,150,38450
20231229,11:45:50,19.6,150,38450
20231229,11:45:58,19.6,150,38450
20231229,11:46:06,19.55,200,38450
20231229,11:46:14,19.5,100,38450
20231229,11:46:30,19.5,500,38450
20231229,11:46:53,19.4,600,38450
20231229,11:49:05,19.4,50,40250
20231229,11:49:54,19.4,50,40250
20231229,11:55:30,19.4,250,40300
20231229,11:55:55,19.4,200,40300
20231229,11:56:19,19.45,100,40300
20231229,11:56:44,19.5,50,40400
20231229,11:57:25,19.5,300,40400
20231229,11:58:41,19.75,150,40400
20231229,11:59:07,19.9,100,40400
20231229,12:00:13,19.7,450,40750
20231229,12:01:16,19.45,50,40750
20231229,12:01:33,19.3,250,40750
20231229,12:01:40,19.35,50,40750
20231229,12:01:48,19.3,250,40750
20231229,12:01:56,19.25,550,40750
20231229,12:02:04,19.3,100,40750
20231229,12:02:12,19.3,300,40750
20231229,12:03:43,19.35,300,40350
20231229,12:05:39,19.25,50,40600
20231229,12:09:53,19.65,50,40550
20231229,12:10:08,19.6,100,40550
20231229,12:10:40,19.5,50,40550
20231229,12:16:39,19.5,2800,40500
20231229,12:16:47,19.65,50,40500
20231229,12:19:32,19.7,50,43250
20231229,12:19:48,19.65,50,43250
20231229,12:20:02,19.5,1500,43250
20231229,12:20:26,19.6,100,43250
20231229,12:20:55,19.5,400,44700
20231229,12:21:02,19.65,100,44700
20231229,12:21:10,19.7,50,44700
20231229,12:21:34,19.7,50,44700
20231229,12:21:49,19.75,150,44700
20231229,12:22:13,19.75,50,44700
20231229,12:22:21,19.8,50,44700
20231229,12:23:06,19.6,250,44700
20231229,12:23:35,19.65,200,44700
20231229,12:23:50,19.65,500,45500
20231229,12:24:34,19.85,200,45500
20231229,12:24:41,19.9,1450,45500
20231229,12:24:55,19.9,250,45500
20231229,12:25:02,19.9,1350,45500
20231229,12:25:17,19.9,1250,45500
20231229,12:25:32,19.95,1250,45500
20231229,12:25:53,20.0,1250,45500
20231229,12:26:39,19.9,800,47850
20231229,12:26:47,19.85,500,47850
20231229,12:26:54,19.9,600,47850
20231229,12:27:02,19.9,650,47850
20231229,12:27:17,19.9,1250,47850
20231229,12:27:24,19.9,1300,47850
20231229,12:27:32,19.8,50,47850
20231229,12:27:40,19.8,150,47850
20231229,12:27:55,19.7,1500,47850
20231229,12:28:02,19.9,1250,47850
20231229,12:28:26,19.8,1250,47850
20231229,12:28:41,19.7,50,47850
20231229,12:28:56,19.8,1250,47850
20231229,12:29:03,19.7,50,47850
20231229,12:29:32,19.8,1250,47850
20231229,12:29:40,19.6,1000,47850
20231229,12:29:48,19.65,2050,53800
20231229,12:29:56,19.55,1250,53800
20231229,12:30:06,19.3,900,53800
20231229,12:30:15,19.2,1550,53800
20231229,12:30:40,19.2,1300,53800
20231229,12:30:49,19.0,50,53800
20231229,12:30:58,18.95,100,53800
20231229,12:31:07,18.85,1100,53800
20231229,12:31:33,19.05,2550,53800
20231229,12:31:42,19.0,150,53800
20231229,12:31:50,19.15,1550,53800
20231229,12:31:58,19.3,1350,53800
20231229,12:32:06,19.3,200,53800
20231229,12:32:22,19.35,50,53800
20231229,12:33:02,19.2,50,61950
20231229,12:33:34,19.2,150,61950
20231229,12:33:57,19.2,350,61950
20231229,12:34:13,19.2,250,61950
20231229,12:34:36,19.25,50,61950
20231229,12:34:52,19.3,100,61950
20231229,12:35:15,19.3,300,61950
20231229,12:37:41,19.15,300,61900
20231229,12:39:45,18.85,50,61650
20231229,12:40:19,18.8,100,61650
20231229,12:40:28,18.7,100,61650
20231229,12:40:36,18.7,100,61650
20231229,12:40:45,18.7,100,61650
20231229,12:40:52,18.65,100,61650
20231229,12:42:20,18.55,300,61450
20231229,12:42:29,18.5,50,61450
20231229,12:42:53,18.75,50,61450
20231229,12:43:01,18.75,50,61450
20231229,12:43:41,18.6,50,61450
20231229,12:44:14,18.55,50,61450
20231229,12:44:47,18.6,150,61150
20231229,12:45:36,18.5,50,61150
20231229,12:45:52,18.5,350,61150
20231229,12:46:00,18.45,100,61150
20231229,12:46:08,18.5,50,61150
20231229,12:46:24,18.5,50,61150
20231229,12:46:32,18.5,150,61150
20231229,12:46:39,18.4,350,61150
20231229,12:46:47,18.35,150,61150
20231229,12:46:55,18.3,100,61150
20231229,12:47:02,18.3,50,61150
20231229,12:47:10,18.3,300,61150
20231229,12:47:25,18.2,50,61150
20231229,12:47:34,18.2,100,61150
20231229,12:47:42,18.2,50,61150
20231229,12:48:12,18.1,50,60950
20231229,12:48:28,18.0,150,60950
20231229,12:48:36,17.9,50,60950
20231229,12:49:27,17.9,1800,60950
20231229,12:50:24,18.2,300,60950
20231229,12:51:33,18.0,150,61200
20231229,12:51:56,17.95,50,61200
20231229,12:53:44,18.1,50,61150
20231229,12:54:22,18.0,1800,61150
20231229,12:57:16,18.1,50,60700
20231229,12:57:54,17.95,250,60700
20231229,12:58:16,17.9,1800,60700
20231229,12:59:38,17.8,100,60700
20231229,13:00:47,17.8,400,61150
20231229,13:02:14,17.75,50,61150
20231229,13:04:36,17.75,50,61600
20231229,13:05:48,17.75,50,61600
20231229,13:06:28,18.05,50,61600
20231229,13:06:36,18.0,100,61600
20231229,13:07:54,17.9,250,61600
20231229,13:08:01,17.9,150,61600
20231229,13:08:09,17.8,1400,61600
20231229,13:08:25,18.05,150,61600
20231229,13:08:48,18.0,550,62350
20231229,13:09:03,18.05,50,62350
20231229,13:09:18,18.05,350,62350
20231229,13:09:26,18.05,1050,62350
20231229,13:13:11,18.1,50,63900
20231229,13:14:44,18.1,900,63900
20231229,13:15:08,18.2,50,64300
20231229,13:15:16,18.3,100,64300
20231229,13:15:24,18.45,1100,64300
20231229,13:16:12,18.3,1000,64300
20231229,13:17:30,18.35,50,64300
20231229,13:18:32,18.5,50,66100
20231229,13:19:35,18.1,200,66100
20231229,13:22:27,18.05,50,66150
20231229,13:23:07,17.95,150,66150
20231229,13:24:58,18.1,100,66200
20231229,13:25:20,18.1,50,66200
20231229,13:27:00,18.0,50,66150
20231229,13:27:31,18.0,200,66150
20231229,13:28:11,17.95,150,66150
20231229,13:29:29,17.75,50,66150
20231229,13:30:28,17.65,100,66150
20231229,13:30:46,17.45,50,66150
20231229,13:33:53,17.45,650,66100
20231229,13:35:12,17.4,100,66100
20231229,13:35:20,17.4,100,66100
20231229,13:35:28,17.4,50,66100
20231229,13:35:36,17.4,13250,66100
20231229,13:36:12,17.5,100,70750
20231229,13:36:19,17.85,27750,70750
20231229,13:36:26,17.8,50,70750
20231229,13:36:34,17.8,300,70750
20231229,13:37:35,17.65,100,70750
20231229,13:37:43,17.55,50,70750
20231229,13:37:59,17.5,50,70750
20231229,13:38:14,17.5,200,70750
20231229,13:39:43,17.6,50,92350
20231229,13:39:52,17.6,50,92350
20231229,13:40:00,17.5,50,92350
20231229,13:40:09,17.5,500,92350
20231229,13:40:18,17.55,250,92350
20231229,13:40:27,17.5,200,92350
20231229,13:40:35,17.5,100,92350
20231229,13:41:09,17.5,1000,92350
20231229,13:41:32,17.5,100,92350
20231229,13:41:41,17.55,400,92350
20231229,13:41:49,17.55,50,94650
20231229,13:42:05,17.5,400,94650
20231229,13:42:21,17.5,50,94650
20231229,13:42:29,17.6,200,94650
20231229,13:42:53,17.65,250,94650
20231229,13:43:01,17.6,200,94650
20231229,13:43:09,17.7,50,94650
20231229,13:43:33,17.95,50,94650
20231229,13:43:41,17.75,400,94650
20231229,13:43:49,17.7,50,94650
20231229,13:45:11,17.85,50,93800
20231229,13:45:19,17.85,150,93800
20231229,13:45:34,17.8,150,93800
20231229,13:45:49,17.95,10050,93800
20231229,13:45:57,18.05,1200,93800
20231229,13:46:12,18.0,1750,93800
20231229,13:46:20,18.0,300,93800
20231229,13:47:08,18.15,150,93800
20231229,13:47:16,18.1,550,93800
20231229,13:47:25,18.05,200,93800
20231229,13:47:40,18.0,1000,93800
20231229,13:47:48,18.0,550,93800
20231229,13:48:04,18.05,350,108450
20231229,13:48:34,18.05,250,108450
20231229,13:48:49,18.0,1150,108450
20231229,13:48:57,18.0,200,108450
20231229,13:49:05,18.05,250,108450
20231229,13:49:28,18.1,400,108450
20231229,13:49:37,18.15,200,108450
20231229,13:49:45,18.25,50,108450
20231229,13:49:53,18.3,50,108450
20231229,13:50:48,18.2,400,108450
20231229,13:51:04,18.25,200,108300
20231229,13:51:12,18.2,200,108300
20231229,13:51:43,18.15,50,108300
20231229,13:53:30,18.25,50,108300
20231229,13:53:38,18.2,50,108300
20231229,13:53:46,18.2,50,108300
20231229,13:55:02,18.1,200,108300
20231229,13:55:18,18.1,50,108300
20231229,13:55:34,18.1,200,108300
20231229,13:56:05,18.15,50,108300
20231229,13:57:28,18.0,250,108250
20231229,13:58:27,18.0,150,108250
20231229,13:58:34,18.0,150,108250
20231229,13:58:49,18.0,100,108250
20231229,13:58:57,18.0,150,108250
20231229,13:59:04,18.0,400,108250
20231229,13:59:12,18.0,150,108250
20231229,13:59:20,18.0,50,108250
20231229,13:59:42,18.15,1500,108250
20231229,14:00:04,18.0,50,111150
20231229,14:00:12,18.05,50,111150
20231229,14:00:35,18.0,1600,111150
20231229,14:00:49,18.05,50,111150
20231229,14:00:57,18.05,300,111150
20231229,14:01:05,18.05,50,111150
20231229,14:01:13,18.0,1700,111150
20231229,14:01:43,18.0,50,111150
20231229,14:01:51,18.0,250,111150
20231229,14:01:58,18.0,250,111150
20231229,14:02:06,18.0,50,111150
20231229,14:02:21,18.0,400,111150
20231229,14:02:29,18.0,50,111150
20231229,14:02:37,18.05,50,111150
20231229,14:02:44,18.1,1500,111150
20231229,14:03:06,18.0,150,116850
20231229,14:03:28,18.0,150,116850
20231229,14:04:07,18.1,350,116850
20231229,14:04:15,18.1,100,116850
20231229,14:04:23,18.05,200,116850
20231229,14:04:32,18.0,150,116850
20231229,14:05:19,18.05,350,116850
20231229,14:05:34,18.0,100,116850
20231229,14:06:05,18.0,1800,117600
20231229,14:06:13,17.95,200,117600
20231229,14:06:28,17.85,300,117600
20231229,14:08:32,17.6,1000,117600
20231229,14:08:57,17.4,50,119200
20231229,14:09:05,17.3,100,119200
20231229,14:09:28,17.3,500,119200
20231229,14:09:44,17.35,50,119200
20231229,14:09:52,17.3,100,119200
20231229,14:11:18,17.1,50,119200
20231229,14:12:13,17.1,1050,119700
20231229,14:12:21,17.05,250,119700
20231229,14:12:29,17.0,200,119700
20231229,14:12:37,17.0,50,119700
20231229,14:13:11,16.9,50,119700
20231229,14:13:44,16.9,800,119700
20231229,14:14:28,16.55,1250,119700
20231229,14:14:46,16.25,1800,119700
20231229,14:14:55,16.25,50,119700
20231229,14:15:22,16.3,500,119800
20231229,14:15:31,16.2,400,119800
20231229,14:15:39,16.15,350,119800
20231229,14:15:48,16.3,50,119800
20231229,14:15:56,16.2,300,119800
20231229,14:16:32,16.25,400,119800
20231229,14:17:16,16.2,200,119800
20231229,14:17:32,16.05,650,119800
20231229,14:17:41,15.9,1350,119800
20231229,14:18:06,15.9,500,120100
20231229,14:18:54,15.9,200,120100
20231229,14:19:02,15.85,900,120100
20231229,14:19:11,15.75,200,120100
20231229,14:19:20,15.75,500,120100
20231229,14:19:36,15.65,450,120100
20231229,14:19:45,15.65,50,120100
20231229,14:19:53,15.65,50,120100
20231229,14:20:01,15.65,50,120100
20231229,14:20:09,15.6,150,120100
20231229,14:20:26,15.6,50,120100
20231229,14:20:35,15.6,50,120100
20231229,14:21:00,15.55,50,119700
20231229,14:21:08,15.55,250,119700
20231229,14:21:34,15.75,50,119700
20231229,14:21:42,15.8,1800,119700
20231229,14:22:06,15.7,50,119700
20231229,14:22:39,15.65,250,119700
20231229,14:22:55,15.6,50,119700
20231229,14:23:04,15.8,200,119700
20231229,14:23:54,15.75,450,119700
20231229,14:24:57,15.45,250,119950
20231229,14:25:15,15.45,600,119950
20231229,14:25:33,15.45,50,119950
20231229,14:26:40,15.55,100,119950
20231229,14:26:49,15.55,700,119950
20231229,14:28:12,15.5,50,120550
20231229,14:28:20,15.5,50,120550
20231229,14:29:42,15.7,400,120550
20231229,14:30:05,15.75,400,120550
20231229,14:30:39,15.9,50,120550
20231229,14:31:11,15.85,2650,120550
20231229,14:31:45,16.0,900,120550
20231229,14:31:53,15.95,550,120550
20231229,14:32:10,15.85,300,120550
20231229,14:34:04,16.25,100,120650
20231229,14:34:12,16.2,50,120650
20231229,14:35:11,16.55,200,120650
20231229,14:35:20,16.6,700,120650
20231229,14:35:29,16.6,200,120650
20231229,14:35:38,16.7,50,120650
20231229,14:35:46,16.7,300,120650
20231229,14:36:13,16.7,100,120450
20231229,14:36:21,16.7,150,120450
20231229,14:37:03,16.95,50,120450
20231229,14:37:22,17.45,200,120450
20231229,14:37:30,17.55,200,120450
20231229,14:38:14,17.35,50,120450
20231229,14:38:22,17.45,200,120450
20231229,14:38:30,17.3,50,120450
20231229,14:38:38,17.3,50,120450
20231229,14:38:54,17.2,50,120450
20231229,14:39:02,17.3,150,120500
20231229,14:40:46,17.25,50,120500
20231229,14:41:03,17.25,100,120500
20231229,14:41:26,17.2,100,120500
20231229,14:41:51,17.2,250,120500
20231229,14:41:59,17.15,300,120550
20231229,14:43:31,17.15,250,120550
20231229,14:43:39,17.3,550,120550
20231229,14:44:51,17.15,50,120550
20231229,14:45:06,17.1,100,120350
20231229,14:45:15,17.15,150,120350
20231229,14:46:10,17.2,50,120350
20231229,14:46:19,17.15,550,120350
20231229,14:46:26,17.15,200,120350
20231229,14:46:34,17.15,50,120350
20231229,14:46:42,17.1,200,120350
20231229,14:47:06,17.15,50,120350
20231229,14:47:22,17.15,50,120350
20231229,14:47:53,17.15,200,120350
20231229,14:48:09,17.15,50,119350
20231229,14:48:42,17.1,50,119350
20231229,14:49:05,17.1,400,119350
20231229,14:49:22,17.2,100,119350
20231229,14:49:30,17.2,100,119350
20231229,14:49:38,17.25,200,119350
20231229,14:49:54,17.1,3050,119350
20231229,14:50:10,17.1,50,119350
20231229,14:50:34,17.1,200,119350
20231229,14:50:42,17.1,100,119350
20231229,14:50:50,17.15,50,119350
20231229,14:51:54,17.1,1000,122250
20231229,14:52:12,17.3,250,122250
20231229,14:52:30,17.45,50,122250
20231229,14:52:38,17.6,100,122250
20231229,14:52:47,17.65,50,122250
20231229,14:52:56,17.85,100,122250
20231229,14:54:20,17.9,100,121600
20231229,14:54:45,18.0,150,121600
20231229,14:55:36,18.4,50,121600
20231229,14:56:01,18.5,50,121600
20231229,14:56:34,18.6,150,121600
20231229,14:56:41,18.6,50,121600
20231229,14:56:49,18.5,50,121600
20231229,14:57:13,18.5,50,121250
20231229,14:57:29,18.5,250,121250
20231229,14:57:37,18.55,100,121250
20231229,14:58:29,18.65,250,121250
20231229,15:00:30,18.8,300,121200
20231229,15:00:48,18.95,50,121200
20231229,15:02:09,19.3,50,121200
20231229,15:02:19,19.15,400,121200
20231229,15:02:29,18.45,300,121200
20231229,15:02:38,18.75,50,121200
20231229,15:03:05,18.45,100,122000
20231229,15:03:14,18.8,50,122000
20231229,15:03:57,18.95,50,122000
20231229,15:04:06,18.6,50,122000
20231229,15:04:15,18.65,50,122000
20231229,15:04:43,18.7,50,122000
20231229,15:05:03,18.7,50,122000
20231229,15:06:58,18.15,250,121800
20231229,15:08:26,18.3,250,121800
20231229,15:08:44,18.2,1250,121800
20231229,15:09:30,17.55,400,122050
20231229,15:09:39,17.8,500,122050
20231229,15:10:14,18.05,150,122050
20231229,15:10:23,18.05,950,122050
20231229,15:10:32,17.9,150,122050
20231229,15:10:49,18.05,150,122050
20231229,15:10:57,18.2,350,122050
20231229,15:11:06,18.15,100,122050
20231229,15:11:22,18.15,250,122050
20231229,15:11:31,18.25,400,122050
20231229,15:11:40,18.2,150,122050
20231229,15:11:57,18.1,3600,122050
20231229,15:12:50,17.6,50,122000
20231229,15:13:09,17.4,250,122000
20231229,15:13:19,17.55,700,122000
20231229,15:13:28,17.65,50,122000
20231229,15:14:28,17.6,150,122000
20231229,15:14:37,17.75,700,122000
20231229,15:15:02,17.6,100,121150
20231229,15:15:47,17.8,100,121150
20231229,15:15:55,17.8,300,121150
20231229,15:16:03,17.85,150,121150
20231229,15:16:21,17.8,100,121150
20231229,15:16:37,17.85,150,121150
20231229,15:16:54,17.8,450,121150
20231229,15:17:03,17.75,1100,121150
20231229,15:17:27,17.75,250,121150
20231229,15:21:14,17.7,150,121250
20231229,15:22:20,17.7,50,121250
20231229,15:22:28,17.75,50,121250
20231229,15:23:02,17.75,1800,121250
20231229,15:23:19,17.55,200,121250
20231229,15:23:53,17.45,1000,121250
20231229,15:24:19,17.15,250,121850
20231229,15:25:35,16.95,200,121850
20231229,15:25:54,16.85,50,121850
20231229,15:26:19,16.7,150,121850
20231229,15:26:27,16.7,200,121850
20231229,15:26:36,16.7,200,121850
20231229,15:26:44,16.8,150,121850
20231229,15:27:17,16.85,450,121800
20231229,15:27:25,16.95,200,121800
20231229,15:27:51,17.2,200,121800
20231229,15:28:00,17.2,350,121800
20231229,15:28:26,17.35,50,121800
20231229,15:28:59,17.5,100,121800
20231229,15:29:38,17.15,700,121800
20240101,09:15:08,17.15,1,120950
20240101,09:15:08,18.4,150,120950
20240101,09:15:18,16.45,1050,120950
20240101,09:15:27,16.45,350,120950
20240101,09:15:35,17.3,200,120950
20240101,09:15:43,17.6,50,120950
20240101,09:15:58,16.0,300,120950
20240101,09:16:21,15.55,50,120950
20240101,09:16:51,15.55,100,120950
20240101,09:17:08,15.55,250,120950
20240101,09:17:17,15.8,1400,120950
20240101,09:17:33,15.7,250,121350
20240101,09:17:42,15.75,50,121350
20240101,09:17:49,15.65,100,121350
20240101,09:17:58,15.4,50,121350
20240101,09:18:08,15.4,100,121350
20240101,09:18:17,15.3,250,121350
20240101,09:18:27,15.15,200,121350
20240101,09:18:37,15.15,150,121350
20240101,09:18:45,15.15,200,121350
20240101,09:18:55,15.05,800,121350
20240101,09:19:04,14.95,250,121350
20240101,09:19:22,14.85,200,121350
20240101,09:19:31,14.8,750,121350
20240101,09:19:39,14.85,50,121350
20240101,09:19:48,14.65,400,121350
20240101,09:19:58,14.6,500,121350
20240101,09:20:08,14.55,800,121350
20240101,09:20:16,14.4,1600,121350
20240101,09:20:26,14.3,400,123300
20240101,09:20:36,14.3,650,123300
20240101,09:20:45,14.4,1100,123300
20240101,09:21:12,14.5,3800,123300
20240101,09:21:55,14.6,300,123300
20240101,09:22:06,14.6,200,123300
20240101,09:22:27,14.75,500,123300
20240101,09:22:54,14.65,50,123300
20240101,09:24:09,14.7,50,123800
20240101,09:24:49,14.7,1000,123800
20240101,09:25:05,14.8,250,123800
20240101,09:25:39,14.65,50,123800
20240101,09:26:13,14.75,50,123800
20240101,09:26:29,14.55,50,123950
20240101,09:26:54,14.5,50,123950
20240101,09:27:02,14.5,50,123950
20240101,09:27:11,14.6,1000,123950
20240101,09:27:19,14.55,50,123950
20240101,09:27:36,14.5,250,123950
20240101,09:27:45,14.5,100,123950
20240101,09:27:53,14.5,1800,123950
20240101,09:28:01,14.55,3600,123950
20240101,09:28:10,14.5,500,123950
20240101,09:28:18,14.55,50,123950
20240101,09:28:26,14.55,600,123950
20240101,09:28:34,14.45,300,123950
20240101,09:28:50,14.3,500,123950
20240101,09:29:07,14.3,100,123950
20240101,09:29:16,14.3,50,123950
20240101,09:29:25,14.25,450,124350
20240101,09:29:41,14.15,200,124350
20240101,09:30:13,14.0,50,124350
20240101,09:30:22,13.9,200,124350
20240101,09:30:30,13.9,300,124350
20240101,09:31:31,13.85,100,124350
20240101,09:32:29,13.85,50,123950
20240101,09:32:45,14.1,150,123950
20240101,09:32:53,14.0,450,123950
20240101,09:33:18,14.05,150,123950
20240101,09:34:00,14.1,50,123950
20240101,09:34:17,14.1,50,123950
20240101,09:34:42,14.15,50,123950
20240101,09:34:57,14.1,300,123950
20240101,09:35:05,14.2,150,123950
20240101,09:35:31,14.2,50,123700
20240101,09:35:40,14.15,50,123700
20240101,09:36:05,14.1,1050,123700
20240101,09:36:22,14.15,700,123700
20240101,09:36:56,14.15,250,123700
20240101,09:37:13,14.15,250,123700
20240101,09:37:21,14.2,100,123700
20240101,09:37:37,14.1,500,123700
20240101,09:37:46,14.1,250,123700
20240101,09:39:00,13.9,650,122950
20240101,09:39:17,13.85,250,122950
20240101,09:39:33,13.85,50,122950
20240101,09:39:41,13.9,50,122950
20240101,09:40:33,14.0,500,122950
20240101,09:40:41,13.85,800,122950
20240101,09:42:00,13.9,250,124700
20240101,09:42:32,14.0,50,124700
20240101,09:44:04,13.75,50,124700
20240101,09:44:20,13.75,200,124700
20240101,09:44:37,13.7,200,124950
20240101,09:44:54,13.7,850,124950
20240101,09:45:03,13.7,250,124950
20240101,09:45:36,13.7,100,124950
20240101,09:45:44,13.8,800,124950
20240101,09:46:42,13.75,900,124950
20240101,09:46:51,13.95,450,124950
20240101,09:47:10,13.9,200,124950
20240101,09:47:19,13.8,150,124950
20240101,09:48:08,13.7,50,123750
20240101,09:48:33,13.65,150,123750
20240101,09:48:58,13.65,50,123750
20240101,09:49:24,14.0,50,123750
20240101,09:49:33,14.0,350,123750
20240101,09:49:51,14.25,300,123750
20240101,09:50:08,14.15,400,123750
20240101,09:50:24,14.3,300,123750
20240101,09:51:18,14.45,250,124500
20240101,09:53:38,14.35,100,124500
20240101,09:54:04,14.4,350,124500
20240101,09:54:13,14.4,450,124500
20240101,09:54:22,14.35,50,124500
20240101,09:54:30,14.15,250,124500
20240101,09:54:47,14.2,500,124500
20240101,09:56:29,14.4,250,124200
20240101,09:57:45,14.25,50,124200
20240101,09:59:12,14.4,100,124200
20240101,09:59:21,14.4,100,124200
20240101,09:59:29,14.35,400,123950
20240101,10:00:01,14.35,250,123950
20240101,10:00:36,14.35,450,123950
20240101,10:01:42,14.35,100,123950
20240101,10:01:50,14.35,500,123950
20240101,10:01:58,14.35,150,123950
20240101,10:02:07,14.25,300,123950
20240101,10:02:15,14.25,150,123950
20240101,10:02:23,14.25,150,123950
20240101,10:02:54,14.3,50,123850
20240101,10:05:06,14.4,350,123850
20240101,10:05:23,14.3,50,123850
20240101,10:08:20,13.9,150,124000
20240101,10:08:43,13.95,400,124000
20240101,10:10:31,13.8,500,123950
20240101,10:11:14,13.65,200,123950
20240101,10:11:31,13.6,50,123950
20240101,10:11:39,13.6,50,123850
20240101,10:11:56,13.6,50,123850
20240101,10:12:04,13.65,800,123850
20240101,10:12:12,13.65,50,123850
20240101,10:12:20,13.65,250,123850
20240101,10:12:28,13.75,250,123850
20240101,10:12:52,13.7,100,123850
20240101,10:13:40,13.95,50,123850
20240101,10:13:56,13.95,1000,123850
20240101,10:14:12,13.9,50,123850
20240101,10:14:51,13.9,50,124450
20240101,10:15:28,13.9,100,124450
20240101,10:16:09,13.9,200,124450
20240101,10:16:17,13.85,150,124450
20240101,10:16:25,13.75,100,124450
20240101,10:16:42,13.9,1000,124450
20240101,10:16:58,13.95,500,124450
20240101,10:17:14,13.85,50,124450
20240101,10:17:31,13.95,50,124400
20240101,10:18:11,13.8,50,124400
20240101,10:18:34,13.75,150,124400
20240101,10:18:57,13.7,50,124400
20240101,10:20:30,13.65,200,123850
20240101,10:20:45,13.65,50,123850
20240101,10:21:01,13.75,300,123850
20240101,10:21:49,13.45,50,123850
20240101,10:22:07,13.45,50,123850
20240101,10:22:15,13.4,50,123850
20240101,10:22:24,13.35,50,123850
20240101,10:22:41,13.35,100,123850
20240101,10:23:53,13.35,50,123850
20240101,10:24:01,13.4,150,123850
20240101,10:24:57,13.35,50,123850
20240101,10:25:13,13.45,50,123850
20240101,10:25:59,13.5,100,123850
20240101,10:26:08,13.6,600,123850
20240101,10:26:16,13.6,350,123850
20240101,10:26:24,13.6,150,123850
20240101,10:26:32,13.65,150,123850
20240101,10:27:06,13.65,400,122700
20240101,10:28:18,13.65,100,122700
20240101,10:29:30,13.65,50,122700
20240101,10:30:10,13.65,100,122750
20240101,10:31:45,13.75,50,122750
20240101,10:32:31,13.8,300,122750
20240101,10:33:03,13.75,100,122800
20240101,10:33:11,13.8,400,122800
20240101,10:34:18,13.8,50,122800
20240101,10:34:44,13.7,50,122800
20240101,10:34:52,13.7,50,122800
20240101,10:37:18,13.55,50,122800
20240101,10:37:34,13.5,50,122800
20240101,10:40:58,13.7,1900,122850
20240101,10:43:10,13.75,750,122850
20240101,10:43:18,13.8,1200,122850
20240101,10:45:13,13.8,100,122650
20240101,10:45:22,13.9,150,122650
20240101,10:45:30,13.8,200,122650
20240101,10:45:39,13.8,100,122650
20240101,10:45:47,13.95,150,122650
20240101,10:45:55,13.9,100,122650
20240101,10:46:04,13.8,150,122650
20240101,10:46:13,13.85,100,122650
20240101,10:46:21,13.95,150,122650
20240101,10:46:29,13.9,150,122650
20240101,10:46:38,14.0,2100,122650
20240101,10:46:47,13.95,150,122650
20240101,10:46:55,14.0,400,122650
20240101,10:47:04,13.8,400,122650
20240101,10:47:12,13.9,150,122650
20240101,10:47:21,13.75,150,122650
20240101,10:47:29,13.85,150,122650
20240101,10:47:37,13.7,150,123000
20240101,10:47:45,13.7,100,123000
20240101,10:47:53,13.8,300,123000
20240101,10:48:01,13.65,150,123000
20240101,10:48:10,13.75,150,123000
20240101,10:48:18,13.7,150,123000
20240101,10:48:26,13.9,150,123000
20240101,10:48:34,13.8,150,123000
20240101,10:48:43,13.9,300,123000
20240101,10:48:52,13.95,700,123000
20240101,10:49:00,13.85,150,123000
20240101,10:49:08,13.9,200,123000
20240101,10:49:16,14.0,150,123000
20240101,10:49:42,14.0,2500,123000
20240101,10:49:52,14.0,250,123000
20240101,10:50:01,14.05,450,123000
20240101,10:50:10,14.05,300,123000
20240101,10:50:35,14.05,250,123000
20240101,10:50:43,14.15,500,123600
20240101,10:53:04,14.15,250,123600
20240101,10:54:02,14.05,100,123850
20240101,10:54:10,14.05,200,123850
20240101,10:54:18,14.15,50,123850
20240101,10:54:34,14.1,50,123850
20240101,10:54:42,14.2,50,123850
20240101,10:54:50,14.25,150,123850
20240101,10:55:06,14.3,200,123850
20240101,10:55:22,14.3,150,123850
20240101,10:56:08,14.15,200,123850
20240101,10:56:32,14.0,100,123850
20240101,10:58:44,13.95,50,124300
20240101,10:58:53,14.0,50,124300
20240101,10:59:16,14.0,50,124300
20240101,11:00:09,14.05,50,124400
20240101,11:00:16,14.05,100,124400
20240101,11:00:32,13.95,50,124400
20240101,11:00:49,14.0,50,124400
20240101,11:01:22,14.0,550,124400
20240101,11:01:31,14.05,50,124400
20240101,11:01:47,14.1,600,124400
20240101,11:02:52,14.1,200,124400
20240101,11:04:31,13.65,1400,124400
20240101,11:04:54,13.75,50,124400
20240101,11:05:02,13.75,50,124400
20240101,11:05:33,13.8,50,124400
20240101,11:05:56,13.8,1000,124250
20240101,11:06:04,13.8,500,124250
20240101,11:06:12,13.9,50,124250
20240101,11:06:19,13.75,350,124250
20240101,11:06:28,13.8,100,124250
20240101,11:09:15,13.95,300,124300
20240101,11:09:22,13.95,50,124300
20240101,11:09:29,13.95,200,124300
20240101,11:10:27,14.0,100,124300
20240101,11:11:31,14.0,50,124300
20240101,11:12:08,14.05,100,123950
20240101,11:12:24,14.15,350,123950
20240101,11:13:02,14.15,50,123950
20240101,11:13:17,14.2,50,123950
20240101,11:13:40,14.2,50,123950
20240101,11:13:47,14.2,50,123950
20240101,11:15:04,14.15,100,123700
20240101,11:15:13,14.25,150,123700
20240101,11:16:09,14.15,50,123700
20240101,11:16:57,13.9,100,123700
20240101,11:17:04,13.95,150,123700
20240101,11:18:11,13.9,100,123550
20240101,11:18:49,13.95,50,123550
20240101,11:20:13,14.0,450,123550
20240101,11:20:37,14.05,2200,123550
20240101,11:21:07,14.25,50,124000
20240101,11:21:22,14.3,250,124000
20240101,11:22:20,14.2,200,124000
20240101,11:22:34,14.15,300,124000
20240101,11:26:02,13.9,100,124500
20240101,11:27:09,13.85,200,124150
20240101,11:33:42,13.75,50,124200
20240101,11:34:12,13.75,50,124200
20240101,11:34:27,13.75,50,124200
20240101,11:34:56,13.75,50,124200
20240101,11:35:46,13.85,350,124300
20240101,11:36:15,13.75,500,124300
20240101,11:36:24,13.8,50,124300
20240101,11:36:47,13.8,50,124300
20240101,11:37:11,13.75,600,124300
20240101,11:37:27,13.7,100,124300
20240101,11:38:51,13.75,50,125200
20240101,11:41:31,13.8,450,125200
20240101,11:42:51,13.75,500,125100
20240101,11:42:58,13.75,50,125100
20240101,11:44:52,13.65,100,125500
20240101,11:45:21,13.6,200,125500
20240101,11:45:28,13.6,400,125500
20240101,11:45:51,13.6,250,125500
20240101,11:47:33,13.55,200,125500
20240101,11:47:40,13.55,400,125500
20240101,11:47:47,13.55,200,125500
20240101,11:49:06,13.4,100,125650
20240101,11:49:46,13.5,250,125650
20240101,11:51:09,13.65,500,125550
20240101,11:55:51,13.4,50,125550
20240101,11:56:14,13.3,750,125850
20240101,11:56:53,13.3,600,126150
20240101,11:58:30,13.3,950,126150
20240101,11:59:01,13.35,50,126150
20240101,12:00:59,13.3,50,126550
20240101,12:02:05,13.05,50,126550
20240101,12:03:01,13.05,200,126550
20240101,12:04:16,13.35,50,126550
20240101,12:11:24,13.0,50,126550
20240101,12:12:26,13.0,200,126550
20240101,12:13:24,13.0,50,126550
20240101,12:13:48,13.0,600,126550
20240101,12:14:23,13.0,50,126550
20240101,12:14:40,13.1,50,126550
20240101,12:15:57,13.05,50,127050
20240101,12:16:30,13.05,200,127050
20240101,12:17:40,12.95,50,127050
20240101,12:17:56,12.8,9000,127100
20240101,12:18:03,12.75,4600,127100
20240101,12:18:11,12.75,6400,127100
20240101,12:18:34,12.75,50,127100
20240101,12:18:42,12.9,250,127100
20240101,12:18:50,12.7,3600,127100
20240101,12:18:58,12.55,6600,127100
20240101,12:19:31,12.45,150,127100
20240101,12:19:46,12.45,250,127100
20240101,12:20:19,12.4,50,127100
20240101,12:20:28,12.4,450,127100
20240101,12:21:33,12.4,200,141000
20240101,12:21:40,12.45,350,141000
20240101,12:21:55,12.5,50,141000
20240101,12:22:03,12.5,100,141000
20240101,12:22:21,12.45,400,141000
20240101,12:22:29,12.5,50,141000
20240101,12:22:36,12.5,100,141000
20240101,12:22:44,12.5,250,141000
20240101,12:23:00,12.45,200,141000
20240101,12:23:08,12.4,100,141000
20240101,12:23:17,12.4,50,141000
20240101,12:23:35,12.45,2650,141000
20240101,12:23:43,12.45,300,141000
20240101,12:23:59,12.45,400,142550
20240101,12:24:07,12.45,50,142550
20240101,12:24:39,12.45,50,142550
20240101,12:25:45,12.4,1400,142550
20240101,12:26:10,12.25,150,142550
20240101,12:26:18,12.2,500,142550
20240101,12:26:59,12.2,300,142900
20240101,12:27:07,12.2,450,142900
20240101,12:27:31,12.2,200,142900
20240101,12:27:47,12.25,50,142900
20240101,12:27:54,12.25,350,142900
20240101,12:28:28,12.25,250,142900
20240101,12:29:45,12.2,250,142900
20240101,12:29:53,12.1,350,139900
20240101,12:30:24,12.05,50,139900
20240101,12:30:48,12.05,700,139900
20240101,12:31:03,12.0,250,139900
20240101,12:31:27,11.95,50,139900
20240101,12:33:17,11.95,50,139350
20240101,12:33:54,12.0,50,139350
20240101,12:34:24,12.05,50,139350
20240101,12:35:05,12.05,500,139350
20240101,12:35:20,12.0,900,139350
20240101,12:35:27,12.05,50,139350
20240101,12:36:07,12.15,50,138550
20240101,12:36:23,12.2,150,138550
20240101,12:36:31,12.15,100,138550
20240101,12:36:47,12.2,50,138550
20240101,12:37:09,12.1,250,138550
20240101,12:37:53,12.0,150,138550
20240101,12:38:14,12.0,100,138550
20240101,12:39:15,12.0,250,137950
20240101,12:39:23,11.95,250,137950
20240101,12:40:08,11.85,250,137950
20240101,12:40:39,11.85,1000,137950
20240101,12:43:36,11.8,350,136850
20240101,12:45:13,11.8,1000,137050
20240101,12:46:05,12.0,350,137050
20240101,12:46:13,12.05,250,137050
20240101,12:46:21,12.05,100,137050
20240101,12:46:38,12.0,100,137050
20240101,12:46:47,12.05,100,137050
20240101,12:46:55,12.05,50,137050
20240101,12:47:04,12.1,650,137050
20240101,12:47:20,12.05,50,137050
20240101,12:47:27,12.1,50,137050
20240101,12:49:41,12.1,100,136600
20240101,12:50:05,12.1,50,136600
20240101,12:50:40,12.1,350,136600
20240101,12:50:57,12.05,150,136600
20240101,12:51:04,12.0,200,137150
20240101,12:51:20,12.05,50,137150
20240101,12:51:35,12.0,400,137150
20240101,12:52:19,12.05,50,137150
20240101,12:52:33,12.05,100,137150
20240101,12:52:47,12.0,250,137150
20240101,12:53:54,12.3,50,137550
20240101,12:54:17,12.35,250,137550
20240101,12:55:40,12.35,100,137550
20240101,12:56:16,12.45,50,137550
20240101,12:56:56,12.45,600,137350
20240101,13:00:55,12.45,400,137100
20240101,13:01:10,12.4,100,137100
20240101,13:01:19,12.35,1100,137100
20240101,13:02:06,12.55,50,137100
20240101,13:03:03,12.55,50,138450
20240101,13:03:52,12.4,7200,138450
20240101,13:04:00,12.4,2800,138450
20240101,13:04:08,12.25,9000,138450
20240101,13:04:15,12.1,8250,138450
20240101,13:04:23,12.0,11600,138450
20240101,13:04:30,12.0,2350,138450
20240101,13:04:46,11.85,9050,138450
20240101,13:04:54,11.75,11200,138450
20240101,13:05:01,11.8,200,138450
20240101,13:05:24,11.9,250,138450
20240101,13:05:33,11.9,250,138450
20240101,13:05:42,11.95,200,138450
20240101,13:06:15,12.0,100,193850
20240101,13:06:47,11.95,50,193850
20240101,13:07:10,11.9,50,193850
20240101,13:07:18,11.9,500,193850
20240101,13:08:06,11.9,250,193850
20240101,13:08:21,11.9,250,193850
20240101,13:11:30,11.85,50,193250
20240101,13:12:45,11.8,50,192600
20240101,13:13:01,11.8,500,192600
20240101,13:14:07,11.85,50,192600
20240101,13:16:57,12.0,250,190350
20240101,13:17:22,12.05,50,190350
20240101,13:17:45,12.0,50,190350
20240101,13:19:21,11.95,50,190450
20240101,13:19:29,11.95,150,190450
20240101,13:19:45,11.9,100,190450
20240101,13:20:39,12.1,200,190450
20240101,13:20:47,12.05,50,190450
20240101,13:22:09,12.05,100,190600
20240101,13:24:06,12.05,450,190600
20240101,13:24:20,12.0,250,190600
20240101,13:24:28,12.0,50,190600
20240101,13:24:50,12.0,850,190600
20240101,13:25:04,12.0,1150,190600
20240101,13:25:11,12.05,150,190600
20240101,13:25:18,12.0,100,190600
20240101,13:26:18,12.1,50,190600
20240101,13:26:26,12.05,300,190600
20240101,13:28:18,12.0,100,190200
20240101,13:28:40,11.95,50,190200
20240101,13:29:03,12.05,250,190200
20240101,13:29:12,12.05,100,190200
20240101,13:29:19,12.05,1100,190200
20240101,13:29:34,12.05,350,190200
20240101,13:30:27,12.1,50,189650
20240101,13:30:54,12.0,250,189650
20240101,13:31:36,11.95,50,189650
20240101,13:32:07,12.1,500,189650
20240101,13:32:16,12.1,100,189650
20240101,13:32:24,12.1,100,189650
20240101,13:33:19,12.3,50,189150
20240101,13:33:35,12.3,50,189150
20240101,13:34:35,12.4,200,189150
20240101,13:34:43,12.3,50,189150
20240101,13:35:39,12.3,400,189150
20240101,13:37:55,12.3,350,189050
20240101,13:38:02,12.3,200,189050
20240101,13:38:11,12.4,150,189050
20240101,13:38:19,12.3,50,189050
20240101,13:38:34,12.3,50,189050
20240101,13:39:47,12.25,50,189400
20240101,13:41:59,12.3,50,189400
20240101,13:43:43,12.25,250,189300
20240101,13:43:51,12.25,100,189300
20240101,13:44:27,12.2,50,189300
20240101,13:45:27,12.25,200,189300
20240101,13:46:53,12.2,200,189300
20240101,13:47:16,12.25,300,189300
20240101,13:48:29,12.25,200,189350
20240101,13:48:43,12.25,850,189350
20240101,13:48:51,12.2,50,189350
20240101,13:48:58,12.2,50,189350
20240101,13:49:21,12.25,50,189350
20240101,13:49:29,12.25,100,189350
20240101,13:50:24,12.25,300,189350
20240101,13:50:34,12.35,300,189350
20240101,13:52:27,12.1,50,189350
20240101,13:54:22,12.25,50,189300
20240101,13:55:44,12.25,100,189300
20240101,13:57:23,12.35,150,189300
20240101,13:58:11,12.4,50,189300
20240101,13:58:21,12.45,250,189300
20240101,13:59:04,12.5,100,189300
20240101,14:01:05,12.55,600,189000
20240101,14:01:14,12.6,50,189000
20240101,14:01:22,12.65,300,189000
20240101,14:01:31,12.7,50,189000
20240101,14:01:59,12.8,100,189000
20240101,14:02:51,13.35,250,189000
20240101,14:03:01,13.4,100,189000
20240101,14:03:29,13.25,100,189250
20240101,14:03:38,13.25,300,189250
20240101,14:03:55,13.25,400,189250
20240101,14:04:03,13.25,500,189250
20240101,14:04:12,13.2,1600,189250
20240101,14:04:21,13.35,50,189250
20240101,14:04:30,13.45,50,189250
20240101,14:05:13,13.5,1300,189250
20240101,14:05:24,13.65,50,189250
20240101,14:05:35,13.45,50,189250
20240101,14:05:53,13.45,50,189250
20240101,14:06:11,13.45,50,189850
20240101,14:06:29,13.25,1400,189850
20240101,14:06:57,13.45,50,189850
20240101,14:07:06,13.4,50,189850
20240101,14:07:15,13.35,50,189850
20240101,14:08:32,13.55,100,189850
20240101,14:08:57,13.3,150,189850
20240101,14:10:31,13.35,50,189900
20240101,14:11:15,13.55,100,189900
20240101,14:11:32,13.55,500,189900
20240101,14:11:49,13.75,100,189900
20240101,14:12:44,13.75,50,189900
20240101,14:14:12,13.8,200,189900
20240101,14:14:42,14.0,300,189900
20240101,14:15:20,13.9,50,190200
20240101,14:16:14,13.95,50,190200
20240101,14:16:22,14.0,100,190200
20240101,14:17:06,14.05,50,190200
20240101,14:17:14,14.1,50,190200
20240101,14:18:29,14.1,50,190300
20240101,14:20:01,14.35,100,190300
20240101,14:20:18,14.4,1000,190300
20240101,14:20:28,14.5,250,190300
20240101,14:21:04,14.65,500,190300
20240101,14:21:31,14.7,150,189600
20240101,14:21:59,14.5,250,189600
20240101,14:22:25,14.15,300,189600
20240101,14:22:54,14.3,50,189600
20240101,14:24:18,14.45,100,189350
20240101,14:26:28,14.4,50,189350
20240101,14:26:55,14.4,50,189350
20240101,14:27:23,14.25,600,189350
20240101,14:27:40,14.1,1050,189350
20240101,14:29:35,14.1,50,189350
20240101,14:30:56,14.55,50,189350
20240101,14:31:05,14.55,300,189350
20240101,14:31:14,14.55,50,189350
20240101,14:31:51,14.6,50,189350
20240101,14:32:34,14.7,300,189350
20240101,14:32:43,14.7,50,189350
20240101,14:33:00,14.7,500,189350
20240101,14:33:24,14.7,200,189900
20240101,14:33:49,14.7,50,189900
20240101,14:35:30,14.8,500,189900
20240101,14:36:04,14.8,300,189900
20240101,14:36:39,14.95,50,189900
20240101,14:36:49,14.85,300,189900
20240101,14:37:48,14.7,100,189900
20240101,14:38:14,14.8,50,189900
20240101,14:38:30,14.65,50,189900
20240101,14:40:19,14.3,50,190350
20240101,14:40:51,14.35,250,190350
20240101,14:40:59,14.35,50,190350
20240101,14:41:53,14.5,100,190350
20240101,14:42:13,14.5,150,190350
20240101,14:42:25,14.6,300,190350
20240101,14:42:36,14.7,50,190350
20240101,14:43:08,14.7,50,190350
20240101,14:43:18,14.7,250,190350
20240101,14:43:28,14.8,50,190350
20240101,14:43:49,15.0,100,190350
20240101,14:44:21,15.0,250,190350
20240101,14:44:40,15.45,50,190350
20240101,14:45:01,15.45,50,190350
20240101,14:45:11,15.55,250,190350
20240101,14:45:21,15.7,600,190950
20240101,14:45:30,15.9,50,190950
20240101,14:45:40,15.85,50,190950
20240101,14:45:59,15.75,150,190950
20240101,14:46:08,15.95,150,190950
20240101,14:46:17,16.0,50,190950
20240101,14:46:27,16.0,300,190950
20240101,14:46:46,15.8,50,190950
20240101,14:47:05,16.0,50,190950
20240101,14:47:14,16.15,350,190950
20240101,14:47:23,16.1,100,190950
20240101,14:47:41,16.0,100,190950
20240101,14:48:08,16.0,50,190950
20240101,14:48:17,15.9,50,191650
20240101,14:48:26,15.9,100,191650
20240101,14:48:43,15.65,50,191650
20240101,14:49:00,15.75,50,191650
20240101,14:49:20,16.0,350,191650
20240101,14:49:31,16.0,250,191650
20240101,14:49:42,16.5,50,191650
20240101,14:49:53,17.05,300,191650
20240101,14:50:03,17.25,50,191650
20240101,14:50:13,17.0,800,191650
20240101,14:50:25,17.8,950,191650
20240101,14:50:36,18.05,100,191650
20240101,14:50:45,17.95,50,191650
20240101,14:50:55,18.0,50,191650
20240101,14:51:04,18.45,450,191650
20240101,14:51:13,18.1,50,191650
20240101,14:51:23,18.2,100,192350
20240101,14:51:44,18.1,200,192350
20240101,14:51:54,18.05,100,192350
20240101,14:52:04,18.25,50,192350
20240101,14:52:14,18.1,100,192350
20240101,14:52:33,18.0,50,192350
20240101,14:52:42,18.1,50,192350
20240101,14:52:51,17.85,50,192350
20240101,14:53:00,17.95,150,192350
20240101,14:53:09,17.85,50,192350
20240101,14:53:27,17.5,300,192350
20240101,14:53:56,17.9,50,192350
20240101,14:54:05,17.6,250,192350
20240101,14:54:25,17.7,100,192450
20240101,14:54:34,17.9,50,192450
20240101,14:55:02,17.9,50,192450
20240101,14:55:21,17.9,50,192450
20240101,14:55:48,17.95,50,192450
20240101,14:55:57,17.9,50,192450
20240101,14:56:05,17.95,50,192450
20240101,14:56:40,17.75,900,192450
20240101,14:56:49,17.7,50,192450
20240101,14:56:58,17.7,50,192450
20240101,14:57:15,17.7,300,192450
20240101,14:57:24,17.65,150,192100
20240101,14:58:08,17.7,50,192100
20240101,14:58:35,17.7,100,192100
20240101,14:59:20,17.95,100,192100
20240101,14:59:47,18.1,350,192100
20240101,14:59:56,18.2,50,192100
20240101,15:00:05,18.4,100,192100
20240101,15:00:15,18.25,150,192750
20240101,15:00:24,18.45,100,192750
20240101,15:00:43,18.6,200,192750
20240101,15:00:52,18.8,50,192750
20240101,15:01:02,18.8,100,192750
20240101,15:01:12,18.5,1000,192750
20240101,15:01:22,18.4,150,192750
20240101,15:01:34,17.1,7500,192750
20240101,15:01:46,17.7,600,192750
20240101,15:01:56,17.8,300,192750
20240101,15:02:06,17.7,250,192750
20240101,15:02:26,17.1,50,192750
20240101,15:02:35,17.1,50,192750
20240101,15:02:55,17.0,50,192750
20240101,15:03:04,16.6,100,192750
20240101,15:03:15,16.75,150,199500
20240101,15:03:24,16.7,150,199500
20240101,15:03:34,16.7,50,199500
20240101,15:06:12,16.65,50,199500
20240101,15:06:21,16.6,50,199500
20240101,15:06:30,16.55,50,199500
20240101,15:06:57,16.35,50,199500
20240101,15:07:06,16.3,150,199500
20240101,15:07:24,16.4,50,199500
20240101,15:07:43,15.9,1100,199500
20240101,15:08:16,15.25,150,199500
20240101,15:08:26,15.3,50,199500
20240101,15:08:37,15.15,150,199500
20240101,15:09:12,14.2,200,199500
20240101,15:09:25,14.35,50,199450
20240101,15:09:35,14.1,50,199450
20240101,15:09:45,14.35,250,199450
20240101,15:10:05,14.35,100,199450
20240101,15:10:17,14.0,7350,199450
20240101,15:10:28,13.7,100,199450
20240101,15:10:40,13.7,3450,199450
20240101,15:10:52,13.3,400,199450
20240101,15:11:03,13.6,50,199450
20240101,15:11:14,13.55,200,199450
20240101,15:11:24,13.45,50,199450
20240101,15:11:35,13.5,100,199450
20240101,15:11:55,13.6,100,199450
20240101,15:12:06,13.5,50,199450
20240101,15:12:16,13.6,50,192100
20240101,15:12:25,13.7,200,192100
20240101,15:12:35,13.7,350,192100
20240101,15:12:46,13.6,50,192100
20240101,15:12:57,13.55,50,192100
20240101,15:13:07,13.7,450,192100
20240101,15:13:18,13.4,900,192100
20240101,15:13:29,13.4,1050,192100
20240101,15:13:40,13.45,200,192100
20240101,15:13:50,13.5,500,192100
20240101,15:14:00,13.5,550,192100
20240101,15:14:10,13.5,50,192100
20240101,15:14:30,13.5,100,192100
20240101,15:14:41,13.65,50,192100
20240101,15:14:51,13.9,600,192100
20240101,15:15:11,13.7,50,192100
20240101,15:15:30,13.7,50,192050
20240101,15:16:20,13.75,150,192050
20240101,15:16:30,13.8,50,192050
20240101,15:16:40,14.0,50,192050
20240101,15:16:50,14.0,50,192050
20240101,15:17:28,14.1,50,192050
20240101,15:17:47,14.15,250,192050
20240101,15:17:57,14.2,1000,192050
20240101,15:18:07,14.1,850,192050
20240101,15:18:16,13.9,200,192200
20240101,15:18:26,13.7,200,192200
20240101,15:18:36,13.7,200,192200
20240101,15:18:46,13.7,50,192200
20240101,15:19:04,13.6,50,192200
20240101,15:19:51,13.55,250,192200
20240101,15:20:25,13.6,50,192200
20240101,15:20:37,13.5,100,192200
20240101,15:20:49,13.45,400,192200
20240101,15:21:00,13.35,50,192200
20240101,15:21:11,13.35,600,192200
20240101,15:21:22,13.3,500,192100
20240101,15:21:33,13.05,400,192100
20240101,15:21:45,13.1,200,192100
20240101,15:21:57,12.75,350,192100
20240101,15:22:10,12.5,1900,192100
20240101,15:22:21,12.4,850,192100
20240101,15:22:32,12.4,50,192100
20240101,15:22:44,12.35,1850,192100
20240101,15:22:54,12.3,2350,192100
20240101,15:23:05,12.3,100,192100
20240101,15:23:15,12.35,200,192100
20240101,15:23:36,12.3,50,192100
20240101,15:23:47,12.3,500,192100
20240101,15:24:11,12.3,50,192100
20240101,15:24:23,12.35,400,191500
20240101,15:24:34,12.25,300,191500
20240101,15:24:44,12.2,200,191500
20240101,15:25:13,12.15,50,191500
20240101,15:25:24,12.05,600,191500
20240101,15:25:36,12.0,950,191500
20240101,15:25:48,11.7,10550,191500
20240101,15:26:00,11.65,4900,191500
20240101,15:26:10,11.5,4450,191500
20240101,15:26:20,11.45,2850,191500
20240101,15:26:30,11.5,5300,191500
20240101,15:26:41,11.0,6400,191500
20240101,15:26:51,11.45,650,191500
20240101,15:27:12,11.35,700,191500
20240101,15:27:22,11.45,1000,222050
20240101,15:27:33,11.3,100,222050
20240101,15:27:45,11.35,600,222050
20240101,15:28:32,11.2,150,222050
20240101,15:28:53,11.2,550,222050
20240101,15:29:05,11.35,50,222050
20240101,15:29:17,11.6,100,222050
20240101,15:29:54,11.4,100,222050
20240102,09:15:11,13.1,1,221800
20240102,09:15:11,11.4,150,221800
20240102,09:15:24,11.2,100,221800
20240102,09:15:47,11.2,100,221800
20240102,09:16:19,11.4,50,221800
20240102,09:17:07,12.0,200,221800
20240102,09:17:16,12.0,550,221800
20240102,09:17:45,11.75,200,222600
20240102,09:17:55,11.75,300,222600
20240102,09:18:04,11.65,50,222600
20240102,09:18:42,11.55,50,222600
20240102,09:18:52,11.65,150,222600
20240102,09:19:03,11.65,100,222600
20240102,09:19:13,11.7,100,222600
20240102,09:19:32,11.85,300,222600
20240102,09:19:42,11.55,700,222600
20240102,09:19:52,11.5,150,222600
20240102,09:20:02,11.4,50,222600
20240102,09:20:12,11.55,200,222600
20240102,09:20:42,11.5,50,223250
20240102,09:21:01,11.6,300,223250
20240102,09:21:11,11.4,50,223250
20240102,09:21:21,11.3,50,223250
20240102,09:22:15,10.95,50,223250
20240102,09:22:26,10.9,50,223250
20240102,09:22:47,10.85,50,223250
20240102,09:23:06,10.8,250,223250
20240102,09:23:15,10.8,300,223250
20240102,09:23:25,10.9,200,223250
20240102,09:23:53,11.15,250,223200
20240102,09:24:02,11.1,1300,223200
20240102,09:24:21,10.95,50,223200
20240102,09:24:41,10.95,500,223200
20240102,09:25:01,10.8,150,223200
20240102,09:25:12,10.8,100,223200
20240102,09:25:43,10.35,50,223200
20240102,09:26:12,10.25,600,223200
20240102,09:26:43,10.15,50,222800
20240102,09:27:04,10.15,150,222800
20240102,09:27:34,10.05,450,222800
20240102,09:27:54,10.05,50,222800
20240102,09:28:04,10.05,4600,222800
20240102,09:28:37,11.3,3800,222800
20240102,09:28:51,11.25,100,222800
20240102,09:29:02,11.1,100,222800
20240102,09:29:12,10.9,350,222800
20240102,09:29:35,10.8,50,228100
20240102,09:29:55,10.55,50,228100
20240102,09:30:35,10.4,50,228100
20240102,09:30:45,10.4,1000,228100
20240102,09:31:56,10.55,50,228100
20240102,09:33:42,10.45,350,229000
20240102,09:33:52,10.55,450,229000
20240102,09:34:29,10.55,300,229000
20240102,09:35:15,10.55,500,229000
20240102,09:35:34,10.5,50,227700
20240102,09:36:48,10.45,100,227700
20240102,09:37:16,10.5,50,227700
20240102,09:38:35,10.4,100,227750
20240102,09:38:45,10.4,500,227750
20240102,09:38:55,10.35,400,227750
20240102,09:39:41,10.45,1100,227750
20240102,09:39:51,10.6,1200,227750
20240102,09:41:25,10.85,50,227750
20240102,09:42:04,10.8,50,226250
20240102,09:42:24,10.8,950,226250
20240102,09:42:33,10.85,50,226250
20240102,09:43:01,10.85,50,226250
20240102,09:43:50,10.85,1000,226250
20240102,09:45:04,10.85,50,227250
20240102,09:45:13,10.95,50,227250
20240102,09:45:33,10.75,50,227250
20240102,09:45:51,10.9,250,227250
20240102,09:46:01,10.8,1000,227250
20240102,09:49:35,10.95,500,227300
20240102,09:49:44,11.0,50,227300
20240102,09:50:02,11.05,250,227300
20240102,09:50:11,11.05,50,227300
20240102,09:50:20,11.05,400,227300
20240102,09:50:38,11.05,100,228050
20240102,09:50:47,11.1,50,228050
20240102,09:52:11,11.05,50,228050
20240102,09:52:29,11.1,350,228050
20240102,09:52:38,11.1,50,228050
20240102,09:54:10,11.0,250,228250
20240102,09:54:38,10.9,450,228250
20240102,09:54:47,11.0,50,228250
20240102,09:56:25,10.75,100,228250
20240102,09:56:37,10.85,200,228250
20240102,09:57:39,10.5,750,228050
20240102,09:57:50,10.4,400,228050
20240102,09:58:02,10.45,50,228050
20240102,09:58:13,10.25,50,228050
20240102,09:58:24,10.2,350,228050
20240102,09:58:37,10.1,350,228050
20240102,09:58:48,10.05,400,228050
20240102,09:58:58,10.05,250,228050
20240102,09:59:09,10.0,50,228050
20240102,09:59:22,9.9,300,228050
20240102,09:59:33,9.8,1200,228200
20240102,09:59:45,9.8,200,228200
20240102,09:59:55,9.7,2100,228200
20240102,10:00:06,9.65,650,228200
20240102,10:00:18,9.7,50,228200
20240102,10:00:31,9.85,650,228200
20240102,10:00:44,9.7,250,228200
20240102,10:01:15,9.75,950,228200
20240102,10:01:27,9.75,50,228200
20240102,10:01:38,9.75,1000,228200
20240102,10:01:48,9.8,50,228200
20240102,10:01:59,9.75,900,228200
20240102,10:02:09,9.8,7150,228200
20240102,10:02:19,9.8,1150,228200
20240102,10:02:30,9.7,50,228200
20240102,10:02:39,9.7,150,236800
20240102,10:02:59,9.65,400,236800
20240102,10:03:23,9.6,50,236800
20240102,10:03:36,9.6,150,236800
20240102,10:03:47,9.6,850,236800
20240102,10:04:48,9.65,550,236800
20240102,10:05:19,9.7,150,236800
20240102,10:05:30,9.7,50,236800
20240102,10:05:50,9.55,100,236650
20240102,10:06:00,9.5,950,236650
20240102,10:06:10,9.5,1000,236650
20240102,10:06:20,9.65,450,236650
20240102,10:06:41,9.65,250,236650
20240102,10:07:12,9.8,750,236650
20240102,10:07:23,9.8,1200,236650
20240102,10:07:34,9.7,100,236650
20240102,10:07:45,9.75,50,236650
20240102,10:08:25,9.9,1050,236650
20240102,10:08:35,9.9,50,236650
20240102,10:09:44,9.7,850,237750
20240102,10:09:54,9.7,250,237750
20240102,10:10:23,9.7,400,237750
20240102,10:10:53,9.6,250,237750
20240102,10:11:03,9.7,300,237750
20240102,10:12:19,9.65,200,238100
20240102,10:12:39,9.65,850,238100
20240102,10:12:50,9.6,600,238100
20240102,10:13:01,9.65,1000,238100
20240102,10:13:11,9.65,100,238100
20240102,10:13:51,9.75,400,238100
20240102,10:14:01,9.7,50,238100
20240102,10:14:11,9.8,1550,238100
20240102,10:14:21,9.7,900,238100
20240102,10:15:01,9.85,50,238600
20240102,10:15:50,9.75,50,238600
20240102,10:16:30,9.9,50,238600
20240102,10:17:19,9.85,50,238600
20240102,10:17:29,9.9,50,238600
20240102,10:17:39,9.9,50,238650
20240102,10:20:30,9.9,50,238650
20240102,10:20:59,9.85,200,238700
20240102,10:21:49,9.85,500,238700
20240102,10:22:47,9.85,650,238700
20240102,10:22:58,9.8,400,238700
20240102,10:23:28,9.8,50,238700
20240102,10:23:58,9.9,1450,238500
20240102,10:24:08,9.9,250,238500
20240102,10:24:18,9.95,450,238500
20240102,10:24:29,9.9,350,238500
20240102,10:24:49,9.85,50,238500
20240102,10:25:00,9.8,700,238500
20240102,10:25:12,9.6,2100,238500
20240102,10:25:23,9.6,2000,238500
20240102,10:25:33,9.6,250,238500
20240102,10:26:04,9.5,1100,238500
20240102,10:26:15,9.5,350,238500
20240102,10:26:27,9.5,50,238500
20240102,10:26:38,9.55,600,238500
20240102,10:26:50,9.5,250,238400
20240102,10:27:12,9.5,300,238400
20240102,10:27:23,9.5,250,238400
20240102,10:27:44,9.55,300,238400
20240102,10:27:54,9.3,1700,238400
20240102,10:28:04,9.3,250,238400
20240102,10:28:15,9.3,50,238400
20240102,10:28:25,9.45,950,238400
20240102,10:29:45,9.25,200,238400
20240102,10:29:56,9.2,900,238400
20240102,10:30:41,8.85,1100,238400
20240102,10:30:51,8.75,50,238400
20240102,10:31:11,8.75,50,238400
20240102,10:31:30,8.7,400,238400
20240102,10:31:41,8.7,50,238400
20240102,10:31:52,8.7,3250,238400
20240102,10:32:02,8.5,100,238400
20240102,10:32:13,8.6,100,238400
20240102,10:32:23,8.6,650,238400
20240102,10:32:33,8.7,50,238400
20240102,10:32:53,8.7,50,240900
20240102,10:33:12,9.0,1300,240900
20240102,10:33:22,9.1,600,240900
20240102,10:33:31,9.1,650,240900
20240102,10:33:41,9.2,1450,240900
20240102,10:34:01,9.2,250,240900
20240102,10:34:11,9.1,50,240900
20240102,10:34:21,9.2,200,240900
20240102,10:34:30,9.2,1250,240900
20240102,10:34:50,9.05,1000,240900
20240102,10:35:00,9.15,250,240900
20240102,10:35:10,9.15,200,240900
20240102,10:35:20,9.1,50,240900
20240102,10:36:21,8.8,100,240950
20240102,10:36:34,8.8,50,240950
20240102,10:36:46,8.75,100,240950
20240102,10:36:58,8.75,450,240950
20240102,10:37:10,8.7,550,240950
20240102,10:37:22,8.75,100,240950
20240102,10:38:14,8.8,200,240950
20240102,10:38:44,8.75,300,241550
20240102,10:39:19,8.8,200,241550
20240102,10:39:40,8.65,2450,241550
20240102,10:40:14,8.75,50,241550
20240102,10:40:24,8.75,50,241550
20240102,10:41:07,8.6,300,241550
20240102,10:41:18,8.6,200,241550
20240102,10:41:28,8.65,250,241550
20240102,10:41:38,8.6,150,241550
20240102,10:41:49,8.45,2300,241100
20240102,10:42:00,8.3,800,241100
20240102,10:42:11,8.3,100,241100
20240102,10:42:21,8.45,50,241100
20240102,10:42:31,8.45,150,241100
20240102,10:43:03,8.5,50,241100
20240102,10:43:56,8.85,1250,241100
20240102,10:44:06,9.0,2300,241100
20240102,10:44:17,8.95,600,241100
20240102,10:44:26,9.05,2300,241100
20240102,10:44:47,8.95,50,241050
20240102,10:44:58,8.95,1150,241050
20240102,10:45:39,9.05,50,241050
20240102,10:45:59,9.15,300,241050
20240102,10:46:09,9.1,150,241050
20240102,10:46:38,9.15,50,241050
20240102,10:47:19,9.05,50,241050
20240102,10:47:29,9.1,650,241050
20240102,10:47:49,9.0,900,241050
20240102,10:48:00,9.0,500,241050
20240102,10:48:10,9.05,650,241050
20240102,10:48:21,9.05,200,241050
20240102,10:49:21,9.05,200,241050
20240102,10:49:31,9.1,50,241050
20240102,10:49:42,9.1,150,241050
20240102,10:49:52,9.1,250,241050
20240102,10:50:34,9.05,500,241050
20240102,10:50:55,9.05,200,241150
20240102,10:51:14,9.1,500,241150
20240102,10:51:44,9.15,150,241150
20240102,10:52:13,9.2,200,241150
20240102,10:52:23,9.15,250,241150
20240102,10:52:43,9.15,500,241150
20240102,10:52:52,9.15,50,241150
20240102,10:53:12,9.2,200,241150
20240102,10:54:37,9.3,50,240800
20240102,10:54:47,9.25,50,240800
20240102,10:55:15,9.3,100,240800
20240102,10:55:33,9.25,200,240800
20240102,10:55:52,9.25,300,240800
20240102,10:56:02,9.2,300,240800
20240102,10:56:39,9.0,450,240800
20240102,10:56:49,8.9,50,240350
20240102,10:57:29,8.9,200,240350
20240102,10:57:48,8.95,50,240350
20240102,10:58:36,8.95,50,240350
20240102,10:59:24,9.05,500,240350
20240102,10:59:44,9.0,50,240350
20240102,10:59:54,9.05,250,240350
20240102,11:00:04,9.1,650,240350
20240102,11:00:33,9.0,50,240350
20240102,11:00:42,8.95,1100,240350
20240102,11:01:11,9.0,550,240350
20240102,11:01:40,8.95,450,240350
20240102,11:01:59,8.95,100,240350
20240102,11:02:46,8.95,900,240350
20240102,11:02:56,9.0,50,241050
20240102,11:03:05,9.0,200,241050
20240102,11:03:52,8.95,100,241050
20240102,11:04:10,8.95,100,241050
20240102,11:05:05,8.9,700,241050
20240102,11:05:15,8.9,250,241050
20240102,11:05:43,8.95,250,241050
20240102,11:06:02,8.9,1000,241050
20240102,11:06:11,8.95,250,241050
20240102,11:06:30,9.0,50,241050
20240102,11:06:59,8.95,200,241050
20240102,11:07:18,9.0,300,241050
20240102,11:07:55,8.95,50,241050
20240102,11:09:37,8.95,1300,241050
20240102,11:09:46,8.9,200,241050
20240102,11:10:23,8.8,50,241050
20240102,11:10:33,8.85,50,241050
20240102,11:11:09,8.85,50,241050
20240102,11:13:08,8.75,50,240050
20240102,11:13:27,8.7,50,240050
20240102,11:15:24,8.7,50,240050
20240102,11:15:34,8.75,400,240050
20240102,11:15:44,8.7,50,240050
20240102,11:16:15,8.8,250,240050
20240102,11:16:53,8.7,50,240050
20240102,11:17:03,8.7,200,240050
20240102,11:18:18,8.65,250,240200
20240102,11:18:27,8.65,1500,240200
20240102,11:18:46,8.7,700,240200
20240102,11:19:04,8.75,350,240200
20240102,11:20:26,8.85,800,240200
20240102,11:20:35,8.8,150,240200
20240102,11:20:53,8.75,50,240850
20240102,11:21:40,8.75,650,240850
20240102,11:22:09,8.75,1000,240850
20240102,11:22:37,8.75,400,240850
20240102,11:23:33,8.7,400,240850
20240102,11:24:01,8.7,50,241650
20240102,11:24:29,8.65,400,241650
20240102,11:25:23,8.75,50,241650
20240102,11:25:42,8.7,550,241650
20240102,11:26:19,8.7,500,241650
20240102,11:26:38,8.6,500,241650
20240102,11:26:57,8.65,1650,243300
20240102,11:27:06,8.75,50,243300
20240102,11:28:29,8.75,200,243300
20240102,11:30:09,8.75,150,243850
20240102,11:30:18,8.65,100,243850
20240102,11:31:02,8.65,250,243850
20240102,11:33:27,8.65,800,243850
20240102,11:33:45,8.6,50,243850
20240102,11:34:29,8.65,250,243850
20240102,11:36:00,8.65,500,243600
20240102,11:36:18,8.65,1050,243600
20240102,11:36:46,8.6,150,243600
20240102,11:36:56,8.65,100,243600
20240102,11:37:05,8.55,100,243600
20240102,11:37:15,8.6,100,243600
20240102,11:38:50,8.6,50,243600
20240102,11:40:58,8.55,1000,242550
20240102,11:41:26,8.5,950,242550
20240102,11:41:36,8.55,1000,242550
20240102,11:42:06,8.45,700,242550
20240102,11:42:16,8.5,50,242550
20240102,11:42:45,8.5,50,242550
20240102,11:42:54,8.55,50,242550
20240102,11:45:14,8.5,50,242550
20240102,11:45:42,8.45,100,242550
20240102,11:47:39,8.6,50,242550
20240102,11:50:18,8.35,50,242550
20240102,11:51:02,8.4,50,242550
20240102,11:51:11,8.4,50,242550
20240102,11:52:06,8.2,750,242550
20240102,11:52:15,8.15,250,242550
20240102,11:52:33,8.15,2450,242550
20240102,11:53:09,8.1,150,242550
20240102,11:53:18,8.1,2450,242550
20240102,11:53:27,8.1,250,242550
20240102,11:54:03,8.1,50,239900
20240102,11:54:29,8.2,50,239900
20240102,11:55:31,8.15,750,239900
20240102,11:58:16,8.25,50,239850
20240102,12:00:01,8.2,100,239850
20240102,12:01:13,8.2,50,239850
20240102,12:01:39,8.35,50,239850
20240102,12:04:38,8.4,450,239850
20240102,12:04:47,8.4,200,239850
20240102,12:07:41,8.3,50,239850
20240102,12:07:50,8.25,650,239850
20240102,12:10:00,8.4,50,239850
20240102,12:13:51,8.4,200,239900
20240102,12:14:00,8.4,200,239900
20240102,12:14:08,8.4,200,239900
20240102,12:15:18,8.45,1500,239900
20240102,12:16:16,8.55,50,239900
20240102,12:16:57,8.5,50,239900
20240102,12:17:07,8.55,50,239900
20240102,12:20:03,8.7,200,238400
20240102,12:21:48,8.5,50,238400
20240102,12:21:57,8.5,50,238400
20240102,12:22:35,8.45,850,238400
20240102,12:22:43,8.45,200,238400
20240102,12:22:52,8.45,950,238400
20240102,12:23:00,8.45,550,238400
20240102,12:23:10,8.5,350,238400
20240102,12:23:55,8.55,50,238400
20240102,12:24:32,8.55,650,239500
20240102,12:27:21,8.6,50,239450
20240102,12:28:23,8.5,2700,239450
20240102,12:28:33,8.5,450,239450
20240102,12:28:42,8.6,50,239450
20240102,12:28:51,8.6,250,239450
20240102,12:29:00,8.6,200,239450
20240102,12:31:31,8.65,50,242450
20240102,12:32:14,8.65,400,242450
20240102,12:35:15,8.7,250,242450
20240102,12:36:13,8.7,50,241400
20240102,12:42:59,8.7,50,241400
20240102,12:46:10,8.6,50,241400
20240102,12:47:03,8.6,100,241400
20240102,12:47:11,8.6,50,241400
20240102,12:47:20,8.6,450,241400
20240102,12:47:48,8.5,300,241400
20240102,12:48:33,8.5,100,241100
20240102,12:48:42,8.5,700,241100
20240102,12:48:51,8.5,200,241100
20240102,12:49:00,8.5,150,241100
20240102,12:49:09,8.5,50,241100
20240102,12:51:12,8.55,50,241100
20240102,12:54:33,8.55,500,241100
20240102,12:56:42,8.6,50,241100
20240102,12:59:56,8.7,50,241100
20240102,13:01:13,8.6,450,241100
20240102,13:02:15,8.6,750,241100
20240102,13:02:54,8.6,600,241100
20240102,13:04:22,8.5,1300,241100
20240102,13:04:42,8.5,1000,241100
20240102,13:09:14,8.55,700,241100
20240102,13:09:23,8.5,250,241100
20240102,13:10:34,8.6,250,241100
20240102,13:11:36,8.5,200,241100
20240102,13:13:47,8.6,250,241100
20240102,13:14:38,8.7,50,241100
20240102,13:17:30,8.5,300,241100
20240102,13:18:38,8.55,50,241100
20240102,13:21:02,8.45,100,241100
20240102,13:21:53,8.45,50,241100
20240102,13:22:10,8.4,450,241100
20240102,13:23:02,8.4,750,241100
20240102,13:23:11,8.4,200,241100
20240102,13:23:37,8.35,800,241100
20240102,13:23:54,8.35,300,241100
20240102,13:24:37,8.4,550,241300
20240102,13:25:40,8.5,250,241300
20240102,13:29:57,8.45,100,241100
20240102,13:32:01,8.45,50,241100
20240102,13:32:19,8.45,50,241100
20240102,13:34:52,8.55,50,241100
20240102,13:39:38,8.6,200,241100
20240102,13:40:21,8.65,550,241100
20240102,13:41:28,8.7,500,241100
20240102,13:41:37,8.7,750,241100
20240102,13:41:46,8.65,150,241100
20240102,13:47:49,8.75,350,241600
20240102,13:51:07,8.7,200,241600
20240102,13:53:25,8.75,250,241600
20240102,13:53:35,8.7,100,241600
20240102,13:53:45,8.8,150,241600
20240102,13:54:03,8.85,400,241600
20240102,13:54:13,8.9,850,241600
20240102,13:54:51,8.85,250,241600
20240102,13:55:27,8.85,50,241600
20240102,13:56:27,8.95,50,241600
20240102,13:56:45,8.9,50,241600
20240102,13:58:11,8.9,1200,241850
20240102,13:58:28,8.9,200,241850
20240102,13:58:36,8.9,750,241850
20240102,13:59:36,8.85,300,241850
20240102,14:00:38,8.85,300,244000
20240102,14:00:55,8.85,50,244000
20240102,14:01:21,8.9,300,244000
20240102,14:01:39,8.9,200,244000
20240102,14:02:31,8.9,400,244000
20240102,14:02:39,8.9,200,244000
20240102,14:02:48,9.1,4500,244000
20240102,14:03:22,9.0,5600,246550
20240102,14:04:08,9.0,500,246550
20240102,14:04:17,9.05,200,246550
20240102,14:04:27,9.05,250,246550
20240102,14:04:36,9.0,3200,246550
20240102,14:05:14,9.0,1000,246550
20240102,14:05:31,9.05,300,246550
20240102,14:06:06,9.0,2400,246550
20240102,14:09:09,9.1,50,257500
20240102,14:09:20,9.05,50,257500
20240102,14:09:29,9.05,1100,257500
20240102,14:09:38,9.05,50,257500
20240102,14:09:57,9.15,100,257500
20240102,14:10:21,9.2,200,257500
20240102,14:10:31,9.25,500,257500
20240102,14:11:01,9.35,450,257500
20240102,14:11:13,9.4,100,257500
20240102,14:12:05,9.35,100,257500
20240102,14:12:15,9.4,450,257550
20240102,14:12:26,9.45,100,257550
20240102,14:12:44,9.4,950,257550
20240102,14:13:13,9.55,100,257550
20240102,14:13:23,9.55,50,257550
20240102,14:13:34,9.6,1000,257550
20240102,14:13:44,9.55,200,257550
20240102,14:14:37,9.55,200,257550
20240102,14:15:15,9.6,350,257500
20240102,14:15:35,9.7,50,257500
20240102,14:16:03,9.45,400,257500
20240102,14:16:31,9.55,50,257500
20240102,14:16:58,9.55,50,257500
20240102,14:18:53,9.35,150,257450
20240102,14:19:03,9.3,1150,257450
20240102,14:19:45,9.25,50,257450
20240102,14:19:54,9.25,300,257450
20240102,14:20:42,9.2,50,257450
20240102,14:21:01,9.15,50,257450
20240102,14:21:37,9.15,250,257400
20240102,14:22:05,9.3,250,257400
20240102,14:22:15,9.2,50,257400
20240102,14:22:24,9.2,850,257400
20240102,14:22:33,9.25,450,257400
20240102,14:23:47,9.35,250,257400
20240102,14:23:56,9.35,750,257400
20240102,14:24:05,9.35,1000,257400
20240102,14:24:59,9.4,250,257450
20240102,14:25:44,9.35,250,257450
20240102,14:26:29,9.3,750,257450
20240102,14:26:38,9.1,3600,257450
20240102,14:26:47,9.15,50,257450
20240102,14:26:56,9.15,1000,257450
20240102,14:27:05,9.2,250,257450
20240102,14:27:23,9.25,50,257400
20240102,14:27:59,9.2,50,257400
20240102,14:28:17,9.15,1400,257400
20240102,14:28:44,9.2,250,257400
20240102,14:33:08,9.45,400,257400
20240102,14:33:55,9.5,100,257400
20240102,14:34:05,9.5,250,257400
20240102,14:35:07,9.45,800,257400
20240102,14:35:16,9.45,1750,257400
20240102,14:36:21,9.55,50,257400
20240102,14:37:33,9.65,150,257400
20240102,14:37:43,9.55,100,257400
20240102,14:38:05,9.6,1300,257400
20240102,14:38:17,9.5,1600,257400
20240102,14:38:29,9.65,850,257400
20240102,14:39:02,9.7,50,257400
20240102,14:39:12,9.75,50,257400
20240102,14:40:02,9.7,550,256900
20240102,14:40:32,9.8,750,256900
20240102,14:40:55,9.7,50,256900
20240102,14:41:16,9.55,50,256900
20240102,14:42:05,9.7,50,256900
20240102,14:42:24,9.75,50,256400
20240102,14:43:29,9.8,350,256400
20240102,14:44:26,9.7,600,256400
20240102,14:44:37,9.65,100,256400
20240102,14:44:47,9.7,100,256400
20240102,14:45:06,9.75,50,256400
20240102,14:45:26,9.9,700,256400
20240102,14:46:13,10.0,1100,256400
20240102,14:46:31,10.1,50,256400
20240102,14:46:42,10.15,900,256400
20240102,14:47:20,10.15,500,256400
20240102,14:47:29,10.2,50,256400
20240102,14:47:56,10.15,450,256400
20240102,14:48:43,10.1,100,257300
20240102,14:49:20,10.2,600,257300
20240102,14:49:29,10.2,150,257300
20240102,14:49:38,10.25,1200,257300
20240102,14:50:16,10.15,50,257300
20240102,14:51:03,10.0,250,257300
20240102,14:51:40,10.15,50,257800
20240102,14:51:49,10.2,300,257800
20240102,14:51:59,10.15,300,257800
20240102,14:52:09,10.15,300,257800
20240102,14:52:20,10.0,750,257800
20240102,14:52:39,10.0,200,257800
20240102,14:52:58,10.05,50,257800
20240102,14:53:17,10.05,100,257800
20240102,14:53:35,9.95,500,257800
20240102,14:53:45,9.95,50,257800
20240102,14:54:04,10.05,100,257800
20240102,14:54:54,9.85,100,257900
20240102,14:55:04,9.9,100,257900
20240102,14:55:43,10.0,150,257900
20240102,14:56:02,9.9,100,257900
20240102,14:56:21,9.95,500,257900
20240102,14:56:40,10.05,50,257900
20240102,14:57:58,9.9,250,257900
20240102,14:58:07,10.0,50,257900
20240102,14:58:44,9.8,250,257900
20240102,14:58:54,9.8,250,257900
20240102,14:59:03,9.9,50,257900
20240102,14:59:43,9.7,100,257900
20240102,15:00:13,9.9,200,257900
20240102,15:00:44,9.95,300,258650
20240102,15:00:54,10.05,600,258650
20240102,15:01:43,10.1,50,258650
20240102,15:01:53,9.9,300,258650
20240102,15:03:10,9.95,250,258650
20240102,15:03:20,10.1,250,258650
20240102,15:03:29,10.05,500,259050
20240102,15:03:48,10.15,750,259050
20240102,15:03:57,10.1,150,259050
20240102,15:04:17,10.1,150,259050
20240102,15:05:07,10.0,200,259050
20240102,15:05:56,10.05,200,259050
20240102,15:06:07,10.0,250,259050
20240102,15:08:07,9.45,800,260300
20240102,15:08:20,9.5,650,260300
20240102,15:09:25,9.45,1200,260700
20240102,15:09:35,9.5,300,260700
20240102,15:10:08,9.25,200,260700
20240102,15:10:20,9.1,150,260700
20240102,15:10:31,9.0,50,260700
20240102,15:11:16,9.0,250,260700
20240102,15:11:26,9.05,150,260700
20240102,15:11:36,9.1,450,260700
20240102,15:13:28,9.0,50,262250
20240102,15:13:39,8.8,100,262250
20240102,15:13:49,8.85,200,262250
20240102,15:13:59,8.8,250,262250
20240102,15:14:20,8.85,100,262250
20240102,15:15:11,9.05,250,262250
20240102,15:15:22,9.1,200,262250
20240102,15:16:14,9.15,500,262250
20240102,15:16:23,9.0,250,262250
20240102,15:17:22,8.9,1000,262250
20240102,15:18:12,9.05,150,262250
20240102,15:18:31,9.0,900,263200
20240102,15:19:00,9.05,700,263200
20240102,15:19:09,9.0,550,263200
20240102,15:19:19,9.0,450,263200
20240102,15:19:28,9.0,700,263200
20240102,15:20:33,9.05,50,263200
20240102,15:20:42,9.0,250,263200
20240102,15:21:50,9.0,1800,260150
20240102,15:22:08,9.0,2850,260150
20240102,15:22:17,9.0,1850,260150
20240102,15:22:26,9.0,50,260150
20240102,15:22:36,9.05,300,260150
20240102,15:22:45,9.1,50,260150
20240102,15:22:55,9.2,200,260150
20240102,15:23:05,9.2,150,260150
20240102,15:23:24,9.25,1150,260150
20240102,15:23:34,9.25,50,260150
20240102,15:23:44,9.3,1850,260150
20240102,15:24:03,9.35,50,260150
20240102,15:24:13,9.35,900,260150
20240102,15:24:32,9.3,700,253100
20240102,15:24:41,9.3,250,253100
20240102,15:25:30,9.35,200,253100
20240102,15:25:41,9.25,700,253100
20240102,15:25:51,9.25,950,253100
20240102,15:26:01,9.25,450,253100
20240102,15:26:11,9.2,1850,253100
20240102,15:26:21,9.3,750,253100
20240102,15:26:31,9.3,100,253100
20240102,15:26:40,9.25,50,253100
20240102,15:26:50,9.2,450,253100
20240102,15:27:00,9.2,500,253100
20240102,15:27:09,9.2,50,253100
20240102,15:27:19,9.25,1300,253100
20240102,15:27:29,9.25,800,253900
20240102,15:27:48,9.2,300,253900
20240102,15:27:57,9.1,500,253900
20240102,15:28:07,9.2,100,253900
20240102,15:28:17,9.15,150,253900
20240102,15:28:28,9.25,850,253900
20240102,15:28:38,9.25,1300,253900
20240102,15:28:48,9.4,50,253900
20240102,15:28:59,9.2,250,253900
20240102,15:29:41,9.65,500,253900
20240102,15:29:55,9.1,900,253900
20240102,15:30:03,9.1,350,253900
20240103,09:15:19,9.3,1,253600
20240103,09:15:19,9.0,250,253600
20240103,09:15:44,8.4,50,253600
20240103,09:16:07,8.4,300,253600
20240103,09:16:15,8.35,100,253600
20240103,09:16:22,8.3,200,253600
20240103,09:17:04,8.35,500,253600
20240103,09:17:12,8.25,300,253600
20240103,09:17:19,8.25,350,253600
20240103,09:17:26,8.35,350,253600
20240103,09:17:33,8.4,250,253600
20240103,09:18:01,8.25,50,254900
20240103,09:18:15,8.4,1350,254900
20240103,09:18:22,8.35,800,254900
20240103,09:18:29,8.35,100,254900
20240103,09:18:36,8.3,350,254900
20240103,09:18:50,8.3,300,254900
20240103,09:19:05,8.25,100,254900
20240103,09:19:12,8.3,100,254900
20240103,09:19:27,8.3,100,254900
20240103,09:19:36,8.25,200,254900
20240103,09:19:44,8.3,100,254900
20240103,09:20:10,8.2,1850,254900
20240103,09:20:37,8.2,2050,255400
20240103,09:21:04,8.2,50,255400
20240103,09:21:22,8.2,50,255400
20240103,09:21:31,8.2,1250,255400
20240103,09:22:19,8.25,250,255400
20240103,09:22:30,8.2,3200,255400
20240103,09:22:40,8.2,350,255400
20240103,09:23:16,8.2,50,255400
20240103,09:23:42,8.25,400,254900
20240103,09:23:59,8.2,50,254900
20240103,09:25:25,8.3,100,254900
20240103,09:26:00,8.25,50,254900
20240103,09:26:44,8.3,300,254850
20240103,09:26:53,8.3,300,254850
20240103,09:27:19,8.35,50,254850
20240103,09:27:37,8.25,100,254850
20240103,09:27:46,8.3,100,254850
20240103,09:28:05,8.35,50,254850
20240103,09:28:42,8.35,500,254850
20240103,09:29:09,8.55,10000,254850
20240103,09:29:18,8.45,250,254850
20240103,09:29:26,8.4,1050,254850
20240103,09:29:35,8.4,250,254850
20240103,09:29:44,8.4,550,258150
20240103,09:30:02,8.4,1450,258150
20240103,09:30:12,8.45,900,258150
20240103,09:30:21,8.45,200,258150
20240103,09:30:30,8.4,250,258150
20240103,09:30:39,8.4,250,258150
20240103,09:30:48,8.45,700,258150
20240103,09:31:06,8.35,250,258150
20240103,09:33:12,8.4,50,257100
20240103,09:33:57,8.4,300,257100
20240103,09:34:35,8.25,250,257100
20240103,09:35:11,8.25,50,257100
20240103,09:35:20,8.3,150,257100
20240103,09:35:46,8.3,250,257350
20240103,09:35:55,8.3,250,257350
20240103,09:36:39,8.25,50,257350
20240103,09:36:58,8.2,100,257350
20240103,09:37:28,8.2,1600,257350
20240103,09:38:09,8.2,50,257350
20240103,09:38:20,8.15,50,257350
20240103,09:38:59,8.05,50,251300
20240103,09:39:26,8.05,1100,251300
20240103,09:39:45,8.05,100,251300
20240103,09:40:12,8.05,150,251300
20240103,09:40:20,8.0,400,251300
20240103,09:40:29,8.0,250,251300
20240103,09:41:14,8.1,500,251300
20240103,09:41:55,8.1,50,250700
20240103,09:42:05,8.05,300,250700
20240103,09:42:36,8.05,250,250700
20240103,09:42:45,8.0,1250,250700
20240103,09:42:54,8.0,2550,250700
20240103,09:43:03,8.0,900,250700
20240103,09:43:12,7.95,5000,250700
20240103,09:43:21,7.95,450,250700
20240103,09:43:41,7.85,50,250700
20240103,09:43:51,7.85,1400,250700
20240103,09:44:11,7.75,50,250700
20240103,09:44:30,7.75,150,250700
20240103,09:44:57,7.7,650,243050
20240103,09:45:06,7.7,700,243050
20240103,09:45:25,7.8,1850,243050
20240103,09:45:55,7.75,50,243050
20240103,09:46:50,7.65,500,243050
20240103,09:47:08,7.65,650,243050
20240103,09:47:51,7.75,150,243000
20240103,09:48:09,7.7,50,243000
20240103,09:49:18,7.6,300,243000
20240103,09:50:03,7.6,100,243000
20240103,09:50:21,7.55,500,243000
20240103,09:50:31,7.5,1500,243000
20240103,09:50:40,7.45,1000,243000
20240103,09:51:25,7.4,250,244350
20240103,09:52:35,7.4,1000,244350
20240103,09:53:02,7.5,150,244350
20240103,09:53:30,7.6,1400,244350
20240103,09:56:31,7.65,600,244550
20240103,09:56:40,7.6,900,244550
20240103,09:57:07,7.65,50,243350
20240103,09:59:04,7.6,50,243350
20240103,09:59:40,7.7,150,243350
20240103,10:01:07,7.7,250,243400
20240103,10:01:51,7.7,250,243400
20240103,10:02:00,7.75,1000,243400
20240103,10:03:26,7.85,50,242650
20240103,10:03:52,7.85,50,242650
20240103,10:04:01,7.85,1050,242650
20240103,10:04:22,7.85,50,242650
20240103,10:04:34,7.85,50,242650
20240103,10:04:45,7.75,50,242650
20240103,10:04:56,7.75,650,242650
20240103,10:05:06,7.7,100,242650
20240103,10:05:16,7.75,1250,242650
20240103,10:05:27,7.75,50,242650
20240103,10:05:37,7.8,50,242650
20240103,10:06:22,7.85,1200,241000
20240103,10:07:23,7.75,6100,241000
20240103,10:07:32,7.75,650,241000
20240103,10:07:49,7.7,650,241000
20240103,10:08:07,7.65,1050,241000
20240103,10:08:16,7.65,50,241000
20240103,10:09:41,7.75,650,245800
20240103,10:09:50,7.75,200,245800
20240103,10:10:50,7.75,50,245800
20240103,10:16:38,7.8,50,245200
20240103,10:17:21,7.85,50,245200
20240103,10:19:10,7.75,300,245200
20240103,10:19:37,7.75,1050,245200
20240103,10:19:46,7.65,50,245200
20240103,10:20:49,7.65,50,244200
20240103,10:21:12,7.75,150,244200
20240103,10:21:51,7.75,100,244200
20240103,10:22:38,7.75,1800,244200
20240103,10:22:49,7.7,2050,244200
20240103,10:22:59,7.75,650,244200
20240103,10:23:08,7.7,1600,244200
20240103,10:23:26,7.6,100,244200
20240103,10:23:44,7.6,1000,244200
20240103,10:24:28,7.5,900,240600
20240103,10:24:36,7.5,2200,240600
20240103,10:25:03,7.55,2800,240600
20240103,10:25:20,7.45,1900,240600
20240103,10:25:29,7.45,250,240600
20240103,10:25:56,7.5,250,240600
20240103,10:26:14,7.45,850,240600
20240103,10:27:17,7.45,700,241500
20240103,10:27:34,7.5,1400,241500
20240103,10:27:43,7.45,250,241500
20240103,10:28:10,7.45,250,241500
20240103,10:28:19,7.5,350,241500
20240103,10:29:23,7.5,250,241500
20240103,10:29:49,7.5,50,241500
20240103,10:30:41,7.5,200,241400
20240103,10:33:18,7.55,400,241200
20240103,10:33:44,7.6,400,241200
20240103,10:34:44,7.5,250,241200
20240103,10:34:53,7.5,150,241200
20240103,10:35:02,7.5,600,241200
20240103,10:35:21,7.55,250,241200
20240103,10:35:29,7.55,250,241200
20240103,10:35:38,7.55,550,241200
20240103,10:35:54,7.55,100,239700
20240103,10:37:31,7.6,600,239700
20240103,10:39:05,7.7,50,239700
20240103,10:40:05,7.7,50,239700
20240103,10:40:14,7.65,150,239700
20240103,10:42:54,7.7,500,239550
20240103,10:50:23,7.75,50,239550
20240103,10:51:38,7.7,500,239600
20240103,10:51:55,7.65,100,239600
20240103,10:52:13,7.65,50,239600
20240103,10:56:03,7.6,50,239600
20240103,10:56:21,7.55,50,239600
20240103,10:56:46,7.6,50,239600
20240103,10:56:55,7.6,450,239600
20240103,10:57:03,7.65,50,239600
20240103,11:00:42,7.65,500,239600
20240103,11:01:14,7.7,200,239600
20240103,11:04:11,7.7,250,239900
20240103,11:04:20,7.7,1000,239900
20240103,11:07:48,7.7,50,240500
20240103,11:09:51,7.7,100,240500
20240103,11:09:59,7.7,450,240500
20240103,11:10:32,7.5,1800,240500
20240103,11:11:04,7.6,50,240500
20240103,11:11:13,7.55,700,240500
20240103,11:11:46,7.6,200,240500
20240103,11:12:59,7.7,50,242350
20240103,11:15:31,7.7,50,242350
20240103,11:16:42,7.7,50,242350
20240103,11:16:51,7.7,50,242350
20240103,11:17:24,7.7,200,242350
20240103,11:18:21,7.75,200,242350
20240103,11:18:53,7.75,50,242350
20240103,11:19:37,7.75,50,242350
20240103,11:20:11,7.8,400,242350
20240103,11:23:07,7.65,50,242250
20240103,11:25:34,7.75,50,242250
20240103,11:25:42,7.75,150,242250
20240103,11:25:51,7.65,300,242250
20240103,11:25:59,7.7,100,242250
20240103,11:29:07,7.75,50,242300
20240103,11:31:55,7.55,650,242350
20240103,11:32:12,7.5,400,242350
20240103,11:33:21,7.5,300,242650
20240103,11:37:00,7.5,750,242950
20240103,11:39:54,7.5,200,243700
20240103,11:40:10,7.5,200,243700
20240103,11:40:34,7.5,200,243700
20240103,11:40:42,7.5,200,243700
20240103,11:41:06,7.55,200,243700
20240103,11:42:00,7.6,550,243700
20240103,11:43:38,7.7,50,245250
20240103,11:45:00,7.7,400,245250
20240103,11:45:08,7.75,200,245650
20240103,11:45:17,7.75,50,245650
20240103,11:47:50,7.8,50,245650
20240103,11:49:37,7.75,1800,245850
20240103,11:51:11,7.8,250,247650
20240103,11:51:52,7.7,50,247650
20240103,11:52:02,7.65,150,247650
20240103,11:55:36,7.45,250,247650
20240103,11:56:01,7.45,250,247650
20240103,11:56:17,7.45,150,247650
20240103,11:56:50,7.45,700,247650
20240103,11:58:14,7.4,50,247650
20240103,11:59:30,7.45,200,247650
20240103,11:59:38,7.4,50,247650
20240103,12:00:20,7.4,100,247650
20240103,12:00:37,7.45,50,247650
20240103,12:02:34,7.5,100,247650
20240103,12:04:38,7.4,500,247700
20240103,12:04:55,7.35,150,247700
20240103,12:06:33,7.3,500,247700
20240103,12:06:42,7.3,50,247700
20240103,12:06:51,7.3,1500,247700
20240103,12:07:17,7.35,50,247700
20240103,12:07:26,7.4,50,247700
20240103,12:08:01,7.35,500,247700
20240103,12:08:45,7.3,50,247700
20240103,12:10:43,7.2,250,245700
20240103,12:10:59,7.2,250,245700
20240103,12:11:25,7.2,200,245700
20240103,12:11:33,7.2,300,245700
20240103,12:13:15,7.2,50,244700
20240103,12:13:56,7.1,50,244700
20240103,12:14:22,7.1,350,244700
20240103,12:14:31,7.15,1200,244700
20240103,12:15:13,7.2,1200,244400
20240103,12:15:21,7.1,150,244400
20240103,12:15:38,7.15,150,244400
20240103,12:15:54,7.15,50,244400
20240103,12:16:02,7.2,600,244400
20240103,12:16:43,7.25,550,244400
20240103,12:17:40,7.2,250,244400
20240103,12:18:04,7.15,750,244400
20240103,12:18:38,7.2,350,244150
20240103,12:18:46,7.1,200,244150
20240103,12:19:10,7.15,350,244150
20240103,12:19:18,7.25,500,244150
20240103,12:19:27,7.25,250,244150
20240103,12:19:35,7.3,50,244150
20240103,12:19:43,7.25,50,244150
20240103,12:20:31,7.15,1050,244150
20240103,12:21:05,7.1,1600,244150
20240103,12:21:22,7.1,50,243650
20240103,12:21:31,7.1,250,243650
20240103,12:21:39,7.1,250,243650
20240103,12:21:57,7.1,1700,243650
20240103,12:22:16,7.1,1500,243650
20240103,12:22:52,7.05,1850,243650
20240103,12:23:01,7.05,50,243650
20240103,12:23:10,7.05,250,243650
20240103,12:23:19,7.05,950,243650
20240103,12:23:46,7.05,400,243650
20240103,12:23:54,7.0,100,243650
20240103,12:24:15,7.0,250,243650
20240103,12:25:18,6.9,1000,241900
20240103,12:25:45,6.9,50,241900
20240103,12:26:27,6.95,250,241900
20240103,12:26:46,6.9,750,241900
20240103,12:26:54,6.9,800,241900
20240103,12:27:16,6.85,150,241900
20240103,12:27:26,6.75,100,241900
20240103,12:27:35,6.75,13600,241900
20240103,12:27:44,6.9,4500,241900
20240103,12:27:53,6.9,4650,241900
20240103,12:28:02,6.85,3000,241900
20240103,12:28:11,7.0,14050,241900
20240103,12:28:20,7.05,8250,241900
20240103,12:28:29,7.05,150,241900
20240103,12:28:55,7.05,200,241900
20240103,12:29:04,7.05,100,241900
20240103,12:29:13,7.05,50,241900
20240103,12:29:22,7.05,3200,241900
20240103,12:29:31,7.05,1850,241900
20240103,12:29:40,7.05,1200,241900
20240103,12:29:49,7.0,850,241900
20240103,12:29:58,7.0,1300,241900
20240103,12:31:42,7.0,50,211100
20240103,12:33:03,7.15,150,211100
20240103,12:33:46,7.1,600,210900
20240103,12:33:55,7.1,500,210900
20240103,12:34:23,7.1,250,210900
20240103,12:34:57,7.25,50,210900
20240103,12:35:06,7.15,50,210900
20240103,12:36:32,7.15,500,210050
20240103,12:36:50,7.1,250,210050
20240103,12:36:59,7.1,250,210050
20240103,12:37:16,7.1,500,210050
20240103,12:39:02,7.05,1700,210050
20240103,12:39:54,7.05,50,207500
20240103,12:40:11,7.05,50,207500
20240103,12:40:54,7.05,100,207500
20240103,12:41:29,7.1,100,207500
20240103,12:42:02,7.05,150,207500
20240103,12:42:11,7.05,300,207500
20240103,12:42:19,7.05,500,207050
20240103,12:42:44,7.1,50,207050
20240103,12:44:16,7.1,150,207050
20240103,12:44:49,7.1,250,207050
20240103,12:44:57,7.1,400,207050
20240103,12:45:47,7.1,50,205500
20240103,12:45:56,7.1,250,205500
20240103,12:49:37,7.05,500,205250
20240103,12:50:02,7.05,50,205250
20240103,12:50:18,7.0,1400,205250
20240103,12:50:27,7.0,50,205250
20240103,12:50:45,7.05,150,205250
20240103,12:51:02,7.05,50,205250
20240103,12:51:37,7.05,50,193900
20240103,12:52:01,7.05,450,193900
20240103,12:53:26,7.05,50,193900
20240103,12:55:19,7.05,50,193600
20240103,12:57:34,7.15,50,193500
20240103,12:57:50,7.1,600,193500
20240103,12:58:07,7.1,200,193500
20240103,12:58:49,7.1,200,193500
20240103,12:59:06,7.1,250,193500
20240103,13:00:15,7.05,50,192500
20240103,13:01:07,7.1,50,192500
20240103,13:01:17,7.1,100,192500
20240103,13:01:35,7.1,250,192500
20240103,13:03:25,7.15,100,192000
20240103,13:04:06,7.15,100,192000
20240103,13:04:23,7.15,500,192000
20240103,13:05:43,7.05,50,192000
20240103,13:06:25,7.1,50,191750
20240103,13:10:50,7.1,50,191750
20240103,13:17:49,7.05,150,191750
20240103,13:18:06,7.05,200,191750
20240103,13:18:23,7.15,50,191750
20240103,13:19:26,7.1,250,191750
20240103,13:19:35,7.1,50,191750
20240103,13:21:09,7.05,50,191750
20240103,13:23:27,7.05,50,191750
20240103,13:24:14,6.95,250,191750
20240103,13:26:10,6.9,500,191800
20240103,13:27:38,7.0,50,191800
20240103,13:28:02,6.95,50,191800
20240103,13:28:27,7.0,250,191800
20240103,13:33:34,6.95,50,191550
20240103,13:34:17,7.0,150,191550
20240103,13:38:02,6.95,250,191550
20240103,13:40:18,6.95,100,191550
20240103,13:41:35,6.95,100,191550
20240103,13:45:05,6.95,100,191550
20240103,13:45:48,6.9,300,191550
20240103,13:47:04,6.95,50,191550
20240103,13:47:48,6.95,250,191550
20240103,13:49:51,6.95,250,191250
20240103,13:54:57,7.0,100,191000
20240103,13:55:30,7.0,250,191000
20240103,13:55:48,7.05,50,191000
20240103,13:56:31,7.05,50,191000
20240103,13:57:55,7.05,150,191000
20240103,13:58:13,6.95,1000,191000
20240103,13:58:21,6.85,1000,191000
20240103,13:58:29,6.9,1400,191000
20240103,13:58:55,6.95,1400,191000
20240103,14:00:24,6.95,50,191000
20240103,14:02:36,6.9,50,190700
20240103,14:04:12,7.0,100,190700
20240103,14:04:29,7.05,50,190700
20240103,14:04:46,7.05,50,190700
20240103,14:07:23,7.05,50,190550
20240103,14:07:48,7.1,50,190550
20240103,14:08:04,7.1,50,190550
20240103,14:08:28,7.05,1500,190550
20240103,14:08:36,7.05,1550,190550
20240103,14:10:18,7.05,50,192450
20240103,14:12:17,7.05,50,192450
20240103,14:12:39,7.1,50,192450
20240103,14:12:47,7.1,50,192450
20240103,14:12:56,7.15,50,192450
20240103,14:18:31,6.95,50,192450
20240103,14:19:29,6.9,150,192450
20240103,14:19:38,6.9,150,192450
20240103,14:20:58,7.0,50,192450
20240103,14:21:07,6.95,250,192450
20240103,14:21:41,6.95,100,192150
20240103,14:24:37,6.9,50,192150
20240103,14:25:16,6.95,1800,192150
20240103,14:27:30,6.9,500,192150
20240103,14:27:48,6.9,400,190550
20240103,14:28:22,6.95,100,190550
20240103,14:28:55,6.9,500,190550
20240103,14:29:11,6.85,1950,190550
20240103,14:31:13,6.8,150,187650
20240103,14:31:46,6.8,1000,187650
20240103,14:31:55,6.8,50,187650
20240103,14:34:52,6.8,500,187600
20240103,14:35:17,6.7,100,187600
20240103,14:37:24,6.7,100,187400
20240103,14:37:41,6.7,500,187400
20240103,14:37:58,6.65,50,187400
20240103,14:39:15,6.6,250,187400
20240103,14:39:49,6.6,50,187300
20240103,14:40:07,6.7,100,187300
20240103,14:41:19,6.75,50,187300
20240103,14:41:37,6.6,1550,187300
20240103,14:42:03,6.65,100,187300
20240103,14:44:19,6.6,100,187300
20240103,14:46:30,6.65,350,187350
20240103,14:49:08,6.65,100,187000
20240103,14:49:33,6.6,400,187000
20240103,14:49:59,6.65,200,187000
20240103,14:54:59,6.6,100,187600
20240103,14:56:26,6.65,250,187600
20240103,14:57:17,6.7,50,187600
20240103,14:57:51,6.7,50,187600
20240103,14:58:07,6.8,10400,187600
20240103,14:58:15,6.85,4000,187600
20240103,14:58:41,6.9,250,187600
20240103,14:58:49,7.0,7900,187600
20240103,14:59:06,7.0,2300,187600
20240103,14:59:15,7.0,1100,187600
20240103,14:59:23,7.0,5200,187600
20240103,14:59:40,6.9,50,187600
20240103,15:00:15,6.8,50,187600
20240103,15:00:26,6.85,200,187600
20240103,15:00:46,6.8,50,163500
20240103,15:01:04,6.85,50,163500
20240103,15:01:50,6.85,200,163500
20240103,15:01:59,6.95,400,163500
20240103,15:02:27,6.95,200,163500
20240103,15:02:45,6.85,100,163500
20240103,15:02:53,6.9,200,163500
20240103,15:03:02,6.95,50,163500
20240103,15:04:54,6.9,50,163400
20240103,15:05:46,6.85,200,163400
20240103,15:07:49,6.55,10450,163150
20240103,15:07:59,6.85,8650,163150
20240103,15:08:10,7.0,6250,163150
20240103,15:08:21,6.85,6850,163150
20240103,15:08:32,6.85,800,163150
20240103,15:08:53,6.75,800,163150
20240103,15:09:03,6.75,200,163150
20240103,15:09:14,6.75,200,163150
20240103,15:09:33,6.75,400,155750
20240103,15:09:51,6.75,150,155750
20240103,15:10:02,6.8,450,155750
20240103,15:10:20,6.75,100,155750
20240103,15:10:29,6.8,250,155750
20240103,15:10:47,6.85,50,155750
20240103,15:10:56,6.85,400,155750
20240103,15:11:05,6.85,250,155750
20240103,15:11:14,6.85,200,155750
20240103,15:11:24,6.8,250,155750
20240103,15:11:42,6.8,200,155750
20240103,15:12:09,6.8,100,155750
20240103,15:12:20,6.8,250,155750
20240103,15:12:31,6.75,200,155750
20240103,15:13:01,6.75,1000,155200
20240103,15:13:36,6.85,350,155200
20240103,15:13:45,6.85,50,155200
20240103,15:13:54,6.9,250,155200
20240103,15:14:39,6.85,200,155200
20240103,15:14:48,6.85,450,155200
20240103,15:14:57,6.85,200,155200
20240103,15:15:16,6.85,50,155200
20240103,15:16:10,6.85,100,155200
20240103,15:16:19,6.85,250,155200
20240103,15:16:40,6.85,50,155200
20240103,15:17:07,6.8,250,155200
20240103,15:18:19,6.75,750,155200
20240103,15:18:37,6.75,50,155200
20240103,15:19:58,6.8,400,155550
20240103,15:20:10,6.85,200,155550
20240103,15:20:40,6.85,50,155550
20240103,15:21:07,6.9,600,155550
20240103,15:21:42,6.9,550,155550
20240103,15:22:09,6.85,350,155550
20240103,15:22:18,6.9,50,155550
20240103,15:22:27,6.95,800,155550
20240103,15:22:54,6.85,250,155550
20240103,15:23:03,6.9,50,155550
20240103,15:24:04,6.85,750,155550
20240103,15:25:11,6.9,450,155750
20240103,15:25:20,6.95,300,155750
20240103,15:25:29,7.0,200,155750
20240103,15:25:38,7.0,350,155750
20240103,15:25:47,7.0,50,155750
20240103,15:26:13,7.05,250,155750
20240103,15:26:21,7.0,600,155750
20240103,15:26:29,7.0,150,155750
20240103,15:26:38,7.0,50,155750
20240103,15:26:47,7.0,750,155750
20240103,15:26:55,7.15,300,155750
20240103,15:27:04,7.3,850,155750
20240103,15:27:13,7.35,600,155750
20240103,15:27:22,7.4,450,155750
20240103,15:27:31,7.35,250,155750
20240103,15:27:41,7.4,1150,153500
20240103,15:27:58,7.45,1400,153500
20240103,15:28:16,7.45,1000,153500
20240103,15:28:25,7.5,750,153500
20240103,15:28:34,7.45,500,153500
20240103,15:28:43,7.45,500,153500
20240103,15:28:52,7.45,50,153500
20240103,15:29:00,7.45,1000,153500
20240103,15:29:10,7.6,950,153500
20240103,15:29:28,7.55,400,153500
20240103,15:29:36,7.55,600,153500
20240103,15:29:47,7.45,50,153500
20240104,09:16:40,7.8,1,151100
20240104,09:16:40,7.65,1150,151100
20240104,09:16:49,8.15,100,151100
20240104,09:17:11,8.05,1450,151100
20240104,09:17:29,7.95,50,151100
20240104,09:17:47,7.95,350,151350
20240104,09:17:55,8.05,500,151350
20240104,09:18:05,7.95,100,151350
20240104,09:18:27,8.0,600,151350
20240104,09:18:36,7.85,250,151350
20240104,09:18:45,7.9,750,151350
20240104,09:19:29,7.85,50,151350
20240104,09:19:38,7.85,100,151350
20240104,09:19:47,7.8,50,151350
20240104,09:19:55,7.8,150,151350
20240104,09:20:05,7.8,400,151350
20240104,09:20:14,7.75,50,151350
20240104,09:20:33,7.75,300,150900
20240104,09:20:53,7.8,150,150900
20240104,09:21:04,7.75,250,150900
20240104,09:21:33,7.8,50,150900
20240104,09:21:52,7.8,200,150900
20240104,09:22:02,7.8,50,150900
20240104,09:22:24,7.9,200,150900
20240104,09:23:17,7.85,300,150900
20240104,09:23:26,7.95,150,151150
20240104,09:23:35,7.95,100,151150
20240104,09:23:52,7.9,50,151150
20240104,09:24:19,7.9,200,151150
20240104,09:26:22,7.9,150,151150
20240104,09:27:16,7.95,350,151350
20240104,09:27:34,8.0,50,151350
20240104,09:28:40,8.0,350,151350
20240104,09:28:58,8.05,150,151350
20240104,09:29:07,8.1,100,151350
