date,time,tick_price,volume,open_interest
20240206,15:19:45,2.75,150,150
20240206,15:25:06,2.75,250,150
20240207,09:35:51,2.4,1,400
20240207,09:35:51,3.35,550,400
20240207,09:36:39,2.85,50,400
20240207,09:38:26,2.6,400,1000
20240207,09:39:20,1.25,400,1000
20240207,09:39:51,1.25,400,1000
20240207,09:40:23,2.45,50,1000
20240207,09:40:35,2.5,100,1000
20240207,09:42:40,2.1,400,1550
20240207,09:43:11,2.1,50,1550
20240207,09:44:01,2.1,50,1550
20240207,09:44:54,2.1,50,1550
20240207,09:48:14,2.1,50,1600
20240207,09:51:31,2.05,50,1650
20240207,09:58:38,2.05,200,1600
20240207,10:05:37,2.05,700,1600
20240207,10:05:46,2.05,1000,1600
20240207,10:31:55,2.1,50,3300
20240207,10:34:07,2.1,50,3300
20240207,10:34:13,2.1,50,3300
20240207,10:40:06,2.05,500,3450
20240207,10:40:53,2.05,100,3950
20240207,10:41:08,2.05,250,3950
20240207,10:41:15,2.05,250,3950
20240207,10:53:40,2.0,50,4300
20240207,11:01:33,2.1,1500,4300
20240207,11:09:04,2.1,250,5800
20240207,11:09:51,2.1,50,5800
20240207,11:16:58,2.05,50,5950
20240207,11:31:59,2.05,250,5950
20240207,11:46:28,2.05,200,6200
20240207,12:03:44,2.15,450,6400
20240207,12:23:12,2.15,250,6400
20240207,12:30:02,2.0,150,6400
20240207,12:31:13,2.0,100,6400
20240207,12:31:52,2.0,100,6400
20240207,12:37:22,2.0,200,6750
20240207,12:39:38,2.0,200,6950
20240207,13:57:13,1.95,50,6750
20240207,14:02:28,1.9,100,6800
20240207,14:14:57,1.85,250,6900
20240207,14:15:51,1.85,250,6900
20240207,14:17:23,1.85,250,7400
20240207,14:33:20,1.85,250,7650
20240207,14:39:15,1.85,250,7900
20240207,14:50:03,1.85,250,8150
20240207,15:01:16,1.85,150,8400
20240207,15:02:06,1.85,150,8400
20240207,15:07:31,1.9,1800,8600
20240207,15:07:35,1.9,3600,8600
20240207,15:08:27,1.9,3000,13000
20240207,15:08:52,1.9,250,13000
20240207,15:09:38,1.9,100,13000
20240207,15:11:25,1.9,250,16350
20240207,15:17:37,1.9,100,16600
20240207,15:22:26,1.85,50,16650
20240207,15:23:49,1.9,100,16600
20240207,15:24:49,1.9,50,16600
20240207,15:25:16,1.85,100,16600
20240207,15:28:14,1.95,50,16600
20240207,15:29:24,1.95,50,16600
20240208,09:20:09,1.7,1,16650
20240208,09:20:09,1.7,100,16650
20240208,09:20:53,1.6,50,16650
20240208,09:21:28,1.55,500,16650
20240208,09:24:03,1.55,100,16500
20240208,09:36:54,1.65,1800,16400
20240208,09:44:37,1.7,150,16400
20240208,09:45:56,1.85,900,16400
20240208,09:46:05,1.85,800,16400
20240208,09:46:36,1.7,50,16400
20240208,10:13:25,1.7,100,17150
20240208,10:15:55,1.6,400,17150
20240208,10:26:19,1.8,250,17150
20240208,10:26:30,1.7,50,17150
20240208,10:29:54,1.6,50,17350
20240208,10:34:40,1.65,50,17350
20240208,10:36:41,1.7,1050,17300
20240208,10:40:12,1.7,50,18350
20240208,10:49:01,1.7,50,18400
20240208,10:57:17,1.65,250,18400
20240208,10:57:50,1.65,200,18450
20240208,10:58:13,1.7,300,18450
20240208,11:03:12,1.65,250,18450
20240208,11:03:34,1.65,350,18450
20240208,11:07:05,1.55,250,18450
20240208,11:08:43,1.65,50,18350
20240208,11:09:30,1.6,100,18350
20240208,11:10:07,1.65,150,18350
20240208,11:11:20,1.7,100,18250
20240208,11:22:49,1.55,500,18250
20240208,11:26:20,1.6,500,18250
20240208,11:26:28,1.6,50,18250
20240208,11:37:31,1.5,100,18250
20240208,11:42:44,1.5,200,18250
20240208,11:43:07,1.7,900,18250
20240208,11:43:15,1.7,200,18250
20240208,11:46:28,1.65,400,18450
20240208,11:46:35,1.65,200,18450
20240208,11:48:24,1.6,200,18450
20240208,11:52:25,1.55,150,18450
20240208,11:58:46,1.55,250,18350
20240208,12:04:32,1.65,250,18350
20240208,12:21:00,1.55,150,18350
20240208,12:27:36,1.5,50,18450
20240208,12:31:12,1.55,250,18400
20240208,12:31:49,1.55,1500,18400
20240208,12:32:32,1.45,1400,18400
20240208,12:32:44,1.45,200,18400
20240208,12:33:19,1.5,400,18400
20240208,12:35:38,1.5,50,18300
20240208,12:39:24,1.5,50,18350
20240208,12:40:22,1.45,50,18350
20240208,12:41:08,1.5,900,18350
20240208,12:47:07,1.45,700,18300
20240208,12:47:48,1.55,50,18300
20240208,12:48:46,1.5,300,18300
20240208,12:57:50,1.45,450,18650
20240208,12:59:22,1.45,100,18450
20240208,13:10:27,1.5,800,18550
20240208,13:12:03,1.45,100,19200
20240208,13:13:19,1.5,1050,19200
20240208,13:14:54,1.5,100,20050
20240208,13:19:27,1.45,250,20150
20240208,13:20:09,1.45,250,20150
20240208,13:22:05,1.5,750,20650
20240208,13:24:25,1.5,150,21400
20240208,13:30:58,1.5,1450,21550
20240208,13:32:42,1.5,150,22950
20240208,13:40:47,1.55,300,23100
20240208,13:40:57,1.55,500,23100
20240208,13:41:00,1.55,50,23100
20240208,13:54:12,1.45,500,23450
20240208,13:55:48,1.45,400,23450
20240208,14:01:39,1.5,1050,23800
20240208,14:02:52,1.5,50,24850
20240208,14:02:59,1.45,50,24850
20240208,14:03:15,1.45,50,24850
20240208,14:03:21,1.5,150,24850
20240208,14:07:11,1.55,100,24800
20240208,14:11:22,1.55,400,24800
20240208,14:13:39,1.65,900,24400
20240208,14:13:53,1.65,100,24400
20240208,14:14:26,1.65,800,24400
20240208,14:15:42,1.7,50,26100
20240208,14:16:14,1.8,700,26100
20240208,14:16:22,1.8,1700,26100
20240208,14:21:29,1.7,100,25950
20240208,14:23:33,1.7,50,26050
20240208,14:29:47,1.75,100,26050
20240208,14:33:16,1.7,150,26150
20240208,14:33:39,1.7,600,26150
20240208,14:34:10,1.65,50,26150
20240208,14:35:09,1.75,100,26150
20240208,14:35:32,1.8,1800,26150
20240208,14:35:40,1.8,2800,25650
20240208,14:36:29,1.85,1200,25650
20240208,14:41:42,1.75,100,24850
20240208,14:43:40,1.75,250,24850
20240208,14:44:29,1.75,100,24850
20240208,14:45:09,1.75,650,25150
20240208,14:56:48,1.65,50,25800
20240208,15:04:27,1.65,2000,25800
20240208,15:04:35,1.65,1000,25800
20240208,15:04:44,1.65,1000,25800
20240208,15:04:53,1.65,250,25800
20240208,15:05:31,1.6,600,25800
20240208,15:06:50,1.6,1300,26650
20240208,15:07:17,1.65,1000,26650
20240208,15:07:35,1.7,1500,26650
20240208,15:13:34,1.6,800,29150
20240208,15:14:58,1.65,100,29950
20240208,15:16:21,1.7,200,29950
20240208,15:17:00,1.6,800,29950
20240208,15:19:44,1.6,1800,30650
20240208,15:20:10,1.6,1050,30650
20240208,15:20:19,1.65,1100,30650
20240208,15:20:59,1.65,100,34550
20240208,15:22:12,1.7,3750,34550
20240208,15:22:28,1.65,1800,34550
20240208,15:22:54,1.65,2000,34550
20240208,15:23:17,1.65,100,34550
20240208,15:23:25,1.65,700,34550
20240208,15:24:17,1.7,800,42200
20240208,15:25:02,1.65,900,42200
20240208,15:25:28,1.6,800,42200
20240208,15:25:36,1.6,200,42200
20240208,15:25:44,1.6,400,42200
20240208,15:25:52,1.6,400,42200
20240208,15:26:08,1.65,500,42200
20240208,15:26:49,1.6,20000,44400
20240208,15:27:06,1.6,500,44400
20240208,15:28:01,1.6,200,44400
20240208,15:28:10,1.6,850,44400
20240208,15:28:19,1.6,700,44400
20240208,15:29:21,1.65,7950,44400
20240208,15:29:39,1.7,100,44400
20240208,15:29:57,1.65,1800,72200
20240209,09:15:01,1.8,1,74000
20240209,09:15:01,1.8,150,74000
20240209,09:15:02,1.8,50,74000
20240209,09:15:03,1.7,100,74000
20240209,09:15:06,1.6,4900,74000
20240209,09:15:07,1.65,3750,74000
20240209,09:15:10,1.65,2650,74000
20240209,09:15:15,1.6,1800,74000
20240209,09:15:18,1.6,950,74000
20240209,09:15:36,1.5,2200,74000
20240209,09:15:42,1.45,4850,74000
20240209,09:15:43,1.45,900,74000
20240209,09:15:49,1.45,100,74000
20240209,09:15:50,1.45,50,74000
20240209,09:15:51,1.45,350,74000
20240209,09:15:53,1.45,50,74000
20240209,09:15:54,1.45,250,74000
20240209,09:16:03,1.45,1800,74000
20240209,09:16:05,1.45,50,74000
20240209,09:16:07,1.45,250,74000
20240209,09:16:12,1.5,50,74000
20240209,09:16:19,1.45,600,81400
20240209,09:16:23,1.45,50,81400
20240209,09:16:26,1.45,200,81400
20240209,09:16:37,1.45,500,81400
20240209,09:16:40,1.45,1000,81400
20240209,09:16:43,1.45,900,81400
20240209,09:16:47,1.45,950,81400
20240209,09:16:50,1.45,2050,81400
20240209,09:16:57,1.5,100,81400
20240209,09:16:58,1.45,250,81400
20240209,09:17:04,1.5,300,81400
20240209,09:17:19,1.55,50,81400
20240209,09:17:23,1.5,250,81400
20240209,09:17:33,1.55,1350,81400
20240209,09:17:34,1.6,300,81400
20240209,09:17:35,1.55,500,81400
20240209,09:17:36,1.6,500,81400
20240209,09:17:39,1.65,8050,81400
20240209,09:17:51,1.75,9350,81400
20240209,09:17:52,1.8,4950,81400
20240209,09:17:54,1.85,7650,81400
20240209,09:17:55,1.85,50,81400
20240209,09:17:56,1.85,3100,81400
20240209,09:17:57,1.9,3750,81400
20240209,09:17:58,1.85,650,81400
20240209,09:18:02,1.85,500,81400
20240209,09:18:04,1.8,500,81400
20240209,09:18:07,1.75,1600,81400
20240209,09:18:10,1.7,2650,81400
20240209,09:18:16,1.65,1800,81400
20240209,09:18:17,1.65,600,81400
20240209,09:18:18,1.65,2250,81400
20240209,09:18:20,1.6,600,81400
20240209,09:18:22,1.6,9900,81400
20240209,09:18:24,1.6,500,81400
20240209,09:18:31,1.6,150,81400
20240209,09:18:32,1.55,6000,81400
20240209,09:18:34,1.6,50,81400
20240209,09:18:36,1.6,500,81400
20240209,09:18:38,1.5,6850,81400
20240209,09:18:38,1.5,50,81400
20240209,09:18:40,1.5,1450,81400
20240209,09:18:41,1.55,1400,81400
20240209,09:18:44,1.45,10800,81400
20240209,09:18:45,1.45,50,81400
20240209,09:18:46,1.4,200,81400
20240209,09:18:49,1.35,6200,81400
20240209,09:18:51,1.4,50,81400
20240209,09:18:52,1.4,950,81400
20240209,09:18:55,1.4,700,81400
20240209,09:18:57,1.4,100,81400
20240209,09:19:00,1.35,900,81400
20240209,09:19:01,1.4,150,81400
20240209,09:19:04,1.4,2850,81400
20240209,09:19:07,1.45,1800,81400
20240209,09:19:08,1.45,2750,81400
20240209,09:19:09,1.4,100,81400
20240209,09:19:10,1.45,4900,81400
20240209,09:19:11,1.45,2400,81400
20240209,09:19:13,1.45,2500,81400
20240209,09:19:14,1.45,700,81400
20240209,09:19:15,1.5,50,81400
20240209,09:19:19,1.45,50,106850
20240209,09:19:21,1.5,2150,106850
20240209,09:19:22,1.45,950,106850
20240209,09:19:24,1.45,50,106850
20240209,09:19:31,1.45,50,106850
20240209,09:19:55,1.4,3000,106850
20240209,09:19:58,1.4,500,106850
20240209,09:19:59,1.4,1850,106850
20240209,09:20:00,1.4,850,106850
20240209,09:20:12,1.4,50,106850
20240209,09:20:40,1.4,2600,106850
20240209,09:20:53,1.4,1000,106850
20240209,09:20:56,1.35,50,106850
20240209,09:21:08,1.4,50,106850
20240209,09:21:09,1.4,50,106850
20240209,09:21:14,1.35,900,106850
20240209,09:21:16,1.35,1800,106850
20240209,09:21:23,1.35,3350,106850
20240209,09:21:24,1.35,550,106850
20240209,09:21:25,1.35,250,106850
20240209,09:21:26,1.3,900,106850
20240209,09:21:27,1.3,450,106850
20240209,09:21:29,1.35,750,106850
20240209,09:21:30,1.35,1250,106850
20240209,09:21:32,1.35,700,106850
20240209,09:21:33,1.35,100,106850
20240209,09:21:34,1.35,300,106850
20240209,09:21:36,1.4,350,106850
20240209,09:21:38,1.4,250,106850
20240209,09:21:39,1.4,2000,106850
20240209,09:21:40,1.4,4600,106850
20240209,09:21:41,1.4,50,106850
20240209,09:21:42,1.4,450,106850
20240209,09:21:43,1.4,50,106850
20240209,09:21:44,1.4,100,106850
20240209,09:21:45,1.4,500,106850
20240209,09:21:47,1.4,550,106850
20240209,09:21:47,1.4,2400,106850
20240209,09:21:48,1.4,150,106850
20240209,09:21:49,1.45,800,106850
20240209,09:21:51,1.45,200,106850
20240209,09:21:52,1.5,1850,106850
20240209,09:21:53,1.45,750,106850
20240209,09:21:54,1.45,1400,106850
20240209,09:21:56,1.5,1050,106850
20240209,09:21:57,1.45,300,106850
20240209,09:21:58,1.5,100,106850
20240209,09:21:59,1.5,2050,106850
20240209,09:22:00,1.55,200,106850
20240209,09:22:02,1.55,900,106850
20240209,09:22:03,1.5,2100,106850
20240209,09:22:04,1.5,1400,106850
20240209,09:22:05,1.5,350,106850
20240209,09:22:07,1.5,500,106850
20240209,09:22:13,1.5,100,106850
20240209,09:22:14,1.5,100,106850
20240209,09:22:16,1.5,1300,106850
20240209,09:22:25,1.4,4700,126900
20240209,09:22:41,1.35,900,126900
20240209,09:22:43,1.35,400,126900
20240209,09:22:44,1.35,1800,126900
20240209,09:22:57,1.35,800,126900
20240209,09:23:06,1.4,50,126900
20240209,09:23:51,1.35,2700,126900
20240209,09:23:57,1.35,1050,126900
20240209,09:23:59,1.35,600,126900
20240209,09:24:08,1.4,100,126900
20240209,09:24:09,1.4,50,126900
20240209,09:24:19,1.35,700,126900
20240209,09:24:30,1.4,50,126900
20240209,09:24:46,1.4,50,126900
20240209,09:24:54,1.4,50,126900
20240209,09:25:24,1.4,1000,126900
20240209,09:25:25,1.35,700,133750
20240209,09:25:27,1.35,100,133750
20240209,09:25:29,1.35,50,133750
20240209,09:25:33,1.3,600,133750
20240209,09:25:38,1.3,50,133750
20240209,09:25:53,1.35,50,133750
20240209,09:26:17,1.3,700,133750
20240209,09:26:21,1.3,1100,133750
20240209,09:26:22,1.3,50,133750
20240209,09:26:24,1.25,150,133750
20240209,09:26:25,1.25,50,133750
20240209,09:26:28,1.3,50,133750
20240209,09:26:40,1.3,250,133750
20240209,09:26:43,1.3,150,133750
20240209,09:26:59,1.25,50,133750
20240209,09:27:17,1.3,300,133750
20240209,09:27:20,1.3,100,133750
20240209,09:27:21,1.25,50,133750
20240209,09:27:29,1.3,200,133750
20240209,09:27:37,1.3,1800,133750
20240209,09:27:38,1.3,1000,133750
20240209,09:27:54,1.3,700,133750
20240209,09:28:04,1.35,1450,133750
20240209,09:28:07,1.35,50,133750
20240209,09:28:11,1.35,1700,133750
20240209,09:28:17,1.35,2850,133750
20240209,09:28:37,1.4,100,136600
20240209,09:28:41,1.35,50,136600
20240209,09:29:02,1.35,250,136600
20240209,09:29:05,1.4,1800,136600
20240209,09:29:08,1.35,100,136600
20240209,09:29:11,1.4,100,136600
20240209,09:29:13,1.4,50,136600
20240209,09:29:46,1.35,2000,136600
20240209,09:30:00,1.35,500,136600
20240209,09:30:07,1.4,1600,136600
20240209,09:30:20,1.4,50,136600
20240209,09:30:21,1.35,100,136600
20240209,09:30:24,1.35,250,136600
20240209,09:30:32,1.4,50,136600
20240209,09:30:38,1.35,250,136600
20240209,09:31:09,1.35,1800,136600
20240209,09:31:12,1.35,250,136600
20240209,09:31:16,1.35,2350,136600
20240209,09:31:22,1.35,900,136600
20240209,09:31:32,1.35,50,138100
20240209,09:31:50,1.35,50,138100
20240209,09:32:01,1.3,1000,138100
20240209,09:32:13,1.35,50,138100
20240209,09:32:18,1.35,50,138100
20240209,09:32:36,1.35,50,138100
20240209,09:32:37,1.35,2550,138100
20240209,09:32:38,1.35,50,138100
20240209,09:32:39,1.35,100,138100
20240209,09:32:51,1.35,250,138100
20240209,09:33:11,1.35,250,138100
20240209,09:33:18,1.35,50,138100
20240209,09:33:20,1.35,50,138100
20240209,09:33:23,1.4,50,138100
20240209,09:33:25,1.35,50,138100
20240209,09:33:26,1.35,450,138100
20240209,09:33:32,1.35,1400,138100
20240209,09:33:34,1.3,1800,138100
20240209,09:34:42,1.35,900,140700
20240209,09:34:59,1.35,1800,140700
20240209,09:35:01,1.35,1800,140700
20240209,09:35:02,1.35,4450,140700
20240209,09:35:27,1.35,1800,140700
20240209,09:35:30,1.35,150,140700
20240209,09:35:34,1.35,1250,140700
20240209,09:35:35,1.35,1400,140700
20240209,09:35:45,1.35,50,140700
20240209,09:35:54,1.35,1800,140700
20240209,09:36:52,1.3,2000,140700
20240209,09:37:13,1.3,100,140700
20240209,09:37:41,1.3,100,142750
20240209,09:37:44,1.35,200,142750
20240209,09:37:54,1.35,1800,142750
20240209,09:38:02,1.35,50,142750
20240209,09:38:14,1.35,1800,142750
20240209,09:38:16,1.35,3050,142750
20240209,09:38:19,1.35,200,142750
20240209,09:38:31,1.4,50,142750
20240209,09:38:43,1.35,2200,142750
20240209,09:38:55,1.4,5400,142750
20240209,09:38:56,1.4,1800,142750
20240209,09:38:57,1.4,1800,142750
20240209,09:39:00,1.4,2900,142750
20240209,09:39:02,1.4,50,142750
20240209,09:39:27,1.45,1800,142750
20240209,09:39:53,1.4,50,142750
20240209,09:39:54,1.45,1800,142750
20240209,09:39:57,1.45,50,142750
20240209,09:40:14,1.4,2500,142750
20240209,09:40:17,1.4,1150,142750
20240209,09:40:19,1.4,1800,142750
20240209,09:40:20,1.45,400,142750
20240209,09:40:29,1.4,500,152300
20240209,09:41:02,1.45,1800,152300
20240209,09:41:07,1.45,4150,152300
20240209,09:41:15,1.45,1800,152300
20240209,09:41:23,1.5,3600,152300
20240209,09:41:31,1.5,50,152300
20240209,09:41:34,1.5,400,152300
20240209,09:41:41,1.5,50,152300
20240209,09:41:49,1.45,250,152300
20240209,09:41:59,1.5,300,152300
20240209,09:42:02,1.5,3600,152300
20240209,09:42:08,1.5,100,152300
20240209,09:42:10,1.5,850,152300
20240209,09:42:15,1.5,550,152300
20240209,09:42:17,1.5,200,152300
20240209,09:42:19,1.5,50,152300
20240209,09:42:26,1.45,50,152300
20240209,09:42:29,1.5,50,152300
20240209,09:42:34,1.45,1800,152300
20240209,09:42:39,1.45,800,152300
20240209,09:42:40,1.45,50,152300
20240209,09:42:53,1.45,1800,152300
20240209,09:42:54,1.45,5400,152300
20240209,09:43:33,1.45,50,157700
20240209,09:43:53,1.45,50,157700
20240209,09:44:11,1.45,550,157700
20240209,09:44:12,1.45,150,157700
20240209,09:44:19,1.4,1500,157700
20240209,09:44:23,1.4,850,157700
20240209,09:44:40,1.4,3000,157700
20240209,09:44:43,1.45,200,157700
20240209,09:44:44,1.45,50,157700
20240209,09:45:12,1.45,550,157700
20240209,09:45:17,1.4,2100,157700
20240209,09:45:19,1.4,1800,157700
20240209,09:45:21,1.4,1800,157700
20240209,09:45:22,1.4,550,157700
20240209,09:45:33,1.4,800,157700
20240209,09:45:34,1.4,50,157700
20240209,09:45:45,1.45,450,157700
20240209,09:45:52,1.4,800,157700
20240209,09:45:57,1.4,1800,157700
20240209,09:46:11,1.45,1850,157700
20240209,09:46:51,1.45,2300,157700
20240209,09:47:07,1.45,50,162100
20240209,09:47:47,1.4,2000,162100
20240209,09:48:04,1.4,2400,162100
20240209,09:48:20,1.4,1800,162100
20240209,09:48:52,1.4,1800,162100
20240209,09:49:00,1.4,250,162100
20240209,09:49:02,1.4,1800,162100
20240209,09:49:05,1.4,100,162100
20240209,09:49:06,1.4,400,162100
20240209,09:49:20,1.4,250,162100
20240209,09:49:22,1.4,100,162100
20240209,09:49:37,1.4,50,166150
20240209,09:49:52,1.4,50,166150
20240209,09:50:01,1.4,800,166150
20240209,09:50:13,1.4,50,166150
20240209,09:50:15,1.4,50,166150
20240209,09:50:59,1.4,250,166150
20240209,09:51:00,1.4,1350,166150
20240209,09:51:06,1.4,7950,166150
20240209,09:51:07,1.4,2000,166150
20240209,09:51:08,1.4,2500,166150
20240209,09:51:09,1.4,2900,166150
20240209,09:51:12,1.45,50,166150
20240209,09:51:16,1.4,2600,166150
20240209,09:51:17,1.45,2300,166150
20240209,09:51:18,1.45,1000,166150
20240209,09:51:19,1.4,2000,166150
20240209,09:51:20,1.4,1050,166150
20240209,09:51:21,1.45,2550,166150
20240209,09:51:23,1.4,450,166150
20240209,09:51:24,1.4,3000,166150
20240209,09:51:27,1.4,150,166150
20240209,09:51:28,1.4,1750,166150
20240209,09:51:39,1.4,3400,166150
20240209,09:51:42,1.4,2800,166150
20240209,09:51:43,1.4,250,166150
20240209,09:51:44,1.4,4900,166150
20240209,09:51:45,1.4,3000,166150
20240209,09:51:46,1.4,850,166150
20240209,09:51:48,1.4,4100,166150
20240209,09:51:49,1.4,150,166150
20240209,09:51:50,1.4,1700,166150
20240209,09:51:51,1.35,500,166150
20240209,09:51:55,1.4,1800,166150
20240209,09:52:03,1.4,250,166150
20240209,09:52:07,1.4,150,166150
20240209,09:52:47,1.4,200,203450
20240209,09:52:53,1.4,1400,203450
20240209,09:53:11,1.35,400,203450
20240209,09:53:40,1.4,200,203450
20240209,09:53:42,1.4,550,203450
20240209,09:53:44,1.4,1800,203450
20240209,09:53:45,1.4,1800,203450
20240209,09:53:47,1.4,4050,203450
20240209,09:53:48,1.45,50,203450
20240209,09:53:49,1.4,1000,203450
20240209,09:53:50,1.4,2000,203450
20240209,09:53:52,1.4,1000,203450
20240209,09:53:52,1.4,800,203450
20240209,09:53:53,1.35,200,203450
20240209,09:54:08,1.4,200,203450
20240209,09:54:19,1.4,350,203450
20240209,09:54:21,1.4,50,203450
20240209,09:54:25,1.35,1000,203450
20240209,09:54:57,1.4,50,203450
20240209,09:55:13,1.4,100,203450
20240209,09:55:31,1.4,50,210450
20240209,09:55:33,1.4,50,210450
20240209,09:55:37,1.4,50,210450
20240209,09:56:02,1.4,100,210450
20240209,09:56:04,1.4,1800,210450
20240209,09:56:06,1.4,7300,210450
20240209,09:56:09,1.4,8800,210450
20240209,09:56:15,1.35,900,210450
20240209,09:56:16,1.4,1800,210450
20240209,09:56:19,1.4,4500,210450
20240209,09:56:34,1.4,1500,210450
20240209,09:56:38,1.4,50,210450
20240209,09:56:57,1.35,500,210450
20240209,09:57:00,1.4,1450,210450
20240209,09:57:22,1.4,100,210450
20240209,09:57:39,1.4,50,210450
20240209,09:58:14,1.4,900,210450
20240209,09:58:15,1.4,7700,210450
20240209,09:58:17,1.4,1350,210450
20240209,09:58:17,1.45,1200,210450
20240209,09:58:21,1.4,1500,210450
20240209,09:58:27,1.4,1500,210450
20240209,09:59:21,1.4,150,221400
20240209,09:59:21,1.4,100,221400
20240209,09:59:24,1.4,100,221400
20240209,09:59:26,1.4,3600,221400
20240209,09:59:28,1.4,1800,221400
20240209,09:59:28,1.4,4050,221400
20240209,09:59:30,1.35,1350,221400
20240209,09:59:31,1.4,1800,221400
20240209,09:59:38,1.4,1800,221400
20240209,09:59:39,1.4,2550,221400
20240209,09:59:40,1.4,4800,221400
20240209,09:59:41,1.35,500,221400
20240209,09:59:42,1.4,850,221400
20240209,09:59:44,1.4,3000,221400
20240209,09:59:45,1.4,1200,221400
20240209,10:00:01,1.4,2800,221400
20240209,10:00:01,1.4,500,221400
20240209,10:00:02,1.35,500,221400
20240209,10:00:05,1.4,4050,221400
20240209,10:00:05,1.4,2700,221400
20240209,10:00:06,1.4,1000,221400
20240209,10:00:10,1.4,1800,221400
20240209,10:00:11,1.45,150,221400
20240209,10:00:13,1.45,600,221400
20240209,10:00:19,1.4,500,221400
20240209,10:00:21,1.4,1000,221400
20240209,10:00:23,1.45,1950,221400
20240209,10:00:25,1.45,1800,221400
20240209,10:00:26,1.45,1200,221400
20240209,10:00:28,1.45,50,221400
20240209,10:00:29,1.45,500,221400
20240209,10:00:34,1.45,3850,221400
20240209,10:00:35,1.45,4250,221400
20240209,10:00:36,1.45,2650,221400
20240209,10:00:37,1.45,2350,221400
20240209,10:00:39,1.45,150,221400
20240209,10:00:41,1.45,3100,221400
20240209,10:00:43,1.45,3500,221400
20240209,10:00:44,1.45,300,221400
20240209,10:00:45,1.4,4800,221400
20240209,10:00:46,1.4,4800,221400
20240209,10:00:47,1.45,4800,221400
20240209,10:00:48,1.45,1500,221400
20240209,10:00:49,1.45,6400,221400
20240209,10:00:50,1.45,4500,221400
20240209,10:00:51,1.45,10000,221400
20240209,10:00:52,1.45,3000,221400
20240209,10:00:53,1.45,3000,221400
20240209,10:00:54,1.45,3250,221400
20240209,10:00:55,1.45,5200,221400
20240209,10:00:56,1.45,4650,221400
20240209,10:00:57,1.4,5950,221400
20240209,10:00:58,1.4,2300,221400
20240209,10:00:59,1.45,2050,221400
20240209,10:01:00,1.45,1800,221400
20240209,10:01:01,1.45,400,221400
20240209,10:01:06,1.5,2450,221400
20240209,10:01:07,1.5,2550,221400
20240209,10:01:08,1.5,2200,221400
20240209,10:01:12,1.55,500,221400
20240209,10:01:13,1.55,200,221400
20240209,10:01:14,1.55,3600,221400
20240209,10:01:15,1.55,100,221400
20240209,10:01:17,1.55,3300,221400
20240209,10:01:18,1.55,800,221400
20240209,10:01:23,1.55,1600,221400
20240209,10:01:25,1.55,400,271450
20240209,10:01:28,1.5,500,271450
20240209,10:01:34,1.5,2100,271450
20240209,10:01:37,1.5,6400,271450
20240209,10:01:39,1.55,400,271450
20240209,10:01:45,1.5,450,271450
20240209,10:01:46,1.5,1900,271450
20240209,10:01:51,1.45,4000,271450
20240209,10:01:53,1.45,450,271450
20240209,10:01:59,1.45,1100,271450
20240209,10:02:03,1.45,250,271450
20240209,10:02:06,1.45,1800,271450
20240209,10:02:08,1.45,700,271450
20240209,10:02:10,1.45,1800,271450
20240209,10:02:11,1.45,200,271450
20240209,10:02:12,1.45,200,271450
20240209,10:02:13,1.45,500,271450
20240209,10:02:24,1.45,1800,271450
20240209,10:02:27,1.45,3600,271450
20240209,10:02:32,1.45,1800,271450
20240209,10:02:34,1.45,5900,271450
20240209,10:02:46,1.4,450,271450
20240209,10:02:47,1.4,200,271450
20240209,10:03:34,1.4,1800,271450
20240209,10:03:46,1.4,50,271450
20240209,10:03:47,1.4,1800,271450
20240209,10:03:48,1.4,1800,271450
20240209,10:03:49,1.4,9100,271450
20240209,10:03:51,1.4,250,271450
20240209,10:03:55,1.4,1800,271450
20240209,10:04:18,1.4,1500,271450
20240209,10:04:29,1.4,250,268450
20240209,10:04:39,1.4,250,268450
20240209,10:04:43,1.4,250,268450
20240209,10:04:50,1.4,250,268450
20240209,10:04:51,1.4,3850,268450
20240209,10:04:53,1.4,3600,268450
20240209,10:04:54,1.4,1000,268450
20240209,10:04:55,1.4,2050,268450
20240209,10:04:57,1.4,1800,268450
20240209,10:06:01,1.4,700,268450
20240209,10:06:19,1.4,350,268450
20240209,10:07:03,1.35,550,268450
20240209,10:07:10,1.35,400,268450
20240209,10:07:40,1.35,250,268450
20240209,10:07:55,1.35,500,270500
20240209,10:08:06,1.35,250,270500
20240209,10:08:59,1.4,50,270500
20240209,10:09:09,1.35,650,270500
20240209,10:09:16,1.35,450,270500
20240209,10:09:19,1.35,450,270500
20240209,10:09:31,1.35,150,270500
20240209,10:09:33,1.35,750,270500
20240209,10:09:39,1.35,1000,270500
20240209,10:09:45,1.35,50,270500
20240209,10:09:46,1.35,3250,270500
20240209,10:10:11,1.35,1500,270500
20240209,10:10:12,1.35,1800,270500
20240209,10:10:14,1.35,300,270500
20240209,10:10:15,1.35,800,270500
20240209,10:10:35,1.35,1250,273350
20240209,10:10:41,1.35,250,273350
20240209,10:10:42,1.4,50,273350
20240209,10:10:45,1.35,900,273350
20240209,10:10:49,1.35,100,273350
20240209,10:10:51,1.4,50,273350
20240209,10:12:00,1.35,800,273350
20240209,10:12:11,1.4,50,273350
20240209,10:12:30,1.35,100,273350
20240209,10:12:53,1.35,1800,273350
20240209,10:13:00,1.4,50,273350
20240209,10:13:04,1.35,1500,273350
20240209,10:13:14,1.35,50,273350
20240209,10:14:50,1.35,900,273350
20240209,10:15:19,1.35,400,273900
20240209,10:15:31,1.4,1500,273900
20240209,10:15:42,1.4,1800,273900
20240209,10:16:06,1.4,650,273900
20240209,10:16:07,1.4,700,273900
20240209,10:16:13,1.4,150,273900
20240209,10:16:14,1.4,100,273900
20240209,10:16:16,1.4,250,273900
20240209,10:16:18,1.4,150,273900
20240209,10:16:19,1.4,750,273900
20240209,10:16:20,1.4,300,273900
20240209,10:16:22,1.4,150,273900
20240209,10:16:23,1.4,1150,273900
20240209,10:16:27,1.4,6750,273900
20240209,10:16:54,1.45,1800,273300
20240209,10:17:07,1.4,1800,273300
20240209,10:17:08,1.4,2150,273300
20240209,10:17:10,1.4,50,273300
20240209,10:17:12,1.4,50,273300
20240209,10:17:13,1.4,50,273300
20240209,10:17:15,1.4,250,273300
20240209,10:17:22,1.4,50,273300
20240209,10:17:32,1.4,250,273300
20240209,10:17:38,1.4,1800,273300
20240209,10:17:40,1.4,1350,273300
20240209,10:17:52,1.4,200,273300
20240209,10:17:57,1.4,200,273300
20240209,10:18:01,1.45,50,273300
20240209,10:18:03,1.4,200,273300
20240209,10:18:11,1.4,50,273300
20240209,10:18:48,1.45,50,273300
20240209,10:18:48,1.45,1800,273300
20240209,10:18:57,1.45,600,273300
20240209,10:19:02,1.4,50,273300
20240209,10:19:08,1.45,50,273300
20240209,10:19:14,1.45,100,273300
20240209,10:19:31,1.45,250,273300
20240209,10:19:38,1.45,1800,274600
20240209,10:19:42,1.45,8200,274600
20240209,10:19:44,1.45,50,274600
20240209,10:19:47,1.5,2800,274600
20240209,10:19:51,1.45,300,274600
20240209,10:19:54,1.45,100,274600
20240209,10:20:01,1.45,550,274600
20240209,10:20:05,1.45,200,274600
20240209,10:20:07,1.45,900,274600
20240209,10:20:13,1.45,200,274600
20240209,10:20:14,1.45,1500,274600
20240209,10:20:17,1.45,200,274600
20240209,10:20:58,1.45,200,274600
20240209,10:21:00,1.45,850,274600
20240209,10:21:02,1.5,1800,274600
20240209,10:21:03,1.45,900,274600
20240209,10:21:05,1.5,800,274600
20240209,10:21:08,1.5,1100,274600
20240209,10:21:09,1.45,550,274600
20240209,10:21:10,1.45,4450,274600
20240209,10:21:12,1.45,1450,274600
20240209,10:21:13,1.4,550,274600
20240209,10:21:14,1.4,200,274600
20240209,10:21:15,1.4,200,274600
20240209,10:21:17,1.4,1000,274600
20240209,10:21:20,1.4,550,274600
20240209,10:21:21,1.4,200,274600
20240209,10:21:22,1.4,550,274600
20240209,10:21:27,1.4,200,274600
20240209,10:21:29,1.4,850,274600
20240209,10:21:34,1.4,550,274600
20240209,10:21:36,1.45,1800,274600
20240209,10:22:06,1.4,200,274600
20240209,10:22:07,1.4,600,274600
20240209,10:22:19,1.45,50,274600
20240209,10:22:36,1.4,1000,274600
20240209,10:22:58,1.45,1000,273950
20240209,10:23:14,1.45,1800,273950
20240209,10:24:12,1.45,1500,273950
20240209,10:24:21,1.45,1500,273950
20240209,10:24:31,1.45,1800,273950
20240209,10:24:32,1.45,150,273950
20240209,10:24:33,1.45,2400,273950
20240209,10:24:34,1.45,1650,273950
20240209,10:24:43,1.45,250,273950
20240209,10:24:47,1.5,350,273950
20240209,10:24:49,1.45,50,273950
20240209,10:24:50,1.5,50,273950
20240209,10:24:55,1.45,1500,273950
20240209,10:25:17,1.45,4800,273950
20240209,10:25:28,1.45,400,272350
20240209,10:25:33,1.45,1500,272350
20240209,10:25:36,1.45,1500,272350
20240209,10:25:39,1.45,1500,272350
20240209,10:25:48,1.45,100,272350
20240209,10:26:05,1.45,500,272350
20240209,10:26:10,1.45,1800,272350
20240209,10:26:11,1.45,4150,272350
20240209,10:26:16,1.5,100,272350
20240209,10:26:17,1.5,100,272350
20240209,10:26:19,1.5,200,272350
20240209,10:26:26,1.5,100,272350
20240209,10:26:32,1.5,350,272350
20240209,10:26:50,1.45,2200,272350
20240209,10:27:05,1.5,50,272350
20240209,10:27:10,1.5,50,272350
20240209,10:27:11,1.5,200,272350
20240209,10:27:38,1.45,1500,272350
20240209,10:27:41,1.45,700,272350
20240209,10:27:42,1.5,50,272350
20240209,10:27:53,1.45,2250,272350
20240209,10:27:57,1.45,500,272350
20240209,10:27:59,1.45,1800,272350
20240209,10:28:00,1.45,1800,272350
20240209,10:28:03,1.5,200,272350
20240209,10:28:19,1.45,50,272350
20240209,10:28:21,1.45,800,272350
20240209,10:28:23,1.45,1050,272350
20240209,10:28:24,1.45,150,272350
20240209,10:28:28,1.45,100,272350
20240209,10:28:29,1.45,100,275500
20240209,10:28:33,1.4,400,275500
20240209,10:28:36,1.45,50,275500
20240209,10:28:40,1.45,50,275500
20240209,10:29:19,1.4,1000,275500
20240209,10:29:23,1.45,100,275500
20240209,10:29:45,1.45,250,275500
20240209,10:29:50,1.4,2000,275500
20240209,10:29:52,1.45,950,275500
20240209,10:30:12,1.45,50,275500
20240209,10:30:32,1.4,200,275500
20240209,10:30:33,1.4,550,275500
20240209,10:30:50,1.4,200,275500
20240209,10:30:52,1.4,850,275500
20240209,10:31:13,1.45,1800,275500
20240209,10:31:27,1.45,2200,275500
20240209,10:31:27,1.45,3800,275500
20240209,10:32:18,1.5,200,279300
20240209,10:32:59,1.5,50,279300
20240209,10:33:09,1.5,50,279300
20240209,10:33:29,1.5,50,279300
20240209,10:33:30,1.5,50,279300
20240209,10:34:08,1.5,100,279300
20240209,10:34:10,1.5,150,279300
20240209,10:34:12,1.5,200,279300
20240209,10:34:13,1.5,900,279300
20240209,10:34:15,1.5,950,279300
20240209,10:34:17,1.5,950,279300
20240209,10:34:19,1.5,950,279300
20240209,10:34:20,1.5,200,279300
20240209,10:34:22,1.5,1200,279300
20240209,10:34:23,1.5,550,279300
20240209,10:34:25,1.5,3950,279300
20240209,10:34:27,1.5,900,279300
20240209,10:34:30,1.5,550,278800
20240209,10:34:52,1.45,50,278800
20240209,10:34:57,1.45,50,278800
20240209,10:35:00,1.45,800,278800
20240209,10:35:01,1.45,650,278800
20240209,10:35:02,1.45,700,278800
20240209,10:35:16,1.45,900,278800
20240209,10:35:21,1.45,150,278800
20240209,10:35:57,1.45,50,278800
20240209,10:36:07,1.45,200,278800
20240209,10:36:26,1.4,50,278800
20240209,10:37:39,1.45,50,279750
20240209,10:38:01,1.45,1500,279750
20240209,10:38:03,1.45,450,279750
20240209,10:38:46,1.4,100,279750
20240209,10:40:03,1.45,1800,279750
20240209,10:40:04,1.45,1200,279750
20240209,10:40:05,1.45,50,279750
20240209,10:40:06,1.45,100,279750
20240209,10:40:45,1.45,50,279750
20240209,10:40:50,1.45,50,279100
20240209,10:41:16,1.45,400,279100
20240209,10:41:30,1.5,100,279100
20240209,10:41:32,1.45,250,279100
20240209,10:41:40,1.5,50,279100
20240209,10:41:48,1.45,50,279100
20240209,10:41:49,1.45,50,279100
20240209,10:42:04,1.5,550,279100
20240209,10:42:05,1.5,850,279100
20240209,10:42:07,1.5,950,279100
20240209,10:42:09,1.5,850,279100
20240209,10:42:09,1.45,250,279100
20240209,10:42:15,1.5,550,279100
20240209,10:42:56,1.45,850,279100
20240209,10:43:11,1.45,50,279100
20240209,10:43:58,1.45,50,279100
20240209,10:43:59,1.45,1800,280400
20240209,10:44:00,1.45,3100,280400
20240209,10:44:05,1.45,1200,280400
20240209,10:44:09,1.45,50,280400
20240209,10:44:42,1.45,50,280400
20240209,10:46:37,1.45,1800,280400
20240209,10:46:38,1.45,1050,279700
20240209,10:46:57,1.5,50,279700
20240209,10:47:10,1.45,50,279700
20240209,10:47:32,1.5,50,279700
20240209,10:47:37,1.45,50,279700
20240209,10:47:39,1.45,1800,279700
20240209,10:47:41,1.45,100,279700
20240209,10:47:42,1.45,1500,279700
20240209,10:47:45,1.45,50,279700
20240209,10:47:46,1.45,100,279700
20240209,10:48:09,1.4,3600,279700
20240209,10:48:21,1.45,50,279700
20240209,10:48:25,1.4,1800,279700
20240209,10:48:26,1.4,2250,279700
20240209,10:48:56,1.35,1800,279700
20240209,10:49:06,1.35,1800,279700
20240209,10:49:07,1.3,3050,279700
20240209,10:49:19,1.3,1800,279700
20240209,10:49:21,1.3,1800,279700
20240209,10:49:29,1.3,200,279700
20240209,10:49:36,1.3,1800,281000
20240209,10:49:47,1.3,1600,281000
20240209,10:49:48,1.3,700,281000
20240209,10:49:49,1.25,13050,281000
20240209,10:49:50,1.2,200,281000
20240209,10:49:51,1.2,50,281000
20240209,10:49:52,1.2,1200,281000
20240209,10:49:53,1.2,1800,281000
20240209,10:49:56,1.25,200,281000
20240209,10:49:58,1.25,50,281000
20240209,10:50:00,1.25,1250,281000
20240209,10:50:05,1.25,3650,281000
20240209,10:50:05,1.2,3600,281000
20240209,10:50:06,1.2,3650,281000
20240209,10:50:08,1.25,1200,281000
20240209,10:50:09,1.2,50,281000
20240209,10:50:10,1.2,50,281000
20240209,10:50:12,1.2,7200,281000
20240209,10:50:14,1.2,1800,281000
20240209,10:50:15,1.2,1800,281000
20240209,10:50:16,1.2,4150,281000
20240209,10:50:21,1.15,1800,281000
20240209,10:50:27,1.15,950,281000
20240209,10:50:30,1.2,1800,281000
20240209,10:50:31,1.2,1800,281000
20240209,10:50:32,1.2,1700,281000
20240209,10:50:34,1.2,1800,281000
20240209,10:50:35,1.2,850,281000
20240209,10:50:36,1.2,250,281000
20240209,10:50:37,1.25,1550,281000
20240209,10:50:38,1.25,450,281000
20240209,10:50:40,1.2,100,281000
20240209,10:50:43,1.2,750,281000
20240209,10:50:47,1.2,50,281000
20240209,10:50:52,1.2,3600,281000
20240209,10:50:54,1.2,4800,281000
20240209,10:51:00,1.15,1800,281000
20240209,10:51:06,1.15,200,281000
20240209,10:51:07,1.15,5450,281000
20240209,10:51:08,1.15,750,281000
20240209,10:51:09,1.15,1850,281000
20240209,10:51:10,1.15,1800,281000
20240209,10:51:14,1.1,2250,281000
20240209,10:51:15,1.1,400,281000
20240209,10:51:17,1.1,50,281000
20240209,10:51:20,1.1,900,281000
20240209,10:51:27,1.15,1200,281000
20240209,10:51:29,1.15,1800,281000
20240209,10:51:30,1.1,1800,281000
20240209,10:51:31,1.1,3600,281000
20240209,10:51:32,1.15,900,281000
20240209,10:51:33,1.15,1000,281000
20240209,10:51:36,1.15,100,281000
20240209,10:51:38,1.1,5400,281000
20240209,10:51:39,1.15,50,281000
20240209,10:51:44,1.1,1850,281000
20240209,10:51:45,1.1,7900,281000
20240209,10:51:47,1.15,1000,281000
20240209,10:52:06,1.1,1900,281000
20240209,10:52:10,1.1,1800,281000
20240209,10:52:10,1.1,2250,281000
20240209,10:52:11,1.1,650,281000
20240209,10:52:14,1.1,50,281000
20240209,10:52:17,1.1,50,281000
20240209,10:52:17,1.05,5400,281000
20240209,10:52:18,1.05,1800,281000
20240209,10:52:19,1.05,100,281000
20240209,10:52:24,1.05,950,281000
20240209,10:52:31,1.05,3600,281000
20240209,10:52:47,1.1,100,273250
20240209,10:52:49,1.1,50,273250
20240209,10:52:51,1.05,200,273250
20240209,10:52:53,1.1,350,273250
20240209,10:52:58,1.1,750,273250
20240209,10:53:00,1.1,500,273250
20240209,10:53:00,1.1,950,273250
20240209,10:53:03,1.1,3250,273250
20240209,10:53:05,1.1,1800,273250
20240209,10:53:09,1.1,5400,273250
20240209,10:53:11,1.15,1000,273250
20240209,10:53:12,1.1,250,273250
20240209,10:53:15,1.15,750,273250
20240209,10:53:16,1.15,1500,273250
20240209,10:53:21,1.1,2050,273250
20240209,10:53:25,1.1,1650,273250
20240209,10:53:29,1.1,3600,273250
20240209,10:53:31,1.1,1200,273250
20240209,10:53:34,1.1,1800,273250
20240209,10:53:51,1.1,200,273250
20240209,10:53:54,1.1,150,273250
20240209,10:53:55,1.1,200,273250
20240209,10:53:56,1.1,600,273250
20240209,10:54:05,1.05,6950,273250
20240209,10:54:06,1.05,50,273250
20240209,10:54:30,1.05,1800,273250
20240209,10:54:31,1.05,1800,273250
20240209,10:54:39,1.05,1800,273250
20240209,10:54:40,1.05,350,273250
20240209,10:54:42,1.05,1800,273250
20240209,10:54:44,1.05,11350,273250
20240209,10:54:44,1.05,50,273250
20240209,10:54:48,1.05,50,273250
20240209,10:54:50,1.05,7700,273250
20240209,10:54:52,1.05,1800,273250
20240209,10:54:55,1.05,1800,273250
20240209,10:55:05,1.05,1800,273250
20240209,10:55:35,1.1,50,297850
20240209,10:55:36,1.05,1800,297850
20240209,10:55:50,1.05,1800,297850
20240209,10:55:51,1.05,150,297850
20240209,10:56:01,1.1,800,297850
20240209,10:56:02,1.1,3000,297850
20240209,10:56:03,1.1,400,297850
20240209,10:56:04,1.05,100,297850
20240209,10:56:05,1.05,50,297850
20240209,10:56:06,1.05,100,297850
20240209,10:56:08,1.05,6050,297850
20240209,10:56:48,1.05,200,297850
20240209,10:56:49,1.05,200,297850
20240209,10:56:55,1.05,200,297850
20240209,10:56:58,1.05,600,297850
20240209,10:57:00,1.05,1800,297850
20240209,10:57:02,1.05,1800,297850
20240209,10:57:04,1.0,5400,297850
20240209,10:57:05,1.0,50,297850
20240209,10:57:06,1.0,1800,297850
20240209,10:57:08,1.05,1800,297850
20240209,10:57:10,1.05,1800,297850
20240209,10:57:11,1.0,1800,297850
20240209,10:57:12,1.05,1800,297850
20240209,10:57:15,1.05,1800,297850
20240209,10:57:17,1.05,3550,297850
20240209,10:57:18,1.05,1750,297850
20240209,10:57:19,1.05,50,297850
20240209,10:57:20,1.05,100,297850
20240209,10:57:21,1.05,150,297850
20240209,10:57:23,1.05,1800,297850
20240209,10:57:30,1.05,2400,297850
20240209,10:57:37,1.05,1800,297850
20240209,10:57:38,1.0,50,297850
20240209,10:57:50,1.05,50,297850
20240209,10:58:07,1.0,1800,297850
20240209,10:58:17,1.0,900,297850
20240209,10:58:20,1.0,1800,297850
20240209,10:58:21,1.0,1500,297850
20240209,10:58:22,1.0,6250,297850
20240209,10:58:23,1.0,100,297850
20240209,10:58:24,1.0,50,297850
20240209,10:58:28,0.95,200,297850
20240209,10:58:32,0.95,5450,297850
20240209,10:58:35,0.95,1800,312200
20240209,10:58:36,0.95,1500,312200
20240209,10:58:38,0.95,200,312200
20240209,10:58:43,0.95,50,312200
20240209,10:58:44,0.95,1800,312200
20240209,10:58:45,0.95,1800,312200
20240209,10:58:46,0.95,1000,312200
20240209,10:58:47,0.95,7750,312200
20240209,10:58:48,0.95,450,312200
20240209,10:58:56,0.95,1800,312200
20240209,10:58:57,0.95,1800,312200
20240209,10:59:00,0.95,1800,312200
20240209,10:59:02,0.95,4000,312200
20240209,10:59:07,0.9,1800,312200
20240209,10:59:11,0.9,1800,312200
20240209,10:59:13,0.95,5600,312200
20240209,10:59:15,0.95,1850,312200
20240209,10:59:16,0.95,1250,312200
20240209,10:59:18,0.95,1800,312200
20240209,10:59:19,1.0,1800,312200
20240209,10:59:23,1.0,1800,312200
20240209,10:59:46,0.95,1800,312200
20240209,10:59:49,1.0,50,312200
20240209,11:00:15,0.95,100,312200
20240209,11:00:19,1.0,50,312200
20240209,11:00:41,0.95,1800,312200
20240209,11:00:45,1.0,50,312200
20240209,11:00:55,0.95,1800,312200
20240209,11:00:58,0.95,350,312200
20240209,11:01:00,0.95,1800,312200
20240209,11:01:03,0.95,200,312200
20240209,11:01:05,0.95,50,312200
20240209,11:01:06,0.95,50,312200
20240209,11:01:22,0.95,250,312200
20240209,11:01:27,0.95,3600,312200
20240209,11:01:37,0.95,1800,312200
20240209,11:02:15,0.95,50,326700
20240209,11:03:08,0.95,1800,326700
20240209,11:03:19,1.0,50,326700
20240209,11:03:21,0.95,750,326700
20240209,11:03:33,1.0,50,326700
20240209,11:03:40,0.95,50,326700
20240209,11:03:58,0.95,400,326700
20240209,11:04:08,0.95,100,326700
20240209,11:04:29,0.9,1800,326700
20240209,11:04:39,0.95,1800,330350
20240209,11:04:40,0.95,4200,330350
20240209,11:04:56,0.95,21350,330350
20240209,11:04:58,1.0,1800,330350
20240209,11:05:13,0.95,550,330350
20240209,11:05:14,0.95,350,330350
20240209,11:05:15,1.0,5500,330350
20240209,11:05:16,1.0,3950,330350
20240209,11:05:18,1.0,100,330350
20240209,11:05:20,1.0,1200,330350
20240209,11:05:24,1.0,350,330350
20240209,11:05:26,1.0,1800,330350
20240209,11:05:32,0.95,50,330350
20240209,11:05:40,0.95,500,330350
20240209,11:05:41,0.95,1200,330350
20240209,11:05:44,0.95,6550,330350
20240209,11:05:59,0.95,50,330350
20240209,11:06:06,0.95,2000,330350
20240209,11:06:08,0.9,1800,330350
20240209,11:06:10,0.9,1800,330350
20240209,11:06:14,0.95,1500,330350
20240209,11:06:24,0.9,550,330350
20240209,11:06:29,0.9,1800,330350
20240209,11:06:41,0.9,50,330350
20240209,11:07:29,0.95,300,330350
20240209,11:08:10,0.95,250,336300
20240209,11:08:32,0.95,1850,336300
20240209,11:08:35,0.95,2500,336300
20240209,11:08:51,0.95,1800,336300
20240209,11:08:53,0.95,1800,336300
20240209,11:08:56,0.95,1800,336300
20240209,11:09:47,0.95,7200,336300
20240209,11:09:50,0.95,1800,336300
20240209,11:10:16,0.95,100,336300
20240209,11:10:17,0.95,150,336300
20240209,11:10:22,0.95,5200,336300
20240209,11:10:25,1.0,50,336300
20240209,11:10:28,1.0,50,336300
20240209,11:10:31,0.95,600,336300
20240209,11:11:00,1.0,50,337700
20240209,11:11:22,0.95,1800,337700
20240209,11:11:23,0.95,5700,337700
20240209,11:11:37,0.95,250,337700
20240209,11:11:43,0.95,750,337700
20240209,11:11:48,0.95,3950,337700
20240209,11:13:57,0.9,50,337900
20240209,11:14:39,0.95,50,337900
20240209,11:14:41,0.95,1800,337900
20240209,11:15:19,0.95,50,337900
20240209,11:15:26,0.95,1800,337900
20240209,11:15:27,0.95,1850,337900
20240209,11:15:28,1.0,50,337900
20240209,11:15:48,0.95,50,337900
20240209,11:16:12,0.95,250,337900
20240209,11:16:14,0.95,7200,337900
20240209,11:16:25,1.0,50,337900
20240209,11:16:53,0.95,4050,336900
20240209,11:17:01,0.95,50,336900
20240209,11:17:16,0.95,50,336900
20240209,11:17:32,0.95,100,336900
20240209,11:17:45,0.95,900,336900
20240209,11:18:00,0.95,50,336900
20240209,11:18:36,0.95,50,336900
20240209,11:18:47,0.95,1800,336900
20240209,11:18:49,0.95,9100,336900
20240209,11:19:23,0.95,1800,336900
20240209,11:20:27,1.0,50,336900
20240209,11:20:38,1.0,200,336350
20240209,11:20:54,0.95,500,336350
20240209,11:22:18,0.95,900,336350
20240209,11:22:23,0.95,900,336350
20240209,11:22:24,0.95,750,336350
20240209,11:22:28,0.95,1800,336350
20240209,11:22:29,0.95,50,336350
20240209,11:22:30,0.95,4250,336350
20240209,11:22:31,0.95,50,336350
20240209,11:22:32,1.0,50,336350
20240209,11:22:46,0.95,700,337400
20240209,11:23:05,0.95,1800,337400
20240209,11:23:07,0.95,1800,337400
20240209,11:23:08,0.95,1800,337400
20240209,11:23:19,0.95,50,337400
20240209,11:23:36,0.95,50,337400
20240209,11:23:56,0.95,50,337400
20240209,11:23:57,0.95,50,337400
20240209,11:25:01,1.0,50,337400
20240209,11:25:10,0.95,50,337400
20240209,11:26:29,0.95,1950,336400
20240209,11:26:30,0.95,250,336400
20240209,11:26:31,0.95,300,336400
20240209,11:26:32,0.95,300,336400
20240209,11:26:33,0.95,250,336400
20240209,11:26:34,0.95,350,336400
20240209,11:26:35,0.95,300,336400
20240209,11:26:36,0.95,200,336400
20240209,11:26:37,0.95,250,336400
20240209,11:26:38,0.95,150,336400
20240209,11:26:41,0.95,1800,336400
20240209,11:27:12,0.95,50,336400
20240209,11:27:23,0.95,50,336400
20240209,11:27:26,1.0,50,336400
20240209,11:27:47,1.0,50,336400
20240209,11:28:40,1.0,50,338850
20240209,11:28:56,1.0,50,338850
20240209,11:29:02,0.95,1150,338850
20240209,11:29:42,0.95,50,338850
20240209,11:29:58,0.95,50,338850
20240209,11:30:29,0.95,50,338850
20240209,11:30:50,0.95,3200,338850
20240209,11:30:51,0.95,7200,338850
20240209,11:30:52,0.95,100,338850
20240209,11:30:53,0.95,1900,338850
20240209,11:31:22,0.95,50,338850
20240209,11:31:32,0.95,250,338850
20240209,11:31:34,0.95,1800,338850
20240209,11:31:35,0.95,1800,338850
20240209,11:31:36,0.95,1800,338850
20240209,11:31:37,0.95,4300,338850
20240209,11:31:38,0.95,10000,340850
20240209,11:31:40,1.0,100,340850
20240209,11:32:26,0.95,1800,340850
20240209,11:32:27,0.95,4250,340850
20240209,11:32:28,0.95,50,340850
20240209,11:32:31,0.95,100,340850
20240209,11:32:32,0.95,50,340850
20240209,11:32:35,0.95,450,340850
20240209,11:32:39,0.95,50,340850
20240209,11:32:47,0.9,50,340850
20240209,11:32:48,0.95,4350,340850
20240209,11:32:50,0.95,50,340850
20240209,11:32:53,0.95,50,340850
20240209,11:33:03,1.0,50,340850
20240209,11:33:26,0.95,1800,340850
20240209,11:33:27,0.95,950,340850
20240209,11:33:49,0.95,50,340850
20240209,11:34:20,0.95,50,340850
20240209,11:35:28,0.95,50,340850
20240209,11:36:04,0.9,50,340200
20240209,11:36:06,0.9,200,340200
20240209,11:36:24,0.9,200,340200
20240209,11:36:32,0.9,950,340200
20240209,11:37:35,0.9,550,340200
20240209,11:38:20,0.95,500,340200
20240209,11:38:23,0.9,900,340200
20240209,11:38:48,0.9,50,340200
20240209,11:38:54,0.9,200,340200
20240209,11:38:56,0.9,200,340200
20240209,11:38:57,0.9,900,340200
20240209,11:39:06,0.9,50,340200
20240209,11:39:58,0.9,200,340200
20240209,11:39:58,0.9,1500,340200
20240209,11:40:00,0.9,550,340200
20240209,11:40:04,0.9,550,340200
20240209,11:40:13,0.95,50,340200
20240209,11:40:21,0.9,150,340200
20240209,11:40:52,0.95,100,340200
20240209,11:40:53,0.95,300,340200
20240209,11:40:54,0.95,10800,340200
20240209,11:40:55,0.95,100,340200
20240209,11:40:57,0.95,900,340200
20240209,11:41:00,0.95,900,340200
20240209,11:41:01,0.9,50,340200
20240209,11:41:02,0.95,850,340200
20240209,11:41:15,0.95,1600,340200
20240209,11:41:57,0.9,50,340200
20240209,11:42:09,0.95,50,340200
20240209,11:42:54,0.95,1650,340200
20240209,11:43:03,0.95,50,340200
20240209,11:43:30,0.95,100,340200
20240209,11:43:40,0.95,50,340200
20240209,11:43:44,0.9,50,343900
20240209,11:43:56,0.9,50,343900
20240209,11:44:05,0.9,900,343900
20240209,11:44:23,0.95,50,343900
20240209,11:44:24,0.95,50,343900
20240209,11:45:18,0.9,2000,343900
20240209,11:45:22,0.95,1800,343900
20240209,11:45:23,0.95,1800,343900
20240209,11:45:24,0.95,3600,343900
20240209,11:45:25,0.95,2950,343900
20240209,11:45:26,0.95,350,343900
20240209,11:45:27,0.95,300,343900
20240209,11:45:28,0.95,200,343900
20240209,11:45:32,1.0,350,343900
20240209,11:45:37,0.95,2800,343900
20240209,11:46:09,1.0,50,343900
20240209,11:46:10,0.95,7500,343900
20240209,11:46:11,0.95,50,343900
20240209,11:46:12,0.95,50,343900
20240209,11:46:17,0.95,50,343900
20240209,11:47:26,0.9,900,343900
20240209,11:47:26,0.9,900,339700
20240209,11:47:28,0.95,1800,339700
20240209,11:47:33,0.95,100,339700
20240209,11:47:38,0.95,50,339700
20240209,11:47:41,0.95,300,339700
20240209,11:47:45,0.95,1800,339700
20240209,11:47:46,0.95,6800,339700
20240209,11:47:47,0.95,50,339700
20240209,11:48:14,0.95,1800,339700
20240209,11:48:14,0.95,50,339700
20240209,11:48:15,0.95,3000,339700
20240209,11:48:20,0.95,250,339700
20240209,11:48:39,0.95,50,339700
20240209,11:49:04,0.95,300,339700
20240209,11:49:08,0.95,50,339700
20240209,11:49:12,0.9,200,339700
20240209,11:49:13,0.95,250,339700
20240209,11:49:15,0.95,250,339700
20240209,11:49:17,0.95,1800,339700
20240209,11:49:17,0.95,3600,339700
20240209,11:49:18,0.95,2250,339700
20240209,11:49:24,0.95,200,339700
20240209,11:49:25,0.95,50,339700
20240209,11:49:27,0.95,1500,339700
20240209,11:49:28,0.95,2150,339700
20240209,11:49:38,0.95,50,339700
20240209,11:49:39,0.95,2150,339700
20240209,11:49:40,0.9,900,339700
20240209,11:49:44,0.9,900,341050
20240209,11:49:45,0.95,250,341050
20240209,11:49:47,0.9,950,341050
20240209,11:49:50,0.9,200,341050
20240209,11:49:53,0.9,200,341050
20240209,11:49:59,0.95,50,341050
20240209,11:50:01,0.9,850,341050
20240209,11:50:02,0.95,50,341050
20240209,11:50:18,0.9,200,341050
20240209,11:50:20,0.9,200,341050
20240209,11:50:24,0.95,250,341050
20240209,11:50:25,0.95,900,341050
20240209,11:50:26,0.9,900,341050
20240209,11:50:30,0.9,200,341050
20240209,11:50:32,0.9,900,341050
20240209,11:50:38,0.9,200,341050
20240209,11:50:40,0.9,200,341050
20240209,11:50:41,0.95,5750,341050
20240209,11:51:00,0.9,200,341050
20240209,11:51:05,0.95,50,341050
20240209,11:51:28,0.9,200,341050
20240209,11:51:29,0.9,200,341050
20240209,11:52:02,0.9,850,341050
20240209,11:52:06,0.9,900,341050
20240209,11:52:09,0.9,550,341050
20240209,11:52:12,0.9,550,341050
20240209,11:52:40,0.9,200,341050
20240209,11:52:42,0.9,100,337100
20240209,11:53:18,0.9,50,337100
20240209,11:53:22,0.95,50,337100
20240209,11:53:25,0.9,2950,337100
20240209,11:53:59,0.95,200,337100
20240209,11:54:04,0.95,100,337100
20240209,11:54:12,0.95,50,337100
20240209,11:54:12,0.95,3000,337100
20240209,11:54:13,0.95,50,337100
20240209,11:54:20,0.95,100,337100
20240209,11:55:10,0.9,550,337100
20240209,11:56:00,0.95,250,337100
20240209,11:57:37,0.9,1850,335700
20240209,11:57:51,0.9,900,335700
20240209,11:59:15,0.95,100,335700
20240209,11:59:38,0.9,400,335400
20240209,12:01:34,0.9,100,335400
20240209,12:01:35,0.9,100,335400
20240209,12:01:36,0.9,450,335400
20240209,12:01:40,0.9,50,335400
20240209,12:01:41,0.9,700,335400
20240209,12:01:46,0.9,500,334750
20240209,12:01:57,0.9,1000,334750
20240209,12:02:10,0.95,500,334750
20240209,12:02:16,0.95,100,334750
20240209,12:02:21,0.95,200,334750
20240209,12:02:27,0.9,250,334750
20240209,12:02:28,0.95,200,334750
20240209,12:02:35,0.95,100,334750
20240209,12:02:37,0.95,100,334750
20240209,12:02:39,0.95,200,334750
20240209,12:02:43,0.9,100,334750
20240209,12:02:52,0.95,200,334750
20240209,12:02:54,0.95,100,334750
20240209,12:02:56,0.95,100,334750
20240209,12:02:57,0.95,100,334750
20240209,12:02:59,0.95,350,334750
20240209,12:03:03,0.95,200,334750
20240209,12:03:06,0.95,200,334750
20240209,12:03:08,0.95,100,334750
20240209,12:03:10,0.95,250,334750
20240209,12:03:40,0.95,100,334750
20240209,12:04:00,0.95,200,334750
20240209,12:04:08,0.95,200,334750
20240209,12:04:10,0.95,300,334750
20240209,12:04:45,0.9,50,334750
20240209,12:05:29,0.9,200,334750
20240209,12:05:31,0.9,550,334750
20240209,12:05:40,0.9,50,334750
20240209,12:06:09,0.9,200,334750
20240209,12:06:17,0.95,50,334750
20240209,12:07:54,0.9,550,334300
20240209,12:08:13,0.9,550,334300
20240209,12:08:23,0.95,50,334300
20240209,12:08:39,0.9,1000,334300
20240209,12:09:02,0.9,200,334300
20240209,12:09:25,0.95,500,334300
20240209,12:09:34,0.95,200,334300
20240209,12:09:38,0.9,200,334300
20240209,12:11:04,0.95,300,332900
20240209,12:11:19,0.95,200,332900
20240209,12:11:21,0.95,100,332900
20240209,12:11:22,0.95,200,332900
20240209,12:11:47,0.95,200,332900
20240209,12:11:49,0.95,350,332900
20240209,12:12:13,0.95,350,332900
20240209,12:12:51,0.95,350,332900
20240209,12:12:59,0.95,100,332900
20240209,12:13:00,0.95,50,332900
20240209,12:13:01,0.95,250,332900
20240209,12:13:07,0.9,100,332900
20240209,12:13:11,0.95,450,332900
20240209,12:13:20,0.95,50,332900
20240209,12:13:54,0.95,50,332900
20240209,12:14:06,0.95,200,332900
20240209,12:14:08,0.95,200,332900
20240209,12:14:14,0.95,300,332900
20240209,12:14:16,0.95,550,332900
20240209,12:14:36,0.95,1300,332900
20240209,12:14:51,0.95,1800,332900
20240209,12:15:10,0.95,550,332900
20240209,12:15:12,0.95,550,332900
20240209,12:15:14,0.95,550,332900
20240209,12:15:16,0.95,2000,332900
20240209,12:15:17,0.95,1600,332900
20240209,12:15:18,0.95,550,332900
20240209,12:15:19,0.95,550,332900
20240209,12:15:34,0.95,550,332900
20240209,12:15:36,0.95,200,332900
20240209,12:15:40,0.95,200,332900
20240209,12:15:44,0.95,200,332900
20240209,12:15:44,0.95,50,332900
20240209,12:15:46,0.95,550,332900
20240209,12:15:51,0.95,600,332900
20240209,12:15:58,0.95,750,332900
20240209,12:15:59,0.95,500,332900
20240209,12:16:02,0.95,3500,332900
20240209,12:16:02,0.95,1800,332900
20240209,12:16:03,0.95,3500,332900
20240209,12:16:04,0.95,200,332900
20240209,12:16:05,0.95,350,332900
20240209,12:16:06,0.95,300,332900
20240209,12:16:07,0.95,300,332900
20240209,12:16:08,0.95,300,332900
20240209,12:16:09,0.95,350,332900
20240209,12:16:10,0.95,250,332900
20240209,12:16:11,0.95,250,332900
20240209,12:16:12,0.95,400,332900
20240209,12:16:13,0.95,300,332900
20240209,12:16:14,0.95,250,332900
20240209,12:16:15,0.95,250,332900
20240209,12:16:16,0.95,300,332900
20240209,12:16:17,0.95,350,332900
20240209,12:16:18,0.95,300,332900
20240209,12:16:19,0.95,300,332900
20240209,12:16:20,0.95,250,332900
20240209,12:16:21,0.95,250,332900
20240209,12:16:22,0.95,300,332900
20240209,12:16:23,0.95,400,332900
20240209,12:16:24,0.95,250,332900
20240209,12:16:25,0.95,300,332900
20240209,12:16:26,0.95,300,332900
20240209,12:16:27,0.95,300,332900
20240209,12:16:28,0.95,250,332900
20240209,12:16:29,0.95,300,332900
20240209,12:16:30,0.95,300,332900
20240209,12:16:31,0.95,300,332900
20240209,12:16:32,0.95,350,332900
20240209,12:16:33,0.95,450,332900
20240209,12:16:34,0.9,50,332900
20240209,12:16:35,0.95,100,332900
20240209,12:16:36,0.95,50,332900
20240209,12:16:40,0.95,50,332900
20240209,12:16:41,0.95,50,332900
20240209,12:16:42,0.95,100,332900
20240209,12:16:43,0.95,100,332900
20240209,12:16:46,0.95,100,339400
20240209,12:16:47,0.95,50,339400
20240209,12:17:03,0.95,200,339400
20240209,12:17:23,0.95,1800,339400
20240209,12:17:27,0.95,1800,339400
20240209,12:18:12,0.9,50,339400
20240209,12:18:16,0.95,2200,339400
20240209,12:18:18,0.95,1000,339400
20240209,12:18:18,0.95,300,339400
20240209,12:18:19,0.95,400,339400
20240209,12:18:20,0.95,300,339400
20240209,12:18:21,0.95,250,339400
20240209,12:18:22,0.95,300,339400
20240209,12:18:23,0.95,2100,339400
20240209,12:18:24,0.95,250,339400
20240209,12:18:25,0.95,350,339400
20240209,12:18:26,0.95,200,339400
20240209,12:18:33,0.95,50,339400
20240209,12:18:35,0.95,50,339400
20240209,12:19:02,1.0,50,339400
20240209,12:20:04,1.0,50,339400
20240209,12:20:05,0.95,600,342000
20240209,12:20:08,0.95,200,342000
20240209,12:20:09,0.95,550,342000
20240209,12:20:18,0.95,550,342000
20240209,12:20:23,0.95,1800,342000
20240209,12:20:23,0.95,100,342000
20240209,12:20:57,0.9,200,342000
20240209,12:21:02,0.9,200,342000
20240209,12:21:03,0.9,550,342000
20240209,12:21:18,0.9,200,342000
20240209,12:21:27,0.9,200,342000
20240209,12:21:29,0.9,200,342000
20240209,12:21:31,0.9,200,342000
20240209,12:21:48,0.95,50,342000
20240209,12:21:55,0.9,200,342000
20240209,12:22:07,0.9,200,342000
20240209,12:22:14,0.9,200,342000
20240209,12:22:16,0.9,200,342000
20240209,12:22:27,0.9,850,342000
20240209,12:22:33,0.9,200,342000
20240209,12:22:36,0.9,200,342000
20240209,12:22:40,0.9,200,342000
20240209,12:22:44,0.9,200,342000
20240209,12:22:49,0.9,200,342000
20240209,12:22:50,0.9,150,342000
20240209,12:22:55,0.9,50,342000
20240209,12:22:58,0.9,200,342000
20240209,12:23:07,0.9,550,342000
20240209,12:23:13,0.9,200,342000
20240209,12:23:15,0.9,550,342000
20240209,12:23:18,0.9,200,342000
20240209,12:23:19,0.9,550,342000
20240209,12:23:21,0.9,150,342000
20240209,12:23:27,0.9,9150,342000
20240209,12:23:27,0.9,50,342000
20240209,12:23:28,0.9,50,342000
20240209,12:24:09,0.9,50,342000
20240209,12:26:07,0.9,50,342000
20240209,12:26:12,0.9,1800,342000
20240209,12:26:13,0.9,1750,342000
20240209,12:26:54,0.9,50,342000
20240209,12:27:37,0.9,150,342000
20240209,12:27:38,0.9,5400,342000
20240209,12:27:39,0.9,2550,342000
20240209,12:27:45,0.9,50,342000
20240209,12:29:26,0.9,1000,342000
20240209,12:29:26,0.9,1500,342000
20240209,12:29:27,0.9,3000,342000
20240209,12:29:28,0.9,5000,342000
20240209,12:29:29,0.85,500,342000
20240209,12:29:32,0.85,300,342000
20240209,12:29:34,0.9,100,342000
20240209,12:30:09,0.9,250,342000
20240209,12:30:26,0.9,250,342000
20240209,12:30:28,0.9,2150,342000
20240209,12:30:28,0.9,200,342000
20240209,12:30:29,0.9,3500,342000
20240209,12:30:30,0.9,2500,342000
20240209,12:30:31,0.9,4000,342000
20240209,12:30:32,0.9,4450,342000
20240209,12:30:33,0.85,500,342000
20240209,12:30:39,0.9,9150,342000
20240209,12:30:40,0.9,2500,342000
20240209,12:30:41,0.9,2500,342000
20240209,12:30:42,0.9,2500,342000
20240209,12:30:43,0.85,2300,342000
20240209,12:30:46,0.9,1800,342000
20240209,12:30:48,0.9,1800,342000
20240209,12:31:05,0.85,50,342000
20240209,12:32:18,0.9,200,374000
20240209,12:32:27,0.9,100,374000
20240209,12:32:30,0.9,50,374000
20240209,12:32:32,0.9,300,374000
20240209,12:32:34,0.9,100,374000
20240209,12:32:35,0.9,200,374000
20240209,12:32:37,0.9,100,374000
20240209,12:32:39,0.9,100,374000
20240209,12:32:40,0.9,350,374000
20240209,12:32:46,0.9,100,374000
20240209,12:32:47,0.9,100,374000
20240209,12:32:49,0.9,200,374000
20240209,12:33:03,0.9,1800,374000
20240209,12:33:03,0.9,3600,374000
20240209,12:33:04,0.9,3000,374000
20240209,12:33:05,0.9,3550,374000
20240209,12:33:06,0.9,1300,374000
20240209,12:33:07,0.85,200,374000
20240209,12:33:09,0.9,1500,374000
20240209,12:33:18,0.85,200,374000
20240209,12:33:22,0.9,2350,374000
20240209,12:33:22,0.9,1500,374000
20240209,12:33:35,0.85,600,374000
20240209,12:33:47,0.85,50,374000
20240209,12:33:51,0.85,200,374000
20240209,12:33:53,0.9,300,374000
20240209,12:34:37,0.85,50,374000
20240209,12:35:18,0.85,50,385700
20240209,12:35:21,0.85,50,385700
20240209,12:35:35,0.85,50,385700
20240209,12:35:39,0.9,50,385700
20240209,12:35:43,0.9,50,385700
20240209,12:37:43,0.9,200,385700
20240209,12:37:45,0.9,100,385700
20240209,12:37:47,0.9,200,385700
20240209,12:37:49,0.9,100,385700
20240209,12:37:51,0.9,350,385700
20240209,12:37:53,0.9,100,385700
20240209,12:37:54,0.9,200,385700
20240209,12:37:58,0.9,200,385700
20240209,12:38:08,0.9,100,385700
20240209,12:38:09,0.9,100,385700
20240209,12:38:11,0.9,200,385700
20240209,12:38:19,0.9,100,385700
20240209,12:38:24,0.9,100,385700
20240209,12:38:44,0.9,350,385700
20240209,12:39:03,0.85,550,385700
20240209,12:39:27,0.9,350,385700
20240209,12:39:44,0.9,350,385700
20240209,12:39:56,0.85,50,385700
20240209,12:40:39,0.9,100,385700
20240209,12:40:42,0.9,100,385700
20240209,12:40:44,0.9,100,385700
20240209,12:40:49,0.9,100,385700
20240209,12:40:53,0.9,100,385700
20240209,12:40:54,0.9,50,385700
20240209,12:40:55,0.9,100,385700
20240209,12:40:57,0.9,100,385700
20240209,12:40:59,0.9,200,385700
20240209,12:41:11,0.9,100,385700
20240209,12:41:21,0.9,100,385700
20240209,12:41:24,0.9,100,385700
20240209,12:42:08,0.85,2500,385700
20240209,12:42:09,0.85,2000,385700
20240209,12:42:10,0.85,2500,385700
20240209,12:42:11,0.85,2500,385700
20240209,12:42:12,0.85,2500,385700
20240209,12:42:13,0.85,2500,385700
20240209,12:42:14,0.85,2500,385700
20240209,12:42:15,0.85,2500,385700
20240209,12:42:16,0.85,4800,385700
20240209,12:42:17,0.85,14600,385700
20240209,12:42:18,0.8,300,385700
20240209,12:42:27,0.85,1500,385700
20240209,12:42:51,0.85,50,385700
20240209,12:42:53,0.85,1500,385700
20240209,12:42:55,0.85,1500,385700
20240209,12:42:56,0.85,1500,385700
20240209,12:42:58,0.85,1500,385700
20240209,12:42:59,0.85,1800,385700
20240209,12:43:00,0.85,5950,385700
20240209,12:43:01,0.85,2400,385700
20240209,12:43:02,0.85,3900,385700
20240209,12:43:03,0.85,3550,385700
20240209,12:43:04,0.85,3000,385700
20240209,12:43:05,0.85,3000,385700
20240209,12:43:06,0.85,2200,385700
20240209,12:43:07,0.8,500,385700
20240209,12:43:30,0.85,1800,385700
20240209,12:43:40,0.85,100,385700
20240209,12:43:41,0.85,1500,385700
20240209,12:43:43,0.85,1500,385700
20240209,12:44:11,0.85,1800,417300
20240209,12:44:17,0.85,1800,417300
20240209,12:44:18,0.85,1800,417300
20240209,12:44:19,0.85,1800,417300
20240209,12:44:20,0.85,1350,417300
20240209,12:44:21,0.85,3500,417300
20240209,12:44:22,0.85,3000,417300
20240209,12:44:26,0.85,3000,417300
20240209,12:44:27,0.85,700,417300
20240209,12:44:28,0.85,350,417300
20240209,12:44:33,0.85,50,417300
20240209,12:44:43,0.85,50,417300
20240209,12:44:57,0.85,250,417300
20240209,12:45:10,0.85,250,417300
20240209,12:45:15,0.85,11500,417300
20240209,12:45:15,0.85,1000,417300
20240209,12:45:34,0.85,1800,417300
20240209,12:45:35,0.85,1800,417300
20240209,12:46:03,0.85,200,417300
20240209,12:46:05,0.9,100,417300
20240209,12:46:12,0.85,200,417300
20240209,12:46:14,0.85,200,417300
20240209,12:46:15,0.85,550,417300
20240209,12:46:17,0.85,550,417300
20240209,12:46:23,0.85,800,417300
20240209,12:46:24,0.85,50,417300
20240209,12:47:01,0.8,50,430000
20240209,12:47:10,0.85,200,430000
20240209,12:47:15,0.85,1500,430000
20240209,12:47:16,0.85,300,430000
20240209,12:47:17,0.8,1600,430000
20240209,12:47:21,0.8,50,430000
20240209,12:47:43,0.8,300,430000
20240209,12:47:55,0.85,250,430000
20240209,12:48:06,0.8,950,430000
20240209,12:48:28,0.8,200,430000
20240209,12:48:30,0.8,550,430000
20240209,12:48:31,0.85,50,430000
20240209,12:48:32,0.85,250,430000
20240209,12:48:39,0.85,50,430000
20240209,12:48:43,0.8,50,430000
20240209,12:48:46,0.8,750,430000
20240209,12:48:48,0.8,150,430000
20240209,12:48:50,0.8,300,430000
20240209,12:48:57,0.85,250,430000
20240209,12:49:00,0.85,300,430000
20240209,12:49:09,0.85,250,430000
20240209,12:49:34,0.85,50,430000
20240209,12:49:35,0.85,12900,430000
20240209,12:49:42,0.85,350,430000
20240209,12:49:52,0.85,300,430050
20240209,12:50:38,0.9,50,430050
20240209,12:50:59,0.9,200,430050
20240209,12:51:01,0.9,150,430050
20240209,12:51:26,0.9,50,430050
20240209,12:52:18,0.85,1800,430050
20240209,12:53:25,0.85,50,430050
20240209,12:54:14,0.9,1300,430050
20240209,12:55:54,0.85,5750,430050
20240209,12:55:55,0.85,100,430050
20240209,12:55:57,0.85,50,430050
20240209,12:55:58,0.85,700,430050
20240209,12:56:02,0.85,850,430050
20240209,12:56:04,0.85,50,430050
20240209,12:56:05,0.85,100,430050
20240209,12:56:20,0.85,250,430050
20240209,12:56:42,0.85,350,430050
20240209,12:56:44,0.85,100,430050
20240209,12:56:45,0.85,350,430050
20240209,12:56:47,0.85,200,430050
20240209,12:56:49,0.85,100,430050
20240209,12:56:52,0.85,200,430050
20240209,12:56:56,0.85,200,430050
20240209,12:57:02,0.85,100,430050
20240209,12:57:04,0.85,100,430050
20240209,12:57:06,0.85,9050,430050
20240209,12:57:21,0.9,50,430050
20240209,12:57:23,0.85,1500,430050
20240209,12:57:55,0.85,50,430050
20240209,12:57:58,0.85,550,430050
20240209,12:57:59,0.85,250,430050
20240209,12:58:00,0.85,950,430050
20240209,12:58:01,0.85,4700,430050
20240209,12:58:23,0.85,1800,430050
20240209,12:58:24,0.85,1800,430050
20240209,12:58:25,0.85,1800,430050
20240209,12:58:26,0.85,1800,430050
20240209,12:58:28,0.85,1800,430050
20240209,12:59:35,0.85,650,430050
20240209,12:59:53,0.8,16200,430000
20240209,12:59:55,0.85,500,430000
20240209,13:00:14,0.8,100,430000
20240209,13:00:29,0.85,50,430000
20240209,13:00:37,0.85,600,430000
20240209,13:00:39,0.85,600,430000
20240209,13:00:40,0.85,600,430000
20240209,13:00:52,0.85,50,430000
20240209,13:01:19,0.85,50,430000
20240209,13:02:34,0.8,50,430000
20240209,13:03:29,0.85,50,430800
20240209,13:05:57,0.85,50,430850
20240209,13:06:04,0.8,200,430850
20240209,13:06:18,0.85,50,430850
20240209,13:06:33,0.85,1800,430850
20240209,13:06:54,0.85,100,430850
20240209,13:07:13,0.85,50,430850
20240209,13:07:24,0.85,50,430850
20240209,13:08:12,0.85,1800,432100
20240209,13:08:12,0.8,50,432100
20240209,13:08:59,0.8,200,432100
20240209,13:09:32,0.85,50,432100
20240209,13:11:15,0.8,50,432600
20240209,13:11:31,0.85,900,432600
20240209,13:13:39,0.8,50,432600
20240209,13:14:20,0.8,50,433500
20240209,13:14:38,0.8,50,433500
20240209,13:14:40,0.85,150,433500
20240209,13:14:45,0.8,50,433500
20240209,13:15:50,0.85,50,433500
20240209,13:16:14,0.85,50,433500
20240209,13:16:54,0.8,300,433500
20240209,13:18:09,0.85,50,433750
20240209,13:18:25,0.8,250,433750
20240209,13:18:36,0.8,1500,433750
20240209,13:18:58,0.8,250,433750
20240209,13:18:59,0.85,1800,433750
20240209,13:19:22,0.85,350,433750
20240209,13:19:27,0.85,100,433750
20240209,13:19:28,0.8,50,433750
20240209,13:19:29,0.85,100,433750
20240209,13:19:30,0.85,100,433750
20240209,13:19:32,0.85,350,433750
20240209,13:19:36,0.85,100,433750
20240209,13:19:39,0.85,350,433750
20240209,13:19:42,0.85,100,433750
20240209,13:19:43,0.85,300,433750
20240209,13:19:46,0.85,100,433750
20240209,13:19:47,0.85,100,433750
20240209,13:19:49,0.85,350,433750
20240209,13:19:53,0.8,250,433750
20240209,13:19:57,0.85,100,436400
20240209,13:19:58,0.8,250,436400
20240209,13:19:59,0.85,650,436400
20240209,13:20:01,0.85,300,436400
20240209,13:20:03,0.85,100,436400
20240209,13:20:12,0.85,400,436400
20240209,13:20:16,0.8,250,436400
20240209,13:20:23,0.85,100,436400
20240209,13:20:27,0.85,100,436400
20240209,13:20:29,0.85,200,436400
20240209,13:20:33,0.8,50,436400
20240209,13:20:38,0.8,50,436400
20240209,13:20:42,0.8,50,436400
20240209,13:20:44,0.8,250,436400
20240209,13:20:49,0.85,500,436400
20240209,13:20:50,0.85,100,436400
20240209,13:20:51,0.8,250,436400
20240209,13:20:52,0.85,100,436400
20240209,13:20:54,0.85,100,436400
20240209,13:20:55,0.85,100,436400
20240209,13:21:01,0.85,100,436400
20240209,13:21:12,0.85,200,436400
20240209,13:21:13,0.85,100,436400
20240209,13:21:17,0.85,200,436400
20240209,13:21:21,0.85,350,436400
20240209,13:21:54,0.85,1800,436400
20240209,13:22:30,0.8,1800,436400
20240209,13:22:37,0.85,50,436400
20240209,13:23:43,0.85,50,436400
20240209,13:24:06,0.8,50,438200
20240209,13:24:17,0.85,50,438200
20240209,13:24:31,0.8,50,438200
20240209,13:24:42,0.8,50,438200
20240209,13:25:02,0.8,50,438200
20240209,13:25:44,0.85,50,438200
20240209,13:25:50,0.85,1800,438200
20240209,13:26:05,0.8,250,438200
20240209,13:26:06,0.8,350,438200
20240209,13:26:09,0.8,250,438200
20240209,13:26:30,0.8,100,438200
20240209,13:26:51,0.8,200,438200
20240209,13:26:53,0.8,550,438200
20240209,13:26:55,0.8,200,438200
20240209,13:27:00,0.8,200,438200
20240209,13:27:02,0.8,550,438200
20240209,13:27:06,0.8,550,438200
20240209,13:27:09,0.8,200,438200
20240209,13:27:11,0.8,200,438200
20240209,13:27:14,0.8,1800,438200
20240209,13:27:23,0.8,50,438200
20240209,13:27:23,0.8,100,438200
20240209,13:27:25,0.8,850,438200
20240209,13:27:30,0.8,100,438200
20240209,13:27:33,0.8,200,438200
20240209,13:27:46,0.8,1800,438200
20240209,13:27:51,0.85,1700,438200
20240209,13:27:52,0.8,5400,438200
20240209,13:28:00,0.8,200,438200
20240209,13:28:12,0.8,200,438200
20240209,13:28:18,0.8,50,438200
20240209,13:28:19,0.8,100,438200
20240209,13:28:28,0.8,650,438200
20240209,13:28:34,0.8,50,438200
20240209,13:28:44,0.8,50,438200
20240209,13:28:47,0.8,50,438200
20240209,13:28:53,0.8,3700,434900
20240209,13:28:54,0.8,1800,434900
20240209,13:28:56,0.8,3150,434900
20240209,13:29:01,0.8,10950,434900
20240209,13:29:03,0.8,550,434900
20240209,13:29:04,0.8,50,434900
20240209,13:29:11,0.8,400,434900
20240209,13:29:54,0.75,100,434900
20240209,13:31:49,0.75,200,434900
20240209,13:31:58,0.8,50,434900
20240209,13:32:01,0.8,25850,438700
20240209,13:32:02,0.8,300,438700
20240209,13:32:03,0.8,50,438700
20240209,13:32:04,0.8,50,438700
20240209,13:32:11,0.85,100,438700
20240209,13:32:12,0.85,100,438700
20240209,13:32:13,0.8,50,438700
20240209,13:32:14,0.85,350,438700
20240209,13:32:15,0.85,2500,438700
20240209,13:32:16,0.85,100,438700
20240209,13:32:19,0.85,300,438700
20240209,13:32:22,0.8,300,438700
20240209,13:32:24,0.8,100,438700
20240209,13:32:25,0.85,100,438700
20240209,13:32:27,0.85,350,438700
20240209,13:32:29,0.85,400,438700
20240209,13:32:30,0.85,150,438700
20240209,13:32:32,0.85,950,438700
20240209,13:32:34,0.85,850,438700
20240209,13:32:36,0.85,550,438700
20240209,13:32:38,0.85,200,438700
20240209,13:32:39,0.85,200,438700
20240209,13:32:41,0.85,200,438700
20240209,13:32:43,0.85,200,438700
20240209,13:32:44,0.85,200,438700
20240209,13:32:46,0.85,200,438700
20240209,13:32:49,0.85,550,438700
20240209,13:32:50,0.85,550,438700
20240209,13:32:52,0.85,900,438700
20240209,13:33:10,0.85,550,438700
20240209,13:33:13,0.85,550,438700
20240209,13:33:16,0.85,850,438700
20240209,13:33:18,0.85,850,438700
20240209,13:33:20,0.85,200,438700
20240209,13:33:22,0.85,200,438700
20240209,13:33:23,0.85,200,438700
20240209,13:33:25,0.85,550,438700
20240209,13:33:42,0.85,200,438700
20240209,13:33:46,0.85,250,438700
20240209,13:34:04,0.85,250,438700
20240209,13:34:18,0.8,1800,438700
20240209,13:34:19,0.8,3600,438700
20240209,13:34:20,0.8,700,438700
20240209,13:35:07,0.8,250,438700
20240209,13:35:26,0.8,500,443100
20240209,13:35:27,0.8,600,443100
20240209,13:36:04,0.75,1800,443100
20240209,13:36:21,0.8,50,443100
20240209,13:36:33,0.75,50,443100
20240209,13:36:51,0.8,150,443100
20240209,13:37:13,0.8,50,443100
20240209,13:37:18,0.75,1500,443100
20240209,13:37:21,0.75,1800,443100
20240209,13:37:51,0.8,50,443100
20240209,13:38:06,0.75,3600,443100
20240209,13:38:06,0.75,500,446700
20240209,13:38:11,0.8,900,446700
20240209,13:38:33,0.75,2500,446700
20240209,13:39:53,0.75,1800,446700
20240209,13:40:27,0.8,50,446700
20240209,13:40:35,0.75,50,446700
20240209,13:43:07,0.75,3600,446700
20240209,13:43:09,0.75,1800,452100
20240209,13:43:24,0.75,100,452100
20240209,13:43:25,0.75,100,452100
20240209,13:43:26,0.75,100,452100
20240209,13:43:27,0.75,100,452100
20240209,13:43:28,0.75,100,452100
20240209,13:43:29,0.75,4250,452100
20240209,13:43:30,0.75,800,452100
20240209,13:43:32,0.75,400,452100
20240209,13:43:33,0.75,100,452100
20240209,13:43:40,0.75,300,452100
20240209,13:44:03,0.75,5400,461100
20240209,13:44:05,0.75,400,461100
20240209,13:44:08,0.75,50,461100
20240209,13:44:09,0.75,100,461100
20240209,13:44:10,0.75,250,461100
20240209,13:44:26,0.75,50,461100
20240209,13:44:41,0.75,4150,461100
20240209,13:44:42,0.75,8950,461100
20240209,13:44:45,0.7,1950,461100
20240209,13:45:07,0.7,100,461100
20240209,13:45:48,0.7,200,461100
20240209,13:45:50,0.7,200,461100
20240209,13:45:56,0.7,200,461100
20240209,13:45:58,0.7,200,461100
20240209,13:46:00,0.7,200,461100
20240209,13:46:22,0.7,850,461100
20240209,13:46:35,0.7,200,461100
20240209,13:46:39,0.7,200,461100
20240209,13:46:57,0.7,200,461100
20240209,13:47:07,0.7,850,462150
20240209,13:47:10,0.7,550,462150
20240209,13:47:13,0.7,200,462150
20240209,13:47:14,0.7,200,462150
20240209,13:47:15,0.7,200,462150
20240209,13:47:17,0.7,1000,462150
20240209,13:47:22,0.7,200,462150
20240209,13:47:24,0.7,200,462150
20240209,13:47:25,0.7,200,462150
20240209,13:47:27,0.7,200,462150
20240209,13:47:30,0.7,950,462150
20240209,13:47:59,0.7,200,462150
20240209,13:48:01,0.7,200,462150
20240209,13:48:01,0.7,50,462150
20240209,13:48:44,0.75,50,462150
20240209,13:48:56,0.7,100,462150
20240209,13:48:59,0.7,50,462150
20240209,13:49:16,0.7,200,462150
20240209,13:49:45,0.7,200,462150
20240209,13:49:48,0.7,200,462150
20240209,13:49:52,0.75,1700,462150
20240209,13:49:57,0.7,200,462150
20240209,13:50:00,0.7,200,462600
20240209,13:50:03,0.75,50,462600
20240209,13:50:11,0.7,200,462600
20240209,13:50:15,0.7,200,462600
20240209,13:50:24,0.7,200,462600
20240209,13:50:24,0.75,50,462600
20240209,13:50:39,0.7,2000,462600
20240209,13:50:48,0.7,50,462600
20240209,13:50:54,0.7,200,462600
20240209,13:50:59,0.7,200,462600
20240209,13:51:01,0.75,50,462600
20240209,13:51:03,0.7,200,462600
20240209,13:51:27,0.7,1800,462600
20240209,13:51:46,0.7,1300,462600
20240209,13:51:46,0.7,250,462600
20240209,13:52:06,0.7,200,462600
20240209,13:52:09,0.75,1200,462600
20240209,13:52:13,0.7,200,462600
20240209,13:52:19,0.75,750,462600
20240209,13:52:59,0.7,3250,465000
20240209,13:53:27,0.75,100,465000
20240209,13:53:29,0.75,100,465000
20240209,13:53:34,0.7,1400,465000
20240209,13:53:43,0.75,100,465000
20240209,13:53:44,0.75,100,465000
20240209,13:53:45,0.75,100,465000
20240209,13:53:47,0.75,200,465000
20240209,13:54:02,0.7,750,465000
20240209,13:54:03,0.7,1200,465000
20240209,13:55:31,0.7,550,465000
20240209,13:55:33,0.7,200,465000
20240209,13:55:34,0.7,550,465000
20240209,13:57:07,0.75,700,465000
20240209,13:57:32,0.7,700,465000
20240209,13:57:34,0.7,1800,465000
20240209,13:58:01,0.7,3600,465000
20240209,13:58:15,0.75,700,465000
20240209,13:58:59,0.75,500,465000
20240209,13:59:53,0.7,450,467900
20240209,13:59:54,0.7,600,467900
20240209,14:00:15,0.7,250,467900
20240209,14:01:04,0.7,1800,467900
20240209,14:01:42,0.75,100,467900
20240209,14:02:04,0.75,10800,467400
20240209,14:02:05,0.75,10800,467400
20240209,14:02:19,0.75,1350,467400
20240209,14:02:23,0.7,1800,467400
20240209,14:02:24,0.7,500,467400
20240209,14:02:36,0.75,50,467400
20240209,14:04:35,0.7,50,467400
20240209,14:04:37,0.7,5400,467400
20240209,14:05:38,0.7,50,467400
20240209,14:05:40,0.7,100,477450
20240209,14:05:47,0.7,50,477450
20240209,14:05:55,0.7,300,477450
20240209,14:05:56,0.7,300,477450
20240209,14:06:23,0.7,50,477450
20240209,14:07:05,0.7,250,477450
20240209,14:13:06,0.7,150,477450
20240209,14:13:40,0.75,50,477450
20240209,14:14:06,0.75,500,477450
20240209,14:14:41,0.7,1800,477450
20240209,14:14:42,0.7,2150,477450
20240209,14:14:51,0.7,300,477450
20240209,14:14:52,0.7,1350,477450
20240209,14:14:53,0.7,750,477450
20240209,14:15:30,0.7,600,477450
20240209,14:15:37,0.7,1800,477450
20240209,14:15:38,0.7,200,477450
20240209,14:16:23,0.7,3600,477450
20240209,14:16:25,0.7,1850,477450
20240209,14:17:22,0.7,50,477450
20240209,14:18:05,0.7,1550,483050
20240209,14:18:06,0.7,400,483050
20240209,14:18:07,0.7,2400,483050
20240209,14:18:21,0.7,400,483050
20240209,14:18:32,0.7,50,483050
20240209,14:18:48,0.7,50,483050
20240209,14:19:10,0.7,500,483050
20240209,14:19:13,0.7,10800,483050
20240209,14:19:15,0.7,7200,483050
20240209,14:19:58,0.7,1000,483050
20240209,14:20:13,0.7,500,472600
20240209,14:20:18,0.7,500,472600
20240209,14:20:20,0.7,150,472600
20240209,14:20:30,0.7,300,472600
20240209,14:20:31,0.7,50,472600
20240209,14:20:42,0.75,450,472600
20240209,14:20:48,0.7,500,472600
20240209,14:20:58,0.7,3600,472600
20240209,14:21:29,0.7,250,472600
20240209,14:21:36,0.7,250,472600
20240209,14:22:08,0.7,1800,472600
20240209,14:22:18,0.7,1800,472600
20240209,14:22:20,0.7,1800,472600
20240209,14:22:39,0.7,3600,472600
20240209,14:22:44,0.7,2500,472600
20240209,14:23:05,0.7,3600,472600
20240209,14:23:35,0.7,1800,478500
20240209,14:23:39,0.7,850,478500
20240209,14:24:44,0.7,1800,478500
20240209,14:25:02,0.7,250,478500
20240209,14:25:21,0.7,1800,478500
20240209,14:25:35,0.7,3600,478500
20240209,14:25:36,0.7,1800,478500
20240209,14:25:38,0.7,10800,478500
20240209,14:25:39,0.7,3500,478500
20240209,14:25:42,0.7,50,478500
20240209,14:25:44,0.7,14100,478500
20240209,14:25:45,0.7,3600,478500
20240209,14:25:47,0.7,50,478500
20240209,14:25:57,0.7,6000,478500
20240209,14:27:09,0.7,3600,493650
20240209,14:27:30,0.7,600,493650
20240209,14:28:25,0.7,4700,493650
20240209,14:28:44,0.7,500,493650
20240209,14:28:59,0.7,250,493650
20240209,14:29:01,0.7,200,493650
20240209,14:30:04,0.7,1800,493650
20240209,14:30:05,0.7,3600,497500
20240209,14:30:05,0.7,1800,497500
20240209,14:30:06,0.7,1800,497500
20240209,14:30:07,0.7,3600,497500
20240209,14:30:11,0.7,2300,497500
20240209,14:30:12,0.7,1800,497500
20240209,14:30:14,0.7,23650,497500
20240209,14:30:16,0.7,1800,497500
20240209,14:30:23,0.65,50,497500
20240209,14:30:51,0.65,1800,497500
20240209,14:31:19,0.65,1800,497500
20240209,14:31:28,0.65,600,497500
20240209,14:31:29,0.65,850,497500
20240209,14:31:30,0.65,1700,497500
20240209,14:31:31,0.65,1450,497500
20240209,14:31:32,0.65,11950,497500
20240209,14:31:33,0.65,2550,497500
20240209,14:31:37,0.65,1800,497500
20240209,14:31:46,0.65,1800,497500
20240209,14:31:47,0.65,1900,497500
20240209,14:31:51,0.65,300,497500
20240209,14:31:59,0.65,5400,497500
20240209,14:32:01,0.65,500,497500
20240209,14:32:16,0.65,250,526700
20240209,14:32:24,0.65,600,526700
20240209,14:32:54,0.7,1500,526700
20240209,14:32:57,0.65,500,526700
20240209,14:33:03,0.65,1800,526700
20240209,14:33:04,0.65,50,526700
20240209,14:33:05,0.7,50,526700
20240209,14:33:27,0.7,50,526700
20240209,14:33:33,0.65,400,526700
20240209,14:34:15,0.65,1800,526700
20240209,14:34:17,0.65,350,526700
20240209,14:34:33,0.65,600,526700
20240209,14:35:00,0.65,250,526700
20240209,14:35:14,0.65,1800,530300
20240209,14:35:23,0.65,250,530300
20240209,14:35:31,0.65,1800,530300
20240209,14:35:57,0.65,3750,530300
20240209,14:36:13,0.65,1800,530300
20240209,14:36:15,0.65,850,530300
20240209,14:36:18,0.65,100,530300
20240209,14:36:21,0.65,1500,530300
20240209,14:36:22,0.65,50,530300
20240209,14:36:38,0.65,200,530300
20240209,14:36:52,0.65,1800,530300
20240209,14:36:53,0.65,1800,530300
20240209,14:37:37,0.65,2050,530300
20240209,14:37:38,0.65,850,530300
20240209,14:37:45,0.65,1500,530300
20240209,14:37:47,0.65,1500,530300
20240209,14:37:56,0.7,1550,530300
20240209,14:37:57,0.65,250,530300
20240209,14:38:03,0.65,1800,530300
20240209,14:38:16,0.65,250,541100
20240209,14:39:30,0.65,3600,541100
20240209,14:39:32,0.65,900,541100
20240209,14:41:03,0.65,3600,541100
20240209,14:41:55,0.65,50,545200
20240209,14:42:21,0.65,3600,545200
20240209,14:43:20,0.65,400,545200
20240209,14:45:54,0.65,1800,546650
20240209,14:46:08,0.65,200,546650
20240209,14:46:26,0.7,50,546650
20240209,14:46:43,0.65,1800,546650
20240209,14:46:45,0.65,3600,546650
20240209,14:46:55,0.7,50,546650
20240209,14:47:04,0.65,300,546650
20240209,14:47:06,0.65,450,553850
20240209,14:47:08,0.65,250,553850
20240209,14:47:39,0.65,3600,553850
20240209,14:48:16,0.65,900,553850
20240209,14:48:17,0.65,1200,553850
20240209,14:48:41,0.65,150,553850
20240209,14:49:13,0.65,50,553850
20240209,14:50:36,0.7,750,557450
20240209,14:51:01,0.7,300,557450
20240209,14:51:12,0.65,1000,557450
20240209,14:51:35,0.7,5000,557450
20240209,14:51:42,0.7,250,557450
20240209,14:52:01,0.7,400,557450
20240209,14:52:01,0.7,50,557450
20240209,14:52:58,0.65,1800,557450
20240209,14:53:07,0.7,300,554250
20240209,14:53:11,0.65,100,554250
20240209,14:53:15,0.7,100,554250
20240209,14:53:18,0.7,100,554250
20240209,14:53:35,0.7,2650,554250
20240209,14:54:01,0.7,200,554250
20240209,14:54:08,0.7,100,554250
20240209,14:54:11,0.7,100,554250
20240209,14:54:12,0.7,100,554250
20240209,14:54:13,0.7,100,554250
20240209,14:54:19,0.65,2600,554250
20240209,14:54:20,0.7,1000,554250
20240209,14:55:01,0.7,450,554250
20240209,14:55:03,0.7,100,554250
20240209,14:55:04,0.7,350,554250
20240209,14:55:10,0.7,1000,554250
20240209,14:55:14,0.7,4550,554250
20240209,14:55:17,0.65,50,554250
20240209,14:55:20,0.7,500,554250
20240209,14:56:01,0.7,500,554250
20240209,14:56:20,0.65,100,554250
20240209,14:56:21,0.7,21600,554250
20240209,14:56:26,0.65,250,554250
20240209,14:56:32,0.65,50,554250
20240209,14:56:47,0.7,2450,554250
20240209,14:56:48,0.65,1600,554250
20240209,14:56:50,0.65,50,554250
20240209,14:56:51,0.7,750,554250
20240209,14:57:01,0.7,200,554250
20240209,14:57:01,0.7,10800,554250
20240209,14:57:02,0.7,1750,554250
20240209,14:57:03,0.7,100,554250
20240209,14:57:04,0.7,200,554250
20240209,14:57:16,0.7,1500,554250
20240209,14:57:18,0.7,1500,554250
20240209,14:58:01,0.7,200,554250
20240209,14:58:03,0.7,300,554250
20240209,14:58:06,0.7,100,554250
20240209,14:58:35,0.65,100,554250
20240209,14:58:39,0.65,3600,554250
20240209,14:58:55,0.65,400,554250
20240209,14:59:05,0.65,500,554250
20240209,14:59:11,0.65,450,554250
20240209,14:59:14,0.7,50,554650
20240209,14:59:24,0.65,750,554650
20240209,14:59:35,0.65,1600,554650
20240209,14:59:38,0.65,1950,554650
20240209,14:59:39,0.7,150,554650
20240209,14:59:42,0.7,750,554650
20240209,15:00:00,0.65,1800,554650
20240209,15:00:02,0.65,1800,554650
20240209,15:00:03,0.65,450,554650
20240209,15:00:21,0.65,1800,554650
20240209,15:00:24,0.7,50,554650
20240209,15:00:26,0.7,50,554650
20240209,15:00:29,0.7,50,554650
20240209,15:00:30,0.7,50,554650
20240209,15:00:33,0.7,1800,554650
20240209,15:00:34,0.7,1800,554650
20240209,15:00:35,0.7,1800,554650
20240209,15:00:36,0.7,1800,554650
20240209,15:00:37,0.65,2100,554650
20240209,15:00:38,0.7,50,554650
20240209,15:00:39,0.7,1050,554650
20240209,15:00:40,0.7,50,554650
20240209,15:00:41,0.7,50,554650
20240209,15:00:42,0.7,50,554650
20240209,15:00:43,0.65,100,554650
20240209,15:00:44,0.65,3600,554650
20240209,15:00:45,0.7,50,554650
20240209,15:00:46,0.7,50,554650
20240209,15:00:47,0.7,50,554650
20240209,15:00:49,0.7,50,554650
20240209,15:00:50,0.7,50,554650
20240209,15:00:52,0.7,50,554650
20240209,15:00:56,0.7,50,554650
20240209,15:00:57,0.7,50,554650
20240209,15:00:58,0.7,50,554650
20240209,15:01:00,0.65,250,554650
20240209,15:01:02,0.65,300,554650
20240209,15:01:11,0.65,2100,554650
20240209,15:01:12,0.65,1050,554650
20240209,15:01:14,0.7,50,554650
20240209,15:01:18,0.7,50,554650
20240209,15:01:28,0.65,1800,554650
20240209,15:01:34,0.7,50,554650
20240209,15:02:58,0.65,450,554650
20240209,15:03:38,0.7,1000,561850
20240209,15:03:44,0.7,50,561850
20240209,15:03:45,0.7,50,561850
20240209,15:03:47,0.7,50,561850
20240209,15:04:10,0.7,10000,561850
20240209,15:04:14,0.7,5000,561850
20240209,15:04:17,0.7,50,561850
20240209,15:04:19,0.7,1850,561850
20240209,15:04:20,0.7,9050,561850
20240209,15:04:21,0.7,30100,561850
20240209,15:04:22,0.7,29200,561850
20240209,15:04:24,0.7,50,561850
20240209,15:04:27,0.75,50,561850
20240209,15:04:28,0.75,50,561850
20240209,15:04:30,0.75,50,561850
20240209,15:04:32,0.75,50,561850
20240209,15:04:33,0.75,50,561850
20240209,15:04:34,0.75,50,561850
20240209,15:04:35,0.7,1550,561850
20240209,15:04:37,0.75,50,561850
20240209,15:04:38,0.7,1500,561850
20240209,15:04:39,0.75,50,561850
20240209,15:04:40,0.7,1500,561850
20240209,15:04:42,0.7,14200,561850
20240209,15:04:45,0.75,50,561850
20240209,15:04:46,0.75,50,561850
20240209,15:04:47,0.75,50,561850
20240209,15:04:49,0.75,50,561850
20240209,15:04:50,0.75,50,561850
20240209,15:04:53,0.7,150,561850
20240209,15:04:54,0.75,50,561850
20240209,15:04:59,0.7,50,561850
20240209,15:05:00,0.7,5400,561850
20240209,15:05:01,0.7,1700,561850
20240209,15:05:09,0.7,500,556850
20240209,15:05:20,0.7,36000,556850
20240209,15:05:22,0.7,5400,556850
20240209,15:05:23,0.7,16600,556850
20240209,15:05:24,0.7,10950,556850
20240209,15:05:33,0.75,50,556850
20240209,15:05:40,0.7,1800,556850
20240209,15:05:51,0.7,100,556850
20240209,15:06:37,0.75,50,556850
20240209,15:06:39,0.75,50,556850
20240209,15:06:40,0.75,50,556850
20240209,15:06:49,0.7,950,556850
20240209,15:07:23,0.7,1050,556850
20240209,15:07:23,0.7,3600,556850
20240209,15:07:32,0.7,50,556850
20240209,15:07:35,0.7,50,556850
20240209,15:07:44,0.7,2000,556850
20240209,15:07:49,0.65,50,556850
20240209,15:08:09,0.7,1800,553650
20240209,15:08:20,0.7,14700,553650
20240209,15:08:48,0.7,250,553650
20240209,15:08:56,0.7,350,553650
20240209,15:09:15,0.7,7750,553650
20240209,15:09:33,0.7,2000,553650
20240209,15:09:50,0.7,1500,553650
20240209,15:09:51,0.7,1800,553650
20240209,15:10:11,0.65,900,553650
20240209,15:10:23,0.7,800,553650
20240209,15:10:24,0.7,1200,553650
20240209,15:10:30,0.7,1800,553650
20240209,15:10:31,0.7,7200,553650
20240209,15:10:32,0.7,1000,553650
20240209,15:10:43,0.65,3700,553650
20240209,15:10:57,0.7,750,553650
20240209,15:11:03,0.7,41900,553650
20240209,15:11:04,0.7,100,553650
20240209,15:11:11,0.7,1500,553650
20240209,15:11:13,0.7,50,553650
20240209,15:11:22,0.7,41300,553650
20240209,15:11:44,0.65,300,553650
20240209,15:11:54,0.65,1700,553650
20240209,15:11:58,0.65,400,553650
20240209,15:12:06,0.7,150,553650
20240209,15:12:07,0.7,100,553650
20240209,15:12:50,0.7,9000,553650
20240209,15:13:15,0.65,2700,553650
20240209,15:13:38,0.65,600,553650
20240209,15:13:38,0.7,50,553650
20240209,15:13:46,0.65,50,553650
20240209,15:13:54,0.7,50,553650
20240209,15:13:55,0.7,50,553650
20240209,15:13:56,0.7,50,553650
20240209,15:13:57,0.7,100,553650
20240209,15:13:58,0.7,50,553650
20240209,15:13:59,0.7,50,553650
20240209,15:14:00,0.7,900,553650
20240209,15:14:01,0.7,50,553650
20240209,15:14:02,0.7,100,553650
20240209,15:14:03,0.7,50,553650
20240209,15:14:04,0.7,1800,553650
20240209,15:14:05,0.7,1850,553650
20240209,15:14:06,0.7,50,553650
20240209,15:14:07,0.7,1850,553650
20240209,15:14:08,0.7,50,553650
20240209,15:14:09,0.7,50,559350
20240209,15:14:10,0.7,50,559350
20240209,15:14:18,0.7,650,559350
20240209,15:14:19,0.7,50,559350
20240209,15:14:20,0.7,50,559350
20240209,15:14:21,0.7,4850,559350
20240209,15:14:23,0.75,50,559350
20240209,15:14:27,0.7,3600,559350
20240209,15:14:31,0.7,100,559350
20240209,15:14:38,0.7,50,559350
20240209,15:14:39,0.7,50,559350
20240209,15:15:15,0.7,6300,559350
20240209,15:15:19,0.7,3600,559350
20240209,15:15:30,0.7,5000,559350
20240209,15:16:15,0.7,1800,559350
20240209,15:16:16,0.7,1800,559350
20240209,15:16:17,0.7,1800,559350
20240209,15:17:16,0.7,10000,559350
20240209,15:18:11,0.65,150,554000
20240209,15:19:27,0.65,50,554000
20240209,15:19:35,0.7,500,554000
20240209,15:20:06,0.65,350,554000
20240209,15:20:20,0.65,1000,544000
20240209,15:20:52,0.65,250,544000
20240209,15:20:55,0.65,250,544000
20240209,15:20:56,0.7,250,544000
20240209,15:20:57,0.65,50,544000
20240209,15:21:04,0.7,1200,544000
20240209,15:21:05,0.7,800,544000
20240209,15:21:26,0.7,450,544000
20240209,15:21:31,0.65,750,544000
20240209,15:21:41,0.7,250,544000
20240209,15:22:07,0.65,50,544000
20240209,15:22:14,0.7,250,544000
20240209,15:22:16,0.65,550,544000
20240209,15:22:17,0.65,50,544000
20240209,15:22:27,0.65,5050,544000
20240209,15:22:29,0.65,50,544000
20240209,15:22:30,0.65,550,544000
20240209,15:22:32,0.65,1000,544000
20240209,15:22:35,0.7,800,544000
20240209,15:22:36,0.7,1200,544000
20240209,15:22:45,0.7,250,544000
20240209,15:22:54,0.7,400,544000
20240209,15:23:25,0.65,1800,539350
20240209,15:23:26,0.65,1800,539350
20240209,15:23:27,0.65,1800,539350
20240209,15:23:28,0.65,1800,539350
20240209,15:23:30,0.65,1800,539350
20240209,15:23:31,0.65,2000,539350
20240209,15:23:32,0.65,1800,539350
20240209,15:23:33,0.65,1800,539350
20240209,15:23:34,0.65,1800,539350
20240209,15:23:35,0.65,1800,539350
20240209,15:23:36,0.65,1800,539350
20240209,15:23:37,0.65,1800,539350
20240209,15:23:38,0.65,1800,539350
20240209,15:23:39,0.65,1800,539350
20240209,15:23:40,0.65,1800,539350
20240209,15:23:43,0.65,1800,539350
20240209,15:23:46,0.65,50,539350
20240209,15:23:53,0.65,1650,539350
20240209,15:23:54,0.65,600,539350
20240209,15:23:55,0.65,1200,539350
20240209,15:23:56,0.65,1800,539350
20240209,15:23:57,0.65,1800,539350
20240209,15:23:59,0.7,50,539350
20240209,15:24:05,0.7,100,539350
20240209,15:24:29,0.65,50,539350
20240209,15:24:30,0.65,50,539350
20240209,15:24:34,0.65,250,539350
20240209,15:24:35,0.65,100,539350
20240209,15:24:50,0.65,150,539350
20240209,15:24:53,0.7,50,539350
20240209,15:25:01,0.7,750,539350
20240209,15:25:03,0.65,50,539350
20240209,15:25:05,0.7,1800,539350
20240209,15:25:08,0.7,1800,539350
20240209,15:25:10,0.7,1800,539350
20240209,15:25:12,0.7,1800,539350
20240209,15:25:15,0.7,1800,539350
20240209,15:25:16,0.7,1800,539350
20240209,15:25:33,0.65,900,539350
20240209,15:25:42,0.65,100,539350
20240209,15:25:43,0.65,250,539350
20240209,15:25:47,0.65,100,539350
20240209,15:25:51,0.65,500,539350
20240209,15:25:52,0.65,1800,539350
20240209,15:25:54,0.65,1800,539350
20240209,15:25:56,0.65,1800,539350
20240209,15:25:58,0.65,1800,539350
20240209,15:26:01,0.65,1800,539350
20240209,15:26:02,0.65,3000,539350
20240209,15:26:03,0.65,550,539350
20240209,15:26:19,0.7,3850,539350
20240209,15:26:20,0.7,3600,538650
20240209,15:26:21,0.7,1800,538650
20240209,15:26:44,0.7,750,538650
20240209,15:27:10,0.65,300,538650
20240209,15:27:20,0.65,100,538650
20240209,15:27:24,0.65,950,538650
20240209,15:27:30,0.65,1800,538650
20240209,15:27:38,0.65,100,538650
20240209,15:27:38,0.65,1800,538650
20240209,15:27:41,0.65,1800,538650
20240209,15:27:45,0.65,1200,538650
20240209,15:27:49,0.65,1800,538650
20240209,15:27:52,0.7,50,538650
20240209,15:28:02,0.65,50,538650
20240209,15:28:05,0.7,750,538650
20240209,15:28:10,0.65,200,538650
20240209,15:28:18,0.65,200,538650
20240209,15:28:20,0.7,750,538650
20240209,15:28:29,0.65,1800,538650
20240209,15:28:33,0.65,200,538650
20240209,15:28:46,0.65,150,538650
20240209,15:28:46,0.65,900,538650
20240209,15:28:47,0.7,18000,538650
20240209,15:29:00,0.65,1150,538650
20240209,15:29:02,0.65,50,538650
20240209,15:29:06,0.65,600,538650
20240209,15:29:07,0.7,50,538650
20240209,15:29:07,0.65,100,538650
20240209,15:29:11,0.65,100,538650
20240209,15:29:13,0.65,900,538650
20240209,15:29:18,0.65,500,538650
20240209,15:29:23,0.7,750,538650
20240209,15:29:25,0.65,200,538650
20240209,15:29:26,0.7,750,538650
20240209,15:29:29,0.65,1800,538650
20240209,15:29:30,0.65,300,538650
20240209,15:29:32,0.65,1800,538650
20240209,15:29:32,0.7,3600,538650
20240209,15:29:33,0.65,6900,538650
20240209,15:29:34,0.65,1800,538650
20240209,15:29:40,0.65,1800,538650
20240209,15:29:44,0.65,1200,538650
20240209,15:29:45,0.65,1800,538650
20240209,15:29:48,0.65,50,538650
20240209,15:29:51,0.65,1800,538650
20240209,15:29:54,0.65,200,538650
20240209,15:29:56,0.65,16200,538650
20240209,15:29:56,0.65,1800,538650
20240212,09:15:01,0.7,1,538650
20240212,09:15:01,0.7,50,538650
20240212,09:15:03,0.75,150,538650
20240212,09:15:04,0.75,150,538650
20240212,09:15:06,0.75,4500,538650
20240212,09:15:07,0.65,2350,538650
20240212,09:15:08,0.65,50,538650
20240212,09:15:09,0.7,50,538650
20240212,09:15:13,0.7,50,538650
20240212,09:15:20,0.7,50,538650
20240212,09:15:21,0.7,350,538650
20240212,09:15:22,0.7,500,538650
20240212,09:15:27,0.7,3450,538650
20240212,09:15:30,0.65,300,538650
20240212,09:15:36,0.7,250,538650
20240212,09:15:41,0.7,500,538650
20240212,09:15:57,0.65,2950,538650
20240212,09:16:04,0.7,50,538650
20240212,09:16:08,0.7,1800,538650
20240212,09:16:09,0.7,1800,538650
20240212,09:16:10,0.7,500,538650
20240212,09:16:12,0.7,800,538650
20240212,09:16:14,0.7,3600,538650
20240212,09:16:14,0.7,1800,538650
20240212,09:16:15,0.7,1800,538650
20240212,09:16:16,0.7,1800,538650
20240212,09:16:23,0.7,1900,538650
20240212,09:16:25,0.7,1800,538650
20240212,09:16:26,0.7,1800,538650
20240212,09:16:28,0.7,1800,538650
20240212,09:16:29,0.7,1800,538650
20240212,09:16:31,0.7,50,538650
20240212,09:16:35,0.65,750,538650
20240212,09:16:41,0.7,1800,538650
20240212,09:16:46,0.65,50,538650
20240212,09:17:40,0.7,250,538650
20240212,09:17:44,0.7,50,538650
20240212,09:17:46,0.7,50,538650
20240212,09:17:52,0.7,550,538650
20240212,09:18:07,0.7,100,538650
20240212,09:18:22,0.7,50,538650
20240212,09:18:27,0.7,50,538650
20240212,09:18:42,0.65,750,538650
20240212,09:18:52,0.7,50,538650
20240212,09:19:00,0.7,50,538650
20240212,09:19:02,0.65,50,538650
20240212,09:19:05,0.65,150,538650
20240212,09:19:18,0.65,50,538650
20240212,09:19:28,0.7,2450,538650
20240212,09:19:30,0.7,50,538650
20240212,09:20:02,0.65,1350,538650
20240212,09:20:03,0.65,550,538650
20240212,09:20:11,0.7,100,538650
20240212,09:20:18,0.7,50,538650
20240212,09:20:22,0.7,1800,538650
20240212,09:20:23,0.7,4700,538650
20240212,09:20:24,0.7,50,538650
20240212,09:20:28,0.7,1800,538650
20240212,09:20:29,0.7,1800,538650
20240212,09:20:30,0.7,1800,538650
20240212,09:20:31,0.7,1800,538650
20240212,09:20:32,0.7,2000,538650
20240212,09:20:33,0.7,1800,538650
20240212,09:20:34,0.7,1800,538650
20240212,09:20:35,0.7,1800,538650
20240212,09:20:36,0.7,1800,538650
20240212,09:20:37,0.7,1800,538650
20240212,09:20:38,0.7,2100,538650
20240212,09:20:39,0.7,1800,538650
20240212,09:20:54,0.7,500,538650
20240212,09:21:12,0.7,100,538650
20240212,09:21:19,0.7,100,538650
20240212,09:21:30,0.7,1750,541950
20240212,09:22:27,0.7,300,541950
20240212,09:22:32,0.7,100,541950
20240212,09:22:41,0.7,100,541950
20240212,09:22:58,0.7,1800,541950
20240212,09:22:59,0.7,2450,541950
20240212,09:23:04,0.7,200,541950
20240212,09:24:10,0.7,100,541950
20240212,09:24:36,0.65,50,541950
20240212,09:24:38,0.7,550,537950
20240212,09:24:44,0.65,50,537950
20240212,09:24:48,0.65,2150,537950
20240212,09:24:50,0.7,500,537950
20240212,09:24:56,0.65,250,537950
20240212,09:25:09,0.65,200,537950
20240212,09:25:17,0.65,50,537950
20240212,09:25:23,0.7,50,537950
20240212,09:25:31,0.7,300,537950
20240212,09:26:01,0.7,200,537950
20240212,09:26:56,0.7,150,537950
20240212,09:27:12,0.7,100,537950
20240212,09:27:43,0.65,50,536400
20240212,09:27:49,0.7,300,536400
20240212,09:27:50,0.65,1200,536400
20240212,09:28:50,0.65,7200,536400
20240212,09:28:51,0.65,1800,536400
20240212,09:29:19,0.7,50,536400
20240212,09:29:20,0.7,50,536400
20240212,09:29:21,0.7,100,536400
20240212,09:29:27,0.7,100,536400
20240212,09:29:28,0.7,100,536400
20240212,09:29:43,0.7,50,536400
20240212,09:30:22,0.7,50,536400
20240212,09:30:30,0.7,50,535000
20240212,09:30:53,0.7,100,535000
20240212,09:31:12,0.65,300,535000
20240212,09:31:57,0.65,1000,535000
20240212,09:32:16,0.65,250,535000
20240212,09:32:27,0.7,50,535000
20240212,09:32:29,0.7,50,535000
20240212,09:32:37,0.7,1800,535000
20240212,09:33:02,0.7,250,535000
20240212,09:33:30,0.7,150,535000
20240212,09:33:32,0.7,500,535000
20240212,09:33:36,0.65,50,535000
20240212,09:33:37,0.7,250,535000
20240212,09:33:40,0.7,500,535000
20240212,09:33:41,0.7,150,535000
20240212,09:33:42,0.7,100,535000
20240212,09:33:53,0.7,500,535000
20240212,09:34:04,0.7,250,535000
20240212,09:34:33,0.65,50,535000
20240212,09:34:38,0.7,250,535000
20240212,09:36:12,0.7,50,535000
20240212,09:36:44,0.7,50,535000
20240212,09:37:14,0.7,50,535000
20240212,09:37:32,0.7,250,535000
20240212,09:37:48,0.65,1500,535000
20240212,09:37:51,0.7,250,535000
20240212,09:37:51,0.7,5350,535000
20240212,09:37:52,0.7,1400,535000
20240212,09:37:53,0.7,250,535000
20240212,09:38:06,0.7,1500,535000
20240212,09:38:08,0.7,1550,535000
20240212,09:38:22,0.7,2350,535000
20240212,09:38:23,0.7,500,535000
20240212,09:39:07,0.65,1750,535000
20240212,09:39:11,0.7,12500,535000
20240212,09:40:08,0.7,200,535800
20240212,09:40:22,0.65,500,535800
20240212,09:40:33,0.7,100,535800
20240212,09:40:46,0.65,250,535800
20240212,09:41:05,0.7,400,535800
20240212,09:41:17,0.7,450,535800
20240212,09:41:20,0.7,200,535800
20240212,09:41:21,0.65,50,535800
20240212,09:41:32,0.65,1800,535800
20240212,09:41:33,0.65,1800,535800
20240212,09:41:41,0.7,850,535800
20240212,09:41:46,0.65,50,535800
20240212,09:42:07,0.7,50,535800
20240212,09:42:16,0.65,50,535800
20240212,09:42:34,0.65,1800,535800
20240212,09:42:35,0.65,1800,535650
20240212,09:42:36,0.65,1800,535650
20240212,09:42:38,0.65,1800,535650
20240212,09:42:39,0.65,1800,535650
20240212,09:42:40,0.65,1800,535650
20240212,09:42:42,0.65,50,535650
20240212,09:42:50,0.65,250,535650
20240212,09:42:54,0.65,250,535650
20240212,09:43:08,0.65,600,535650
20240212,09:43:15,0.65,600,535650
20240212,09:43:26,0.65,600,535650
20240212,09:43:48,0.65,300,535650
20240212,09:45:19,0.7,100,535650
20240212,09:45:42,0.7,50,535650
20240212,09:45:46,0.65,50,533400
20240212,09:46:21,0.7,50,533400
20240212,09:46:43,0.7,50,533400
20240212,09:47:00,0.7,200,533400
20240212,09:47:01,0.7,1050,533400
20240212,09:47:11,0.65,450,533400
20240212,09:47:17,0.7,150,533400
20240212,09:47:31,0.7,50,533400
20240212,09:48:06,0.65,1650,533400
20240212,09:48:14,0.65,9000,533400
20240212,09:48:15,0.65,100,533400
20240212,09:48:21,0.65,50,533400
20240212,09:48:29,0.65,850,533400
20240212,09:48:34,0.7,150,533150
20240212,09:48:40,0.65,200,533150
20240212,09:48:42,0.65,150,533150
20240212,09:48:47,0.7,50,533150
20240212,09:48:51,0.7,50,533150
20240212,09:49:01,0.65,100,533150
20240212,09:49:07,0.7,50,533150
20240212,09:49:10,0.7,150,533150
20240212,09:49:12,0.65,50,533150
20240212,09:49:26,0.7,100,533150
20240212,09:49:52,0.7,100,533150
20240212,09:49:56,0.7,50,533150
20240212,09:50:45,0.7,50,533150
20240212,09:51:56,0.7,50,533150
20240212,09:51:59,0.65,50,533150
20240212,09:52:05,0.7,50,533150
20240212,09:52:41,0.7,50,533150
20240212,09:52:46,0.7,50,533150
20240212,09:53:24,0.65,1050,533150
20240212,09:53:27,0.65,1500,533150
20240212,09:53:29,0.65,1500,533150
20240212,09:53:31,0.7,1800,533150
20240212,09:53:41,0.7,500,533150
20240212,09:53:51,0.65,100,533150
20240212,09:53:56,0.7,50,533150
20240212,09:54:44,0.7,1800,531350
20240212,09:54:48,0.7,50,531350
20240212,09:55:17,0.7,50,531350
20240212,09:55:26,0.7,50,531350
20240212,09:55:46,0.7,50,531350
20240212,09:56:02,0.65,50,531350
20240212,09:56:05,0.65,8100,531350
20240212,09:56:11,0.65,50,531350
20240212,09:56:22,0.65,100,531350
20240212,09:56:45,0.6,50,531350
20240212,09:57:16,0.6,50,531350
20240212,09:57:25,0.6,50,531350
20240212,09:57:31,0.65,50,531350
20240212,09:57:33,0.6,100,529550
20240212,09:57:36,0.6,50,529550
20240212,09:57:42,0.65,1000,529550
20240212,09:58:28,0.65,50,529550
20240212,09:59:54,0.6,50,529550
20240212,10:00:21,0.65,50,529550
20240212,10:01:08,0.6,1800,529550
20240212,10:01:15,0.6,1800,529550
20240212,10:01:16,0.6,1800,529550
20240212,10:01:17,0.6,1800,529550
20240212,10:01:18,0.6,3600,529550
20240212,10:01:19,0.6,1800,529550
20240212,10:01:20,0.6,3600,529550
20240212,10:01:21,0.6,3600,529550
20240212,10:01:22,0.6,2050,529550
20240212,10:01:23,0.6,3600,529550
20240212,10:01:24,0.6,3600,529550
20240212,10:01:25,0.6,1800,529550
20240212,10:01:26,0.6,2300,529550
20240212,10:01:28,0.6,1800,529550
20240212,10:01:29,0.6,1800,529550
20240212,10:01:31,0.6,1800,529550
20240212,10:01:32,0.6,3600,529550
20240212,10:01:37,0.6,7200,529550
20240212,10:01:38,0.6,9000,529550
20240212,10:01:39,0.6,9650,529550
20240212,10:02:49,0.6,50,529550
20240212,10:02:55,0.6,50,529550
20240212,10:02:59,0.6,400,529550
20240212,10:03:15,0.55,550,529550
20240212,10:03:16,0.55,50,529550
20240212,10:03:35,0.6,100,529550
20240212,10:03:53,0.6,100,529050
20240212,10:04:53,0.6,150,529050
20240212,10:05:21,0.55,50,529050
