date,time,tick_price,volume,open_interest
20231128,13:32:02,16.75,50,50
20231129,09:38:31,14.75,1,50
20231129,09:38:31,14.75,200,50
20231129,09:42:49,15.15,250,150
20231129,09:50:58,15.55,50,400
20231129,11:00:08,15.65,50,450
20231229,09:43:17,1.2,1,500
20231229,09:43:17,1.2,250,500
20231229,09:44:07,1.2,50,500
20231229,09:46:21,1.0,250,500
20231229,09:51:15,1.0,150,1000
20231229,09:51:45,1.45,200,1000
20231229,09:51:47,1.1,50,1000
20231229,09:52:17,1.4,1800,1000
20231229,09:52:25,1.1,50,1000
20231229,09:52:26,1.1,900,1000
20231229,09:53:30,1.1,500,2650
20231229,09:54:16,1.0,1800,2650
20231229,09:54:26,1.1,250,2650
20231229,09:54:30,1.05,200,2650
20231229,09:55:10,1.05,50,2650
20231229,09:55:21,1.05,50,2650
20231229,09:56:01,1.05,250,2650
20231229,09:56:32,1.05,50,2650
20231229,09:58:17,1.0,50,900
20231229,09:58:18,1.05,100,900
20231229,10:01:51,1.05,50,1050
20231229,10:02:30,1.05,50,1050
20231229,10:07:49,1.05,50,1100
20231229,10:13:58,1.05,250,1150
20231229,10:17:03,1.05,50,1200
20231229,10:17:58,1.0,400,1200
20231229,10:21:37,1.05,50,1250
20231229,10:21:59,1.05,50,1250
20231229,10:22:00,1.05,50,1250
20231229,10:22:34,1.05,50,1250
20231229,10:23:34,1.05,50,1450
20231229,10:23:45,1.05,50,1450
20231229,10:24:04,1.05,50,1450
20231229,10:24:15,1.05,50,1450
20231229,10:24:36,1.05,50,1450
20231229,10:25:07,1.05,550,1450
20231229,10:25:40,1.15,250,1450
20231229,10:25:57,1.1,250,1450
20231229,10:26:06,1.2,750,1450
20231229,10:26:13,1.15,800,1450
20231229,10:26:17,1.2,1850,3000
20231229,10:26:18,1.3,700,3000
20231229,10:27:35,1.3,2000,3000
20231229,10:29:15,1.25,500,3000
20231229,10:30:16,1.35,2150,7350
20231229,10:30:38,1.3,200,7350
20231229,10:30:41,1.3,1500,7350
20231229,10:31:08,1.2,300,7350
20231229,10:31:14,1.25,400,7350
20231229,10:31:15,1.3,350,7350
20231229,10:31:58,1.25,500,7350
20231229,10:32:07,1.3,1750,7350
20231229,10:32:12,1.25,250,7350
20231229,10:32:56,1.3,1400,13150
20231229,10:33:38,1.3,200,13150
20231229,10:34:00,1.3,1400,13150
20231229,10:34:09,1.25,500,13150
20231229,10:37:12,1.3,300,15750
20231229,10:37:21,1.3,1100,15750
20231229,10:37:55,1.25,5000,15750
20231229,10:37:57,1.35,50,15750
20231229,10:38:22,1.3,1800,17050
20231229,10:38:37,1.3,50,17050
20231229,10:39:38,1.3,100,17050
20231229,10:39:39,1.3,2300,17050
20231229,10:39:45,1.3,400,17050
20231229,10:39:47,1.3,50,17050
20231229,10:39:57,1.3,100,17050
20231229,10:40:00,1.3,500,17050
20231229,10:40:01,1.35,1250,17050
20231229,10:43:28,1.35,50,21950
20231229,10:43:36,1.3,600,21950
20231229,10:43:40,1.3,100,21950
20231229,10:44:26,1.4,100,21950
20231229,10:44:34,1.4,1000,21950
20231229,10:44:35,1.45,2050,21950
20231229,10:44:55,1.4,50,21950
20231229,10:45:51,1.4,1300,21950
20231229,10:46:49,1.4,1800,21950
20231229,10:47:06,1.35,50,21950
20231229,10:47:13,1.35,1650,21950
20231229,10:49:22,1.2,250,21950
20231229,10:58:32,1.25,250,26100
20231229,10:58:55,1.2,900,26250
20231229,11:00:09,1.25,250,26250
20231229,11:03:12,1.2,300,26550
20231229,11:03:49,1.35,50,26550
20231229,11:09:38,1.15,50,26550
20231229,11:11:43,1.15,1950,26550
20231229,11:12:58,1.15,250,26550
20231229,11:14:22,1.15,50,26500
20231229,11:14:43,1.15,50,26500
20231229,11:18:01,1.2,100,26500
20231229,11:20:02,1.15,50,26500
20231229,11:21:20,1.15,50,26450
20231229,11:27:21,1.15,100,26450
20231229,11:30:31,1.25,50,26300
20231229,11:32:13,1.25,100,26300
20231229,11:34:36,1.2,250,26300
20231229,11:37:01,1.2,100,26450
20231229,11:38:38,1.2,250,26450
20231229,11:40:02,1.15,50,26550
20231229,11:40:59,1.15,400,26550
20231229,11:49:12,1.3,50,26550
20231229,11:56:55,1.15,50,26600
20231229,12:00:13,1.2,50,26550
20231229,12:02:01,1.2,100,26550
20231229,12:04:28,1.2,250,26550
20231229,12:05:58,1.25,100,26550
20231229,12:07:47,1.2,300,26550
20231229,12:10:13,1.2,250,26850
20231229,12:15:20,1.2,300,26850
20231229,12:16:34,1.2,500,26850
20231229,12:17:30,1.2,50,26850
20231229,12:19:17,1.3,450,27000
20231229,12:19:41,1.35,950,27000
20231229,12:21:52,1.4,1900,27000
20231229,12:24:00,1.35,1250,27100
20231229,12:28:55,1.3,250,29850
20231229,12:31:52,1.25,200,29950
20231229,12:32:16,1.25,50,29950
20231229,12:32:20,1.25,50,29950
20231229,12:33:00,1.25,50,30050
20231229,13:04:05,1.25,50,30050
20231229,13:11:30,1.25,100,30100
20231229,13:17:26,1.25,400,30100
20231229,13:28:01,1.2,250,30100
20231229,13:37:16,1.3,1000,30050
20231229,13:50:08,1.3,550,30050
20231229,13:50:11,1.2,50,31000
20231229,13:50:12,1.2,50,31000
20231229,13:50:52,1.25,50,31400
20231229,13:51:03,1.35,300,31400
20231229,13:52:03,1.25,50,31400
20231229,13:52:18,1.45,50,31400
20231229,13:52:46,1.35,2250,31400
20231229,13:52:57,1.35,250,31400
20231229,13:53:34,1.45,1950,31400
20231229,13:53:51,1.4,550,35100
20231229,13:54:14,1.45,550,35100
20231229,13:54:17,1.45,50,35100
20231229,13:54:20,1.45,100,35100
20231229,13:54:25,1.5,100,35100
20231229,13:54:55,1.5,100,35100
20231229,13:55:15,1.4,50,35100
20231229,13:55:17,1.4,400,35100
20231229,13:56:20,1.45,450,35100
20231229,13:56:38,1.45,100,35100
20231229,13:57:31,1.45,500,35100
20231229,14:00:20,1.45,2250,35050
20231229,14:00:21,1.45,50,35050
20231229,14:01:39,1.4,250,35050
20231229,14:06:59,1.35,250,35950
20231229,14:08:38,1.3,50,35950
20231229,14:13:17,1.3,250,36000
20231229,14:15:31,1.3,400,36000
20231229,14:16:30,1.3,200,36050
20231229,14:16:47,1.4,50,36050
20231229,14:17:39,1.4,50,36050
20231229,14:17:58,1.35,100,36100
20231229,14:18:08,1.3,200,36100
20231229,14:20:28,1.25,350,36100
20231229,14:20:57,1.3,600,36100
20231229,14:20:58,1.3,50,36550
20231229,14:29:24,1.25,250,36600
20231229,14:29:36,1.25,300,36600
20231229,14:31:39,1.2,1750,36600
20231229,14:31:40,1.15,1800,36800
20231229,14:32:09,1.2,150,36800
20231229,14:32:15,1.25,50,36800
20231229,14:41:09,1.15,50,33500
20231229,14:41:34,1.2,50,33500
20231229,14:41:35,1.2,50,33500
20231229,14:42:10,1.2,50,33550
20231229,14:52:55,1.2,100,33550
20231229,14:55:08,1.2,200,33550
20231229,14:55:21,1.15,100,33550
20231229,15:00:28,1.15,250,33250
20231229,15:00:52,1.2,300,33250
20231229,15:00:53,1.2,200,33250
20231229,15:01:20,1.15,50,33250
20231229,15:01:24,1.2,50,33250
20231229,15:01:53,1.2,300,33250
20231229,15:02:09,1.2,250,33250
20231229,15:02:21,1.25,300,33250
20231229,15:02:25,1.2,250,33250
20231229,15:02:29,1.25,500,33250
20231229,15:03:09,1.2,1550,33250
20231229,15:04:42,1.15,50,32750
20231229,15:05:02,1.35,250,32750
20231229,15:05:07,1.35,450,32750
20231229,15:05:08,1.25,50,32750
20231229,15:05:17,1.3,300,32750
20231229,15:05:34,1.4,2050,32750
20231229,15:06:07,1.3,250,32750
20231229,15:07:21,1.3,250,34700
20231229,15:07:23,1.3,150,34700
20231229,15:08:32,1.3,300,34700
20231229,15:10:40,1.25,300,34700
20231229,15:10:42,1.25,100,34500
20231229,15:11:11,1.25,50,34500
20231229,15:13:18,1.3,250,34500
20231229,15:14:41,1.3,250,34750
20231229,15:15:24,1.3,250,34750
20231229,15:16:29,1.3,250,34450
20231229,15:20:10,1.3,50,34450
20231229,15:20:10,1.3,250,35750
20231229,15:20:17,1.25,100,35750
20231229,15:21:07,1.3,50,35750
20231229,15:22:18,1.25,50,35450
20231229,15:25:45,1.2,50,35350
20231229,15:28:25,1.25,50,35350
20231229,15:29:48,1.2,50,35200
20240101,09:15:04,1.3,1,33850
20240101,09:15:04,1.3,50,33850
20240101,09:15:05,1.4,450,33850
20240101,09:15:08,1.3,150,33850
20240101,09:15:08,1.3,300,33850
20240101,09:15:11,1.25,1500,33850
20240101,09:15:21,1.2,150,33850
20240101,09:15:22,1.2,300,33850
20240101,09:15:27,1.2,200,33850
20240101,09:15:35,1.2,200,33850
20240101,09:15:39,1.2,1000,33850
20240101,09:15:47,1.2,1350,33850
20240101,09:16:01,1.15,100,33850
20240101,09:16:17,1.15,400,33850
20240101,09:17:39,1.2,500,33850
20240101,09:18:04,1.1,150,38400
20240101,09:18:10,1.1,150,38400
20240101,09:18:22,1.1,100,38400
20240101,09:18:45,1.05,250,38400
20240101,09:19:23,1.05,150,38400
20240101,09:21:25,1.05,350,38400
20240101,09:22:00,1.1,350,39000
20240101,09:23:14,1.15,50,39000
20240101,09:24:03,1.05,100,38850
20240101,09:24:04,1.05,100,38850
20240101,09:24:59,1.05,100,38850
20240101,09:25:06,1.0,150,38850
20240101,09:25:09,1.0,100,38850
20240101,09:25:11,1.05,100,38850
20240101,09:25:23,1.1,50,38850
20240101,09:25:41,1.1,300,38850
20240101,09:25:59,1.1,50,38850
20240101,09:26:47,1.15,50,37950
20240101,09:27:43,1.1,150,37950
20240101,09:27:54,1.1,100,37950
20240101,09:27:55,1.05,100,37950
20240101,09:28:01,1.05,50,37950
20240101,09:36:48,1.05,50,37950
20240101,09:38:45,1.05,100,37800
20240101,09:39:38,1.1,1200,37800
20240101,09:40:04,1.1,50,37800
20240101,09:41:52,1.1,50,37700
20240101,09:43:43,1.1,50,37700
20240101,09:45:15,1.15,50,37700
20240101,09:45:23,1.15,50,37700
20240101,09:46:44,1.1,50,37700
20240101,09:46:51,1.15,200,37700
20240101,09:50:18,1.15,250,37700
20240101,09:50:23,1.15,500,37350
20240101,09:50:36,1.15,50,37350
20240101,09:51:01,1.15,50,37350
20240101,09:52:29,1.2,150,37350
20240101,09:53:10,1.15,100,37350
20240101,09:55:01,1.2,500,37350
20240101,09:55:02,1.25,50,37350
20240101,09:55:07,1.25,100,37350
20240101,09:55:09,1.3,750,37350
20240101,09:55:10,1.5,1750,37350
20240101,09:55:11,1.55,850,37350
20240101,09:55:12,1.5,50,37350
20240101,09:55:13,1.6,50,37350
20240101,09:55:27,1.6,200,37350
20240101,09:55:29,1.45,50,37350
20240101,09:55:32,1.35,100,37350
20240101,09:55:39,1.35,150,37350
20240101,09:55:40,1.4,600,37350
20240101,09:56:01,1.3,150,37350
20240101,09:56:05,1.3,300,37350
20240101,09:56:20,1.35,400,37350
20240101,09:56:31,1.3,300,40450
20240101,09:56:39,1.3,50,40450
20240101,09:56:40,1.35,1900,40450
20240101,09:56:41,1.35,250,40450
20240101,09:56:43,1.35,550,40450
20240101,09:56:46,1.35,800,40450
20240101,09:56:47,1.35,300,40450
20240101,09:56:48,1.35,50,40450
20240101,09:57:07,1.45,1850,40450
20240101,09:57:08,1.45,2750,40450
20240101,09:57:10,1.45,150,40450
20240101,09:57:11,1.5,1950,40450
20240101,09:57:15,1.5,2000,40450
20240101,09:57:17,1.5,1950,40450
20240101,09:57:22,1.5,150,40450
20240101,09:57:26,1.5,200,40450
20240101,09:57:31,1.45,200,40450
20240101,09:57:44,1.4,500,40450
20240101,09:58:05,1.45,50,40450
20240101,09:58:12,1.4,800,40450
20240101,09:58:44,1.4,50,40450
20240101,09:58:45,1.4,50,40450
20240101,09:58:46,1.4,50,40450
20240101,09:58:51,1.4,500,40450
20240101,09:59:50,1.35,250,53100
20240101,10:00:23,1.35,200,53100
20240101,10:01:01,1.3,300,53100
20240101,10:02:10,1.35,250,53100
20240101,10:02:12,1.35,1100,53100
20240101,10:02:20,1.35,300,53100
20240101,10:03:00,1.3,150,53100
20240101,10:03:26,1.3,50,53300
20240101,10:03:30,1.35,50,53300
20240101,10:05:41,1.3,50,53300
20240101,10:07:03,1.3,50,53350
20240101,10:07:38,1.3,50,53350
20240101,10:08:11,1.3,300,53350
20240101,10:08:19,1.3,250,53350
20240101,10:08:23,1.3,50,52950
20240101,10:08:31,1.3,50,52950
20240101,10:09:00,1.25,50,52950
20240101,10:09:18,1.3,200,52950
20240101,10:09:24,1.3,600,52950
20240101,10:11:09,1.25,50,52950
20240101,10:11:12,1.25,200,52950
20240101,10:15:16,1.3,50,53250
20240101,10:19:11,1.3,200,53200
20240101,10:20:06,1.25,300,53200
20240101,10:20:07,1.2,2000,53200
20240101,10:25:05,1.1,1350,51450
20240101,10:25:29,1.15,200,51450
20240101,10:27:09,1.15,50,51450
20240101,10:27:34,1.1,200,50250
20240101,10:28:19,1.15,50,50250
20240101,10:30:56,1.15,100,50050
20240101,10:31:01,1.15,200,50050
20240101,10:31:14,1.2,2550,50050
20240101,10:31:16,1.2,250,50050
20240101,10:39:04,1.15,600,49950
20240101,10:39:07,1.15,50,49950
20240101,10:40:44,1.1,50,49950
20240101,10:40:45,1.15,600,49950
20240101,10:40:58,1.25,300,49950
20240101,10:40:59,1.25,50,49950
20240101,10:42:00,1.25,50,49800
20240101,10:42:02,1.25,950,49800
20240101,10:42:06,1.25,250,49800
20240101,10:43:41,1.15,50,49800
20240101,10:44:45,1.15,50,49950
20240101,10:47:51,1.25,200,49900
20240101,10:48:44,1.25,50,49900
20240101,10:49:24,1.25,150,49900
20240101,10:49:43,1.25,100,49900
20240101,10:50:22,1.25,200,49900
20240101,10:53:04,1.25,600,49850
20240101,10:57:48,1.25,50,49850
20240101,10:59:52,1.25,50,50350
20240101,11:01:31,1.25,50,50300
20240101,11:01:34,1.25,50,50300
20240101,11:03:30,1.15,50,50300
20240101,11:04:33,1.2,150,50300
20240101,11:08:52,1.2,100,50300
20240101,11:10:44,1.2,50,50300
20240101,11:10:46,1.2,50,50300
20240101,11:12:09,1.2,50,50300
20240101,11:13:44,1.2,50,50300
20240101,11:15:46,1.2,200,50350
20240101,11:15:48,1.2,350,50350
20240101,11:17:02,1.2,100,50350
20240101,11:17:21,1.2,450,50350
20240101,11:21:38,1.15,1200,50350
20240101,11:24:41,1.1,250,51050
20240101,11:24:49,1.1,50,51050
20240101,11:24:51,1.1,50,51050
20240101,11:29:27,1.1,250,51050
20240101,11:30:37,1.15,950,51300
20240101,11:30:38,1.15,50,51550
20240101,11:31:09,1.15,50,51550
20240101,11:41:07,1.1,100,51550
20240101,11:45:31,1.1,100,51150
20240101,11:58:31,1.1,250,51200
20240101,12:00:19,1.1,250,51200
20240101,12:01:47,1.1,500,51200
20240101,12:01:57,1.1,250,51200
20240101,12:04:51,1.1,300,51350
20240101,12:10:30,1.15,9700,51350
20240101,12:10:31,1.1,1700,51350
20240101,12:10:32,1.5,2900,51350
20240101,12:10:33,1.6,600,51350
20240101,12:10:47,1.2,1150,51350
20240101,12:10:47,1.15,1100,51350
20240101,12:10:59,1.2,50,51350
20240101,12:11:00,1.25,50,51350
20240101,12:11:02,1.15,50,51350
20240101,12:11:02,1.15,2750,51350
20240101,12:11:03,1.15,4250,51350
20240101,12:11:04,1.2,2100,51350
20240101,12:11:05,1.25,7150,51350
20240101,12:11:06,0.95,11550,51350
20240101,12:11:07,0.55,19000,51350
20240101,12:11:08,1.25,400,51350
20240101,12:11:09,1.25,4850,51350
20240101,12:11:10,1.25,12250,51350
20240101,12:11:11,1.65,14300,51350
20240101,12:11:12,1.1,3850,51350
20240101,12:11:15,1.25,50,51350
20240101,12:11:18,1.2,2150,51350
20240101,12:11:21,1.2,250,51350
20240101,12:11:23,1.15,2450,51350
20240101,12:11:24,1.0,4750,51350
20240101,12:11:25,1.25,3200,51350
20240101,12:11:26,1.1,7100,51350
20240101,12:11:28,1.2,2850,51350
20240101,12:11:28,1.2,1300,51350
20240101,12:11:29,1.2,9400,51350
20240101,12:11:30,1.7,7400,51350
20240101,12:11:31,1.15,1450,51350
20240101,12:11:33,1.2,1850,51350
20240101,12:11:40,1.15,2100,51350
20240101,12:11:45,1.15,850,51350
20240101,12:11:46,1.15,100,59300
20240101,12:11:47,1.2,200,59300
20240101,12:11:58,1.2,450,59300
20240101,12:12:07,1.2,2450,59300
20240101,12:12:09,1.25,6250,59300
20240101,12:12:11,1.25,200,59300
20240101,12:12:12,1.25,200,59300
20240101,12:12:13,1.25,300,59300
20240101,12:12:18,1.25,1000,59300
20240101,12:12:19,1.2,50,59300
20240101,12:13:10,1.3,100,59300
20240101,12:13:12,1.3,3650,59300
20240101,12:14:08,1.3,300,59300
20240101,12:14:44,1.35,100,59300
20240101,12:14:54,1.35,100,59700
20240101,12:15:09,1.35,1350,59700
20240101,12:16:02,1.3,150,59700
20240101,12:16:08,1.3,200,59700
20240101,12:16:11,1.35,1800,59700
20240101,12:16:12,1.3,4100,59700
20240101,12:16:13,1.2,11000,59700
20240101,12:16:16,1.4,4650,59700
20240101,12:16:49,1.3,50,59700
20240101,12:17:26,1.3,200,59700
20240101,12:17:33,1.3,50,59700
20240101,12:18:38,1.25,50,61900
20240101,12:18:40,1.25,50,61900
20240101,12:19:06,1.25,300,61900
20240101,12:20:08,1.2,150,61900
20240101,12:21:42,1.15,50,62000
20240101,12:21:45,1.15,50,62000
20240101,12:21:47,1.15,50,62000
20240101,12:21:50,1.15,50,62000
20240101,12:21:53,1.15,50,62000
20240101,12:21:55,1.15,50,62000
20240101,12:21:58,1.15,50,62000
20240101,12:22:00,1.15,50,62000
20240101,12:22:03,1.15,50,62000
20240101,12:22:05,1.15,50,62000
20240101,12:22:08,1.15,50,62000
20240101,12:22:10,1.15,50,62000
20240101,12:22:13,1.15,50,62000
20240101,12:22:15,1.15,50,62000
20240101,12:22:18,1.15,50,62000
20240101,12:22:20,1.15,50,62000
20240101,12:22:29,1.15,50,62000
20240101,12:22:33,1.15,50,62000
20240101,12:22:49,1.15,50,62000
20240101,12:22:54,1.15,50,62000
20240101,12:22:56,1.15,50,62000
20240101,12:22:59,1.15,50,62000
20240101,12:23:01,1.15,50,62000
20240101,12:23:03,1.2,50,62000
20240101,12:23:04,1.15,50,62000
20240101,12:23:06,1.15,50,62000
20240101,12:23:53,1.15,50,61400
20240101,12:26:14,1.15,50,61400
20240101,12:26:55,1.15,50,61400
20240101,12:28:29,1.15,50,61400
20240101,12:30:15,1.15,600,61400
20240101,12:31:12,1.15,600,61400
20240101,12:31:13,1.15,1000,61400
20240101,12:31:16,1.2,50,61400
20240101,12:37:42,1.2,50,61400
20240101,12:42:44,1.15,50,60550
20240101,12:44:54,1.15,50,60550
20240101,12:46:12,1.1,100,60550
20240101,12:46:19,1.15,150,60550
20240101,12:47:47,1.1,100,60750
20240101,12:48:08,1.15,100,60750
20240101,12:48:55,1.15,50,60750
20240101,12:50:26,1.15,150,60750
20240101,12:50:49,1.15,100,60750
20240101,12:51:15,1.15,50,60750
20240101,12:51:27,1.15,50,60750
20240101,12:51:35,1.15,50,60750
20240101,12:51:40,1.2,350,60750
20240101,12:51:42,1.15,50,60750
20240101,12:51:44,1.2,100,60750
20240101,12:52:09,1.15,50,60750
20240101,12:52:10,1.15,50,60750
20240101,12:53:08,1.2,100,60750
20240101,12:53:32,1.15,50,60750
20240101,12:56:42,1.25,1850,60700
20240101,12:56:44,1.2,400,60700
20240101,12:58:57,1.15,50,60700
20240101,12:59:40,1.15,50,62450
20240101,12:59:57,1.15,2000,62400
20240101,13:07:00,1.1,100,62400
20240101,13:45:30,1.15,50,60550
20240101,13:51:39,1.25,50,60550
20240101,13:58:48,1.3,2050,60550
20240101,13:58:53,1.35,2050,60600
20240101,13:58:57,1.3,650,60600
20240101,13:59:07,1.3,3600,60600
20240101,13:59:13,1.3,200,60600
20240101,13:59:15,1.3,100,60600
20240101,13:59:16,1.3,200,60600
20240101,13:59:20,1.35,50,60600
20240101,13:59:21,1.3,50,60600
20240101,13:59:32,1.45,2000,60600
20240101,13:59:33,1.3,50,60600
20240101,13:59:50,1.35,50,60600
20240101,13:59:57,1.35,50,66150
20240101,14:00:12,1.4,50,66150
20240101,14:00:21,1.3,100,66150
20240101,14:00:23,1.3,50,66150
20240101,14:00:27,1.3,50,66150
20240101,14:00:32,1.4,100,66150
20240101,14:00:33,1.3,50,66150
20240101,14:00:45,1.4,50,66150
20240101,14:01:34,1.3,100,66150
20240101,14:01:37,1.4,250,66150
20240101,14:02:01,1.4,1800,66150
20240101,14:02:11,1.4,2200,66150
20240101,14:02:17,1.45,750,66150
20240101,14:02:25,1.4,700,66150
20240101,14:03:18,1.35,100,71200
20240101,14:03:23,1.45,2050,71200
20240101,14:03:31,1.45,400,71200
20240101,14:03:54,1.4,50,71200
20240101,14:04:17,1.45,550,71200
20240101,14:04:17,1.5,3950,71200
20240101,14:04:21,1.5,250,71200
20240101,14:04:25,1.5,100,71200
20240101,14:04:27,1.5,50,71200
20240101,14:05:21,1.55,1900,71200
20240101,14:05:25,1.6,2000,71200
20240101,14:05:27,1.6,4100,71200
20240101,14:05:29,1.6,100,71200
20240101,14:05:40,1.6,100,71200
20240101,14:05:44,1.55,50,71200
20240101,14:05:44,1.5,450,71200
20240101,14:05:58,1.55,250,71200
20240101,14:06:36,1.6,1850,81150
20240101,14:06:43,1.65,1800,81150
20240101,14:07:32,1.65,3650,81150
20240101,14:07:36,1.65,200,81150
20240101,14:07:48,1.6,700,81150
20240101,14:08:14,1.6,1800,81150
20240101,14:08:21,1.6,250,81150
20240101,14:08:32,1.55,100,81150
20240101,14:08:40,1.55,50,81150
20240101,14:09:19,1.55,50,81150
20240101,14:09:41,1.55,250,88750
20240101,14:09:53,1.55,100,88750
20240101,14:10:02,1.55,1350,88750
20240101,14:10:39,1.5,50,88750
20240101,14:10:58,1.5,1800,88750
20240101,14:11:09,1.5,900,88750
20240101,14:11:10,1.5,500,88750
20240101,14:11:11,1.5,1000,88750
20240101,14:11:22,1.55,2250,88750
20240101,14:11:29,1.55,100,88750
20240101,14:12:36,1.55,550,92750
20240101,14:12:41,1.6,50,92750
20240101,14:12:52,1.6,1800,92750
20240101,14:12:53,1.65,2200,92750
20240101,14:13:10,1.65,1050,92750
20240101,14:14:06,1.65,200,92750
20240101,14:15:05,1.7,1500,96350
20240101,14:15:12,1.7,1800,96350
20240101,14:15:13,1.7,1250,96350
20240101,14:15:16,1.7,750,96350
20240101,14:15:22,1.65,100,96350
20240101,14:15:28,1.7,1350,96350
20240101,14:15:52,1.7,600,96350
20240101,14:16:07,1.7,1850,96350
20240101,14:16:43,1.7,50,96350
20240101,14:17:20,1.7,50,96350
20240101,14:17:38,1.7,1800,96350
20240101,14:17:38,1.7,550,96350
20240101,14:17:53,1.7,1250,96350
20240101,14:17:54,1.75,9700,96350
20240101,14:17:55,1.75,1400,96350
20240101,14:17:57,1.75,550,96350
20240101,14:18:01,1.85,6150,113350
20240101,14:18:03,1.8,250,113350
20240101,14:18:04,1.8,150,113350
20240101,14:18:05,1.85,2150,113350
20240101,14:18:07,1.85,50,113350
20240101,14:18:08,1.9,1950,113350
20240101,14:18:11,1.9,50,113350
20240101,14:18:12,1.9,300,113350
20240101,14:18:15,1.8,550,113350
20240101,14:18:17,1.8,750,113350
20240101,14:18:17,1.85,2000,113350
20240101,14:18:21,1.8,350,113350
20240101,14:18:22,1.75,4650,113350
20240101,14:18:30,1.8,1900,113350
20240101,14:18:33,1.8,300,113350
20240101,14:18:36,1.8,50,113350
20240101,14:18:51,1.85,350,113350
20240101,14:18:52,1.85,200,113350
20240101,14:18:53,1.85,100,113350
20240101,14:18:57,1.85,300,113350
20240101,14:19:03,1.85,300,113350
20240101,14:19:34,1.85,50,113350
20240101,14:19:38,1.8,550,113350
20240101,14:19:41,1.8,100,113350
20240101,14:19:50,1.8,50,113350
20240101,14:19:52,1.8,50,113350
20240101,14:19:56,1.8,50,113350
20240101,14:19:59,1.8,50,113350
20240101,14:20:01,1.8,100,113350
20240101,14:20:03,1.8,50,113350
20240101,14:20:04,1.8,50,113350
20240101,14:21:47,1.75,400,128550
20240101,14:21:47,1.75,50,128550
20240101,14:21:59,1.7,1250,128550
20240101,14:22:16,1.7,50,128550
20240101,14:22:28,1.7,250,128550
20240101,14:22:30,1.7,400,128550
20240101,14:22:31,1.7,50,128550
20240101,14:22:34,1.7,50,128550
20240101,14:22:36,1.65,150,128550
20240101,14:22:55,1.65,200,128550
20240101,14:22:58,1.65,50,128550
20240101,14:22:59,1.65,200,128550
20240101,14:23:00,1.65,50,128550
20240101,14:23:01,1.65,50,128550
20240101,14:23:02,1.65,100,128550
20240101,14:23:20,1.65,350,128550
20240101,14:25:35,1.65,1200,128150
20240101,14:27:27,1.65,500,127050
20240101,14:29:36,1.65,100,127050
20240101,14:30:16,1.7,50,127300
20240101,14:31:35,1.75,650,127300
20240101,14:31:47,1.75,1800,127300
20240101,14:31:50,1.75,1800,127300
20240101,14:31:54,1.75,1800,127300
20240101,14:32:36,1.7,400,127300
20240101,14:32:50,1.65,50,127300
20240101,14:33:58,1.65,200,127300
20240101,14:34:20,1.65,200,127300
20240101,14:34:58,1.65,50,127300
20240101,14:36:07,1.6,500,127350
20240101,14:36:33,1.65,50,127350
20240101,14:36:41,1.65,50,127350
20240101,14:37:42,1.6,1150,127350
20240101,14:39:33,1.65,50,127750
20240101,14:39:38,1.65,50,127750
20240101,14:42:48,1.65,700,127700
20240101,14:43:21,1.7,450,127700
20240101,14:43:37,1.7,250,127700
20240101,14:43:38,1.75,2150,127700
20240101,14:43:42,1.8,650,127700
20240101,14:43:48,1.75,50,127700
20240101,14:43:50,1.8,950,127700
20240101,14:43:50,1.85,1200,127700
20240101,14:43:52,1.9,100,127700
20240101,14:43:53,1.85,700,127700
20240101,14:43:57,1.85,300,127700
20240101,14:43:59,1.8,50,127700
20240101,14:44:06,1.85,2050,127700
20240101,14:44:40,1.8,800,127700
20240101,14:44:45,1.85,2050,127700
20240101,14:44:59,1.8,250,127700
20240101,14:48:03,1.8,50,136900
20240101,14:48:05,1.8,300,136900
20240101,14:48:32,1.8,50,136900
20240101,14:48:45,1.8,50,136900
20240101,14:49:13,1.8,100,136900
20240101,14:49:19,1.8,50,136900
20240101,14:50:28,1.9,1150,136900
20240101,14:50:35,1.9,850,136900
20240101,14:51:07,1.85,50,136900
20240101,14:51:15,1.85,100,138650
20240101,14:51:22,1.85,100,138650
20240101,14:51:23,1.8,200,138650
20240101,14:51:33,1.9,50,138650
20240101,14:52:36,1.8,50,138650
20240101,14:52:58,1.8,100,138650
20240101,14:52:59,1.8,350,138650
20240101,14:53:06,1.8,400,138650
20240101,14:53:07,1.8,50,138650
20240101,14:53:09,1.8,50,138650
20240101,14:53:10,1.8,50,138650
20240101,14:53:11,1.8,50,138650
20240101,14:53:12,1.8,50,138650
20240101,14:53:14,1.8,50,138650
20240101,14:53:15,1.8,50,138650
20240101,14:53:16,1.8,50,138650
20240101,14:53:17,1.8,50,138650
20240101,14:53:19,1.8,50,138650
20240101,14:53:20,1.8,50,138650
20240101,14:53:21,1.8,50,138650
20240101,14:53:22,1.8,50,138650
20240101,14:59:38,1.85,50,138650
20240101,15:01:30,1.75,2400,138650
20240101,15:01:41,1.7,200,138700
20240101,15:02:11,1.7,400,138700
20240101,15:02:48,1.7,900,138700
20240101,15:03:24,1.65,600,139200
20240101,15:03:59,1.6,50,139200
20240101,15:04:00,1.6,50,139200
20240101,15:06:27,1.7,200,139200
20240101,15:08:07,1.7,50,139550
20240101,15:08:18,1.7,600,139550
20240101,15:08:19,1.7,50,139550
20240101,15:11:08,1.65,50,139500
20240101,15:11:25,1.6,50,139500
20240101,15:12:44,1.55,100,139500
20240101,15:13:19,1.55,400,139500
20240101,15:14:21,1.5,50,139500
20240101,15:14:59,1.5,50,139500
20240101,15:15:03,1.45,1950,139500
20240101,15:15:38,1.5,200,139500
20240101,15:15:57,1.5,50,137550
20240101,15:16:24,1.45,600,137550
20240101,15:16:51,1.45,500,137550
20240101,15:16:59,1.5,1650,137550
20240101,15:18:02,1.45,50,137550
20240101,15:18:44,1.5,1600,136950
20240101,15:18:48,1.45,500,136950
20240101,15:20:26,1.55,150,136950
20240101,15:21:31,1.45,250,136950
20240101,15:21:38,1.5,1800,137050
20240101,15:21:53,1.45,150,137050
20240101,15:22:27,1.5,1800,137050
20240101,15:22:40,1.5,100,137050
20240101,15:23:02,1.5,200,137050
20240101,15:23:09,1.5,400,137050
20240101,15:23:11,1.5,300,137050
20240101,15:23:12,1.5,100,137050
20240101,15:23:28,1.45,50,137050
20240101,15:23:34,1.45,400,137050
20240101,15:23:40,1.45,50,137050
20240101,15:23:42,1.5,1800,137050
20240101,15:23:54,1.5,500,137050
20240101,15:25:03,1.55,100,136700
20240101,15:25:07,1.55,250,136700
20240101,15:25:10,1.55,50,136700
20240101,15:25:11,1.5,50,136700
20240101,15:25:13,1.5,50,136700
20240101,15:25:22,1.5,200,136700
20240101,15:25:30,1.5,500,136700
20240101,15:25:32,1.5,1200,136700
20240101,15:25:33,1.4,2850,136700
20240101,15:25:56,1.4,250,136700
20240101,15:25:57,1.4,100,136700
20240101,15:26:07,1.4,400,136700
20240101,15:26:08,1.45,2200,136700
20240101,15:26:11,1.45,150,136700
20240101,15:26:38,1.45,50,136700
20240101,15:26:44,1.45,50,136700
20240101,15:27:00,1.45,150,136700
20240101,15:28:16,1.5,50,136700
20240101,15:28:26,1.45,100,136750
20240101,15:28:51,1.45,100,136750
20240101,15:29:12,1.5,50,136750
20240101,15:29:14,1.45,50,136750
20240101,15:29:18,1.45,1500,136750
20240101,15:29:23,1.5,100,136750
20240101,15:29:25,1.5,250,136750
20240101,15:29:36,1.45,200,136750
20240101,15:29:43,1.45,1350,136750
20240101,15:29:51,1.55,1200,136750
20240102,09:15:01,1.5,1,136550
20240102,09:15:01,1.5,50,136550
20240102,09:15:18,1.1,250,136550
20240102,09:16:43,1.1,50,136550
20240102,09:16:44,1.3,250,136550
20240102,09:16:45,1.3,50,136550
20240102,09:17:00,1.25,300,136550
20240102,09:17:17,1.2,50,136550
20240102,09:18:25,1.2,350,136550
20240102,09:18:58,1.15,50,137150
20240102,09:24:47,1.15,500,137400
20240102,09:25:05,1.15,1000,137400
20240102,09:25:06,1.15,250,137400
20240102,09:25:11,1.15,50,137400
20240102,09:44:19,1.15,500,137400
20240102,09:44:44,1.15,500,137400
20240102,09:49:11,1.2,50,137400
20240102,09:51:11,1.15,250,137350
20240102,09:51:25,1.15,900,137350
20240102,09:54:03,1.15,500,137350
20240102,09:54:40,1.15,1400,137500
20240102,09:55:08,1.15,150,137500
20240102,09:56:29,1.15,50,137900
20240102,09:56:45,1.15,200,137900
20240102,09:57:05,1.1,400,137900
20240102,09:57:13,1.1,200,137900
20240102,09:57:28,1.1,50,137900
20240102,09:57:41,1.05,1500,137900
20240102,09:58:38,1.05,350,137900
20240102,10:01:52,1.0,2100,135550
20240102,10:02:06,0.95,1800,135550
20240102,10:02:06,0.95,1700,135550
20240102,10:02:10,0.95,1450,135550
20240102,10:02:11,0.95,50,135550
20240102,10:02:16,0.95,50,135550
20240102,10:02:42,0.9,50,131350
20240102,10:09:18,0.9,1450,131350
20240102,10:09:20,1.0,1000,131350
20240102,10:09:25,1.0,500,131350
20240102,10:15:54,1.05,300,131350
20240102,10:28:46,0.95,2150,131400
20240102,10:28:47,1.05,50,131400
20240102,10:29:10,0.85,1850,131400
20240102,10:29:48,0.85,50,131400
20240102,10:29:56,0.85,100,127850
20240102,10:30:11,0.9,100,127850
20240102,10:32:10,0.9,250,127850
20240102,10:33:05,0.9,100,128000
20240102,10:34:31,0.95,50,128000
20240102,10:36:26,0.9,1500,128000
20240102,10:36:39,0.9,50,128000
20240102,10:36:39,0.95,50,128000
20240102,10:36:45,0.95,50,128000
20240102,10:36:56,1.0,300,128000
20240102,10:37:15,0.95,400,128000
20240102,10:37:20,0.95,100,128000
20240102,10:38:13,0.95,1400,128000
20240102,10:39:13,0.95,150,128000
20240102,10:40:15,0.95,1000,126200
20240102,10:41:19,1.0,300,126200
20240102,10:41:29,1.05,50,126200
20240102,10:41:40,0.95,1950,126200
20240102,10:42:06,0.95,700,125800
20240102,10:42:14,0.95,400,125800
20240102,10:48:29,1.05,200,123100
20240102,10:48:50,1.1,350,123100
20240102,10:48:53,1.05,50,123100
20240102,10:48:56,1.05,200,123100
20240102,10:50:51,1.05,50,123050
20240102,11:07:05,1.05,50,123050
20240102,11:11:23,1.05,1150,123050
20240102,11:12:01,1.0,50,124050
20240102,11:12:05,1.05,600,124050
20240102,11:12:17,1.05,50,124050
20240102,11:13:00,1.05,500,124050
20240102,11:13:06,1.1,2050,124050
20240102,11:13:06,1.1,2450,124050
20240102,11:15:51,1.1,1200,124050
20240102,11:15:53,1.1,50,127500
20240102,11:15:59,1.1,200,127500
20240102,11:20:08,1.15,10700,127500
20240102,11:23:59,1.05,400,127500
20240102,11:28:38,1.05,700,127500
20240102,11:28:43,1.05,750,127750
20240102,11:29:09,1.1,50,127750
20240102,11:30:41,1.05,500,127750
20240102,11:38:18,1.1,50,127500
20240102,11:40:33,1.05,1300,127400
20240102,11:40:33,1.05,250,127400
20240102,11:53:37,1.05,2200,126250
20240102,11:53:50,1.1,400,128050
20240102,11:54:49,1.1,50,128050
20240102,11:59:46,1.0,1400,128050
20240102,12:02:25,1.0,250,124550
20240102,12:02:43,1.0,400,124550
20240102,12:03:23,0.95,2050,124550
20240102,12:04:58,1.0,50,124550
20240102,12:04:59,1.0,1000,124550
20240102,12:04:59,1.0,50,124550
20240102,12:05:14,1.0,700,124550
20240102,12:07:17,1.0,1150,124550
20240102,12:07:18,0.95,2200,122250
20240102,12:07:48,1.0,50,122250
20240102,12:12:17,0.9,250,119450
20240102,12:12:27,1.0,50,119450
20240102,12:13:07,0.9,50,119450
20240102,12:13:23,0.95,900,119450
20240102,12:15:30,1.0,1550,119450
20240102,12:15:41,1.0,50,119450
20240102,12:19:20,0.95,100,119350
20240102,12:20:29,1.0,150,119350
20240102,12:22:01,0.95,500,119350
20240102,12:22:23,0.95,50,119400
20240102,12:22:25,1.0,600,119400
20240102,12:22:58,1.0,50,119400
20240102,12:31:00,0.95,50,119400
20240102,12:34:54,0.9,1000,119400
20240102,12:35:38,0.95,50,119400
20240102,12:36:09,0.95,50,119400
20240102,12:45:47,0.95,1800,119400
20240102,12:46:51,0.95,50,119400
20240102,12:46:52,0.95,50,119400
20240102,12:51:07,0.95,250,119200
20240102,12:53:22,0.95,500,119200
20240102,12:56:12,0.95,50,119300
20240102,13:11:14,0.95,250,119300
20240102,13:35:00,0.9,900,119400
20240102,13:45:38,0.95,200,119550
20240102,13:45:39,0.95,50,119550
20240102,13:45:57,0.95,50,119550
20240102,14:15:30,1.0,300,119550
20240102,14:15:57,1.0,200,119450
20240102,14:16:57,1.1,550,119450
20240102,14:16:57,1.05,50,119450
20240102,14:17:38,1.1,750,119450
20240102,14:18:04,1.1,1750,119450
20240102,14:18:09,1.1,100,120250
20240102,14:18:14,1.15,650,120250
20240102,14:19:05,1.15,250,120250
20240102,14:19:42,1.2,900,120250
20240102,14:19:43,1.2,1550,120250
20240102,14:19:43,1.2,800,120250
20240102,14:19:49,1.2,1550,120250
20240102,14:19:52,1.2,50,120250
20240102,14:19:54,1.15,250,120250
20240102,14:19:55,1.15,350,120250
20240102,14:19:56,1.15,50,120250
20240102,14:20:09,1.2,300,120250
20240102,14:20:12,1.2,300,120250
20240102,14:20:14,1.2,1800,120250
20240102,14:20:20,1.2,400,120250
20240102,14:20:28,1.2,300,120250
20240102,14:20:35,1.2,1000,120250
20240102,14:20:40,1.2,700,120250
20240102,14:20:41,1.2,2050,120250
20240102,14:20:42,1.2,900,120250
20240102,14:20:46,1.2,50,120250
20240102,14:21:49,1.2,350,132850
20240102,14:21:51,1.2,750,132850
20240102,14:21:57,1.25,1850,132850
20240102,14:22:47,1.2,500,132850
20240102,14:23:10,1.2,150,132850
20240102,14:23:17,1.2,100,132850
20240102,14:23:17,1.25,100,132850
20240102,14:24:13,1.15,300,134800
20240102,14:24:14,1.15,50,134800
20240102,14:25:09,1.15,200,134800
20240102,14:25:32,1.15,50,134800
20240102,14:26:18,1.15,250,134800
20240102,14:26:22,1.15,50,134800
20240102,14:26:23,1.15,50,134800
20240102,14:26:25,1.15,50,134800
20240102,14:26:27,1.15,50,134800
20240102,14:26:28,1.15,50,134800
20240102,14:26:29,1.15,50,134800
20240102,14:26:30,1.15,50,134800
20240102,14:26:32,1.15,50,134800
20240102,14:26:33,1.15,50,134800
20240102,14:26:35,1.15,50,134800
20240102,14:26:36,1.15,50,134800
20240102,14:26:37,1.15,50,134800
20240102,14:26:38,1.15,50,134800
20240102,14:26:50,1.15,850,134800
20240102,14:27:30,1.15,500,134800
20240102,14:28:58,1.1,1150,134900
20240102,14:28:58,1.1,1800,134900
20240102,14:29:01,1.15,50,134900
20240102,14:30:02,1.15,200,134900
20240102,14:30:04,1.15,50,135300
20240102,14:30:39,1.1,100,135300
20240102,14:32:09,1.1,200,135300
20240102,14:32:28,1.15,200,135300
20240102,14:32:49,1.1,500,135300
20240102,14:33:15,1.1,100,135300
20240102,14:33:19,1.15,50,135600
20240102,14:33:24,1.1,1450,135600
20240102,14:33:26,1.25,2800,135600
20240102,14:33:34,1.2,50,135600
20240102,14:33:54,1.2,250,135600
20240102,14:34:02,1.2,50,135600
20240102,14:34:03,1.25,2000,135600
20240102,14:34:04,1.25,150,135600
20240102,14:34:05,1.25,250,135600
20240102,14:34:37,1.25,2000,135600
20240102,14:35:19,1.2,150,135600
20240102,14:35:20,1.2,200,135600
20240102,14:36:00,1.25,1950,135600
20240102,14:36:42,1.25,300,143650
20240102,14:36:44,1.25,50,143650
20240102,14:36:50,1.25,50,143650
20240102,14:36:51,1.3,2300,143650
20240102,14:37:31,1.3,1900,143650
20240102,14:37:32,1.3,800,143650
20240102,14:37:33,1.35,600,143650
20240102,14:37:34,1.35,800,143650
20240102,14:37:36,1.3,50,143650
20240102,14:37:36,1.3,350,143650
20240102,14:37:37,1.35,2350,143650
20240102,14:37:55,1.3,1600,143650
20240102,14:38:08,1.3,500,143650
20240102,14:38:10,1.3,50,143650
20240102,14:38:10,1.35,2000,143650
20240102,14:38:11,1.4,2050,143650
20240102,14:38:12,1.35,50,143650
20240102,14:38:13,1.45,1050,143650
20240102,14:38:14,1.35,1250,143650
20240102,14:38:16,1.35,450,143650
20240102,14:38:16,1.35,400,143650
20240102,14:38:18,1.35,1700,143650
20240102,14:38:19,1.4,50,143650
20240102,14:38:19,1.35,350,143650
20240102,14:38:21,1.35,250,143650
20240102,14:38:22,1.35,100,143650
20240102,14:38:33,1.35,2000,143650
20240102,14:38:35,1.35,300,143650
20240102,14:38:37,1.4,1950,143650
20240102,14:38:38,1.3,1900,143650
20240102,14:38:40,1.3,1800,143650
20240102,14:39:48,1.35,1800,165950
20240102,14:39:53,1.35,2800,165950
20240102,14:39:54,1.35,50,165950
20240102,14:39:55,1.4,1850,165950
20240102,14:39:57,1.35,50,165950
20240102,14:39:58,1.4,3150,165950
20240102,14:39:59,1.4,350,165950
20240102,14:40:01,1.4,50,165950
20240102,14:40:03,1.4,1450,165950
20240102,14:40:04,1.4,150,165950
20240102,14:40:05,1.4,400,165950
20240102,14:40:07,1.4,50,165950
20240102,14:40:08,1.4,50,165950
20240102,14:40:08,1.4,750,165950
20240102,14:40:33,1.4,750,165950
20240102,14:40:34,1.45,2350,165950
20240102,14:40:37,1.45,2150,165950
20240102,14:40:38,1.45,450,165950
20240102,14:40:39,1.45,1850,165950
20240102,14:40:40,1.45,400,165950
20240102,14:40:48,1.4,1800,165950
20240102,14:40:51,1.45,1800,165950
20240102,14:40:53,1.45,600,165950
20240102,14:41:23,1.4,850,165950
20240102,14:42:04,1.35,900,165950
20240102,14:42:14,1.35,1350,183600
20240102,14:42:30,1.4,400,183600
20240102,14:42:40,1.45,2450,183600
20240102,14:42:45,1.4,250,183600
20240102,14:42:49,1.4,50,183600
20240102,14:42:54,1.4,50,183600
20240102,14:43:57,1.35,1800,183600
20240102,14:44:11,1.3,50,183600
20240102,14:44:25,1.4,350,183600
20240102,14:44:47,1.3,250,183600
20240102,14:45:04,1.4,500,183600
20240102,14:45:05,1.4,1700,183600
20240102,14:45:06,1.4,50,187650
20240102,14:45:13,1.4,250,187650
20240102,14:45:18,1.4,1450,187650
20240102,14:45:19,1.4,50,187650
20240102,14:45:26,1.4,50,187650
20240102,14:45:28,1.4,50,187650
20240102,14:45:31,1.4,2250,187650
20240102,14:45:33,1.4,50,187650
20240102,14:45:36,1.4,50,187650
20240102,14:45:41,1.4,50,187650
20240102,14:45:45,1.4,50,187650
20240102,14:45:48,1.4,50,187650
20240102,14:45:52,1.4,250,187650
20240102,14:45:56,1.4,250,187650
20240102,14:46:02,1.4,50,187650
20240102,14:46:08,1.4,250,187650
20240102,14:46:13,1.4,250,187650
20240102,14:46:19,1.4,50,187650
20240102,14:46:25,1.4,50,187650
20240102,14:46:30,1.4,50,187650
20240102,14:47:32,1.35,900,187650
20240102,14:47:41,1.35,1250,187650
20240102,14:47:51,1.3,1800,187650
20240102,14:47:57,1.3,800,187650
20240102,14:48:10,1.35,950,187650
20240102,14:48:30,1.3,500,185700
20240102,14:48:35,1.3,100,185700
20240102,14:49:41,1.3,800,185700
20240102,14:50:37,1.3,500,185700
20240102,14:51:18,1.3,900,185850
20240102,14:53:30,1.3,300,185850
20240102,14:56:43,1.25,300,186300
20240102,14:56:57,1.2,400,186300
20240102,14:57:13,1.2,100,186300
20240102,14:57:43,1.2,100,186350
20240102,15:00:55,1.2,2000,186500
20240102,15:01:30,1.2,900,186500
20240102,15:01:45,1.25,1150,186500
20240102,15:01:55,1.25,1200,186500
20240102,15:02:32,1.25,1800,186500
20240102,15:04:04,1.25,900,186500
20240102,15:04:14,1.25,1100,186450
20240102,15:05:59,1.25,2050,186450
20240102,15:06:03,1.25,2050,186450
20240102,15:06:11,1.25,550,186450
20240102,15:07:53,1.2,500,186950
20240102,15:08:12,1.2,1800,186950
20240102,15:08:15,1.2,200,186950
20240102,15:08:47,1.25,500,186950
20240102,15:09:31,1.25,50,187000
20240102,15:09:33,1.25,50,187000
20240102,15:10:14,1.2,200,187000
20240102,15:11:29,1.2,800,187000
20240102,15:11:29,1.2,700,187000
20240102,15:11:30,1.2,250,187000
20240102,15:12:55,1.25,550,187350
20240102,15:12:56,1.25,2500,187350
20240102,15:13:00,1.3,100,187350
20240102,15:13:45,1.2,600,187350
20240102,15:14:43,1.15,100,187350
20240102,15:15:20,1.2,2150,187350
20240102,15:15:21,1.2,1100,188050
20240102,15:16:49,1.25,300,188050
20240102,15:16:53,1.25,250,188050
20240102,15:16:57,1.25,250,188050
20240102,15:17:43,1.15,1000,188050
20240102,15:18:00,1.15,500,188050
20240102,15:18:23,1.15,100,188050
20240102,15:20:13,1.15,100,186400
20240102,15:20:45,1.15,100,186400
20240102,15:21:01,1.2,200,186400
20240102,15:21:10,1.2,50,186400
20240102,15:21:11,1.2,50,186400
20240102,15:21:22,1.2,1200,186400
20240102,15:21:28,1.2,3750,186400
20240102,15:25:00,1.25,400,186400
20240102,15:25:02,1.25,350,186400
20240102,15:25:05,1.25,750,186400
20240102,15:25:06,1.25,4000,186400
20240102,15:25:06,1.25,1200,186400
20240102,15:25:08,1.2,500,186400
20240102,15:25:10,1.25,50,186400
20240102,15:25:12,1.25,50,186400
20240102,15:25:15,1.25,50,186400
20240102,15:25:17,1.25,50,186400
20240102,15:25:20,1.25,50,186400
20240102,15:25:22,1.25,50,186400
20240102,15:25:24,1.2,100,186400
20240102,15:25:25,1.25,50,186400
20240102,15:25:27,1.25,50,186400
20240102,15:25:45,1.25,50,186400
20240102,15:25:48,1.25,200,186400
20240102,15:25:50,1.25,150,186400
20240102,15:25:51,1.15,400,186400
20240102,15:26:08,1.2,100,186400
20240102,15:26:18,1.2,400,186400
20240102,15:26:19,1.15,550,186400
20240102,15:26:21,1.2,400,186400
20240102,15:26:25,1.2,200,186400
20240102,15:26:49,1.2,100,186400
20240102,15:27:03,1.2,1800,186400
20240102,15:27:07,1.2,200,186400
20240102,15:27:11,1.2,1200,186400
20240102,15:27:21,1.2,100,186400
20240102,15:29:32,1.25,200,183300
20240103,09:15:03,1.25,1,183300
20240103,09:15:03,1.25,400,183300
20240103,09:15:06,1.25,50,182100
20240103,09:15:59,1.15,350,182100
20240103,09:16:04,1.0,450,182100
20240103,09:16:06,1.0,50,182100
20240103,09:16:07,1.0,50,182100
20240103,09:16:09,1.0,100,182100
20240103,09:16:11,1.0,50,182100
20240103,09:16:12,1.0,50,182100
20240103,09:16:13,1.0,50,182100
20240103,09:16:14,1.0,50,182100
20240103,09:16:16,1.0,50,182100
20240103,09:16:17,1.0,50,182100
20240103,09:16:18,1.0,50,182100
20240103,09:16:19,1.0,50,182100
20240103,09:16:21,1.0,50,182100
20240103,09:16:22,1.0,50,182100
20240103,09:16:23,1.0,50,182100
20240103,09:16:24,1.0,50,182100
20240103,09:16:50,1.0,1100,182100
20240103,09:17:08,1.0,200,182100
20240103,09:17:13,1.1,200,182100
20240103,09:17:15,1.05,50,182100
20240103,09:17:19,1.05,50,182100
20240103,09:17:29,1.05,250,182100
20240103,09:17:30,1.05,4800,182850
20240103,09:17:31,1.05,1150,182850
20240103,09:17:33,1.1,100,182850
20240103,09:17:38,1.05,850,182850
20240103,09:17:39,1.05,800,182850
20240103,09:17:42,1.05,900,182850
20240103,09:17:44,1.05,50,182850
20240103,09:17:47,1.05,200,182850
20240103,09:17:51,1.05,800,182850
20240103,09:18:02,1.05,300,182850
20240103,09:18:28,1.05,50,182850
20240103,09:18:29,1.05,50,182850
20240103,09:18:55,1.05,600,182850
20240103,09:19:12,1.05,450,182850
20240103,09:19:12,1.1,1800,182850
20240103,09:19:27,1.15,1950,182850
20240103,09:19:27,1.15,1900,182850
20240103,09:19:32,1.2,2250,182850
20240103,09:19:54,1.1,150,182850
20240103,09:20:15,1.1,50,182850
20240103,09:21:27,1.1,200,190700
20240103,09:21:41,1.05,1800,190700
20240103,09:21:43,1.05,1800,190700
20240103,09:21:44,1.05,1800,190700
20240103,09:21:46,1.05,50,190700
20240103,09:21:52,1.05,50,190700
20240103,09:22:04,1.05,50,190700
20240103,09:22:06,1.05,100,190700
20240103,09:22:07,1.1,1800,190700
20240103,09:22:08,1.1,50,190700
20240103,09:23:00,1.05,1350,190700
20240103,09:23:05,1.05,50,190700
20240103,09:23:08,1.05,50,190700
20240103,09:24:11,1.0,250,193250
20240103,09:25:22,1.0,1800,193250
20240103,09:26:18,1.0,5400,193250
20240103,09:26:23,1.05,50,193250
20240103,09:27:15,1.0,1000,193150
20240103,09:27:18,1.0,50,193150
20240103,09:27:28,1.0,850,193150
20240103,09:27:41,1.0,400,193150
20240103,09:27:45,1.0,100,193150
20240103,09:27:59,1.0,550,193150
20240103,09:28:01,1.0,250,193150
20240103,09:28:04,1.0,50,193150
20240103,09:28:06,1.0,350,193150
20240103,09:28:07,1.0,1000,193150
20240103,09:28:18,1.0,750,193150
20240103,09:28:21,1.0,50,193150
20240103,09:28:22,1.0,50,193150
20240103,09:29:19,1.0,400,193150
20240103,09:29:19,1.0,50,193150
20240103,09:29:20,1.0,100,193150
20240103,09:29:46,1.0,1000,193350
20240103,09:30:00,1.0,200,193350
20240103,09:30:00,1.0,150,193350
20240103,09:30:37,1.0,100,193350
20240103,09:32:34,1.0,2000,193350
20240103,09:32:43,1.05,50,193800
20240103,09:33:49,1.0,600,193800
20240103,09:34:05,1.0,50,193800
20240103,09:34:18,1.0,200,193800
20240103,09:34:20,1.0,50,193800
20240103,09:34:29,0.95,100,193800
20240103,09:34:33,0.95,350,193800
20240103,09:34:43,0.95,250,193800
20240103,09:34:44,0.95,3500,193800
20240103,09:34:47,0.95,550,193800
20240103,09:34:49,0.95,100,193800
20240103,09:34:49,0.95,300,193800
20240103,09:34:51,0.95,300,193800
20240103,09:34:52,0.95,100,193800
20240103,09:34:54,0.95,100,193800
20240103,09:34:55,0.95,300,193800
20240103,09:34:57,0.95,700,193800
20240103,09:34:58,0.95,50,193800
20240103,09:34:59,0.95,300,193800
20240103,09:35:01,0.95,100,193800
20240103,09:35:03,0.95,500,193800
20240103,09:35:06,0.95,300,193800
20240103,09:35:07,0.95,100,193800
20240103,09:35:08,0.95,50,193800
20240103,09:35:09,0.9,500,193800
20240103,09:35:11,0.9,400,193800
20240103,09:35:12,1.0,650,193800
20240103,09:35:13,0.95,400,193800
20240103,09:35:14,0.95,300,193800
20240103,09:35:16,0.95,100,193800
20240103,09:35:17,0.95,200,193800
20240103,09:35:26,0.95,200,193800
20240103,09:35:28,0.95,400,193800
20240103,09:35:30,0.95,300,193800
20240103,09:35:32,0.95,50,196200
20240103,09:35:47,0.95,50,196200
20240103,09:37:08,0.95,1200,196200
20240103,09:37:55,0.9,50,196200
20240103,09:38:03,0.9,250,196200
20240103,09:38:52,0.95,600,196000
20240103,09:39:24,0.95,300,196000
20240103,09:40:03,0.9,700,196000
20240103,09:40:23,0.9,100,196000
20240103,09:40:40,0.95,500,196000
20240103,09:40:47,0.95,200,196000
20240103,09:41:18,0.9,1700,196000
20240103,09:42:08,0.85,1150,195550
20240103,09:42:08,0.85,200,195550
20240103,09:42:23,0.8,800,195550
20240103,09:42:38,0.8,550,195550
20240103,09:42:50,0.8,200,195550
20240103,09:43:12,0.8,50,195550
20240103,09:43:51,0.9,100,195550
20240103,09:43:53,0.85,350,195550
20240103,09:43:58,0.75,250,195550
20240103,09:44:07,0.75,600,195550
20240103,09:44:15,0.8,1950,195550
20240103,09:44:18,0.75,100,195550
20240103,09:44:28,0.75,1400,195550
20240103,09:44:30,0.75,2000,195550
20240103,09:44:34,0.7,1300,193000
20240103,09:44:35,0.7,250,193000
20240103,09:44:36,0.65,1850,193000
20240103,09:44:37,0.65,50,193000
20240103,09:44:38,0.7,650,193000
20240103,09:44:44,0.75,850,193000
20240103,09:44:56,0.7,2550,193000
20240103,09:44:57,0.7,100,193000
20240103,09:44:58,0.7,700,193000
20240103,09:44:59,0.7,450,193000
20240103,09:48:14,0.65,400,193000
20240103,09:48:15,0.65,250,188350
20240103,09:48:36,0.65,50,188350
20240103,09:49:36,0.65,400,188350
20240103,09:49:41,0.7,100,188350
20240103,09:49:48,0.7,1200,188350
20240103,09:49:49,0.7,200,188350
20240103,09:49:51,0.75,150,188350
20240103,09:51:27,0.7,700,188350
20240103,09:53:54,0.75,400,188050
20240103,09:54:22,0.75,400,188050
20240103,09:54:51,0.75,1050,188050
20240103,09:54:57,0.75,50,188050
20240103,09:54:59,0.8,1950,188050
20240103,09:55:00,0.75,750,188050
20240103,09:55:21,0.7,350,188050
20240103,09:59:44,0.7,50,188850
20240103,10:00:12,0.7,750,188850
20240103,10:00:44,0.7,300,188850
20240103,10:00:45,0.7,50,188850
20240103,10:02:37,0.75,1000,188850
20240103,10:05:14,0.75,400,189700
20240103,10:05:34,0.7,450,189700
20240103,10:06:12,0.7,50,189700
20240103,10:06:49,0.75,300,189550
20240103,10:06:52,0.75,50,189550
20240103,10:09:28,0.8,50,189550
20240103,10:10:39,0.75,600,189250
20240103,10:11:54,0.8,50,189600
20240103,10:12:03,0.75,500,189600
20240103,10:12:08,0.75,250,189600
20240103,10:12:26,0.7,150,189600
20240103,10:13:41,0.7,2550,189600
20240103,10:15:08,0.7,200,189600
20240103,10:16:02,0.7,250,187350
20240103,10:22:18,0.75,250,187250
20240103,10:22:34,0.65,1800,187250
20240103,10:23:22,0.65,50,187250
20240103,10:23:48,0.65,150,187250
20240103,10:24:20,0.65,250,185400
20240103,10:33:59,0.65,100,185400
20240103,10:35:11,0.75,1700,185400
20240103,10:35:16,0.8,200,185400
20240103,10:35:17,0.8,200,185400
20240103,10:35:20,0.8,200,185400
20240103,10:35:26,0.8,800,185400
20240103,10:35:27,0.85,2350,185400
20240103,10:35:27,0.9,2100,185400
20240103,10:35:28,0.9,300,185400
20240103,10:35:29,0.95,4300,185400
20240103,10:35:30,0.9,850,185400
20240103,10:35:31,0.9,550,185400
20240103,10:35:32,0.95,250,185400
20240103,10:35:34,0.9,1850,185400
20240103,10:35:35,0.9,50,185400
20240103,10:35:36,0.9,400,185400
20240103,10:35:36,1.0,2250,185400
20240103,10:35:38,0.9,2700,185400
20240103,10:35:39,0.9,350,200100
20240103,10:35:40,0.95,1300,200100
20240103,10:35:41,0.95,1050,200100
20240103,10:35:44,0.95,300,200100
20240103,10:35:45,0.95,150,200100
20240103,10:35:48,0.95,2150,200100
20240103,10:35:49,0.95,400,200100
20240103,10:35:49,0.95,600,200100
20240103,10:35:51,0.95,3450,200100
20240103,10:35:51,0.95,1550,200100
20240103,10:35:53,0.95,550,200100
20240103,10:35:59,0.95,1800,200100
20240103,10:36:00,0.95,50,200100
20240103,10:36:02,0.95,50,200100
20240103,10:36:09,0.9,250,200100
20240103,10:36:10,0.95,2050,200100
20240103,10:36:12,0.95,300,200100
20240103,10:36:17,0.95,2250,200100
20240103,10:37:03,0.9,50,200100
20240103,10:37:12,0.85,500,200100
20240103,10:38:42,0.85,200,213950
20240103,10:38:44,0.85,2350,213950
20240103,10:38:45,0.85,200,213950
20240103,10:38:46,0.85,50,213950
20240103,10:39:31,0.85,200,213950
20240103,10:40:38,0.8,1150,213950
20240103,10:43:24,0.8,500,213950
20240103,10:43:38,0.85,850,216300
20240103,10:43:43,0.8,100,216300
20240103,10:43:55,0.85,250,216300
20240103,10:44:00,0.8,300,216300
20240103,10:44:03,0.8,300,216300
20240103,10:48:56,0.75,200,216500
20240103,10:49:32,0.75,1450,216500
20240103,10:49:35,0.75,100,216500
20240103,10:49:37,0.75,50,216500
20240103,10:49:38,0.75,50,216500
20240103,10:49:39,0.75,50,216500
20240103,10:49:40,0.75,50,216500
20240103,10:49:42,0.75,50,216500
20240103,10:49:43,0.75,50,216500
20240103,10:49:45,0.75,100,216500
20240103,10:49:47,0.75,50,216500
20240103,10:49:48,0.75,50,216500
20240103,10:49:49,0.75,50,216500
20240103,10:49:50,0.75,100,216500
20240103,10:49:52,0.75,50,216500
20240103,10:51:05,0.75,400,216500
20240103,10:51:06,0.75,1800,214500
20240103,10:51:07,0.75,50,214500
20240103,10:51:08,0.75,100,214500
20240103,10:51:10,0.75,50,214500
20240103,10:51:12,0.75,50,214500
20240103,10:51:13,0.75,50,214500
20240103,10:51:15,0.75,50,214500
20240103,10:51:17,0.75,50,214500
20240103,10:51:18,0.75,50,214500
20240103,10:51:20,0.75,50,214500
20240103,10:51:22,0.75,50,214500
20240103,10:51:23,0.75,50,214500
20240103,10:51:25,0.75,50,214500
20240103,10:51:25,0.75,950,214500
20240103,10:51:35,0.7,2150,214500
20240103,10:51:35,0.7,1100,214500
20240103,10:51:36,0.75,50,214500
20240103,10:51:38,0.75,50,214500
20240103,10:51:39,0.75,100,214500
20240103,10:51:40,0.75,150,214500
20240103,10:51:57,0.75,50,214500
20240103,10:51:58,0.75,50,214500
20240103,10:52:00,0.75,50,214500
20240103,10:52:01,0.75,50,214500
20240103,10:52:02,0.75,50,214500
20240103,10:52:03,0.75,50,214500
20240103,10:52:06,0.7,2200,214500
20240103,10:52:07,0.7,1700,214500
20240103,10:52:09,0.7,300,214500
20240103,10:52:11,0.7,600,214500
20240103,10:52:12,0.65,1800,214500
20240103,10:53:30,0.7,500,214500
20240103,11:09:01,0.75,200,206650
20240103,11:11:06,0.7,500,206650
20240103,11:19:03,0.7,700,206650
20240103,11:19:04,0.75,1100,207000
20240103,11:19:08,0.8,50,207000
20240103,11:19:09,0.8,200,207000
20240103,11:19:12,0.8,2050,207000
20240103,11:19:13,0.8,50,207000
20240103,11:21:11,0.8,1500,207000
20240103,11:22:44,0.8,50,208500
20240103,11:23:01,0.85,450,208500
20240103,11:23:50,0.85,1050,208900
20240103,11:23:52,0.85,50,208900
20240103,11:23:54,0.85,50,208900
20240103,11:23:56,0.85,50,208900
20240103,11:23:57,0.85,50,208900
20240103,11:23:59,0.85,50,208900
20240103,11:24:00,0.85,50,208900
20240103,11:24:09,0.9,2100,208900
20240103,11:24:12,0.85,50,208900
20240103,11:24:16,0.85,300,208900
20240103,11:24:19,0.85,50,208900
20240103,11:24:25,0.85,400,208900
20240103,11:24:27,0.85,50,208900
20240103,11:24:29,0.85,50,208900
20240103,11:24:33,0.85,50,208900
20240103,11:24:36,0.85,50,208900
20240103,11:24:56,0.85,50,208900
20240103,11:25:01,0.85,50,208900
20240103,11:25:06,0.9,2050,208900
20240103,11:25:08,0.9,100,208900
20240103,11:25:13,0.85,250,208900
20240103,11:25:32,0.9,1650,208900
20240103,11:25:35,0.85,50,208900
20240103,11:32:54,0.85,400,208900
20240103,11:32:56,0.85,250,214650
20240103,11:33:30,0.85,500,214650
20240103,11:33:42,0.8,250,214650
20240103,11:35:46,0.9,50,214650
20240103,11:37:43,0.85,650,215650
20240103,11:37:46,0.85,600,215650
20240103,11:37:50,0.85,50,215650
20240103,11:37:54,0.85,50,215650
20240103,11:39:39,0.8,300,215650
20240103,11:40:20,0.8,350,215400
20240103,11:48:34,0.8,200,215400
20240103,11:48:35,0.8,50,215550
20240103,11:49:24,0.85,300,215550
20240103,11:49:29,0.85,250,215550
20240103,11:51:18,1.0,3250,215550
20240103,11:51:21,1.0,200,215250
20240103,11:51:22,0.95,900,215250
20240103,11:51:24,1.0,250,215250
20240103,11:51:25,1.0,50,215250
20240103,11:51:27,1.0,50,215250
20240103,11:51:29,1.0,550,215250
20240103,11:51:31,1.0,350,215250
20240103,11:51:32,1.0,1300,215250
20240103,11:51:34,1.0,50,215250
20240103,11:51:34,1.05,2000,215250
20240103,11:51:36,1.1,4450,215250
20240103,11:51:37,1.05,1200,215250
20240103,11:51:38,1.0,50,215250
20240103,11:51:40,1.15,3200,215250
20240103,11:51:41,1.05,350,215250
20240103,11:51:42,1.05,400,215250
20240103,11:51:44,1.0,350,215250
20240103,11:51:44,1.0,50,215250
20240103,11:51:45,1.05,250,215250
20240103,11:51:46,1.05,2150,215250
20240103,11:51:49,1.05,650,215250
20240103,11:51:51,1.0,2100,215250
20240103,11:51:52,0.95,3100,215250
20240103,11:51:54,0.95,250,215250
20240103,11:51:56,1.0,50,215250
20240103,11:51:57,1.0,50,215250
20240103,11:51:59,1.0,100,215250
20240103,11:52:01,1.0,50,215250
20240103,11:52:02,1.0,50,215250
20240103,11:52:03,1.0,600,215250
20240103,11:52:04,0.95,50,215250
20240103,11:52:05,0.95,400,215250
20240103,11:52:06,0.95,50,215250
20240103,11:52:07,0.95,150,215250
20240103,11:52:08,0.95,50,215250
20240103,11:52:09,0.95,50,215250
20240103,11:52:10,0.95,100,215250
20240103,11:52:12,0.95,50,215250
20240103,11:52:36,0.9,500,215250
20240103,11:53:04,0.95,1000,215250
20240103,11:53:23,0.9,50,215250
20240103,11:53:27,0.9,50,215250
20240103,11:53:30,0.9,50,215250
20240103,11:53:32,0.95,1300,215250
20240103,11:54:25,0.9,50,237850
20240103,11:54:26,0.9,50,237850
20240103,11:54:28,0.9,50,237850
20240103,11:54:29,0.9,100,237850
20240103,11:54:32,0.85,350,237850
20240103,11:54:33,0.9,50,237850
20240103,11:54:36,0.9,50,237850
20240103,11:54:39,0.9,50,237850
20240103,11:54:43,0.9,150,237850
20240103,11:54:44,0.9,400,237850
20240103,11:55:02,0.9,1000,237850
20240103,11:55:05,0.9,300,237850
20240103,11:56:23,0.85,250,237850
20240103,11:56:56,0.85,350,238050
20240103,11:56:58,0.85,250,238050
20240103,11:57:42,0.8,450,238050
20240103,11:58:20,0.8,100,238050
20240103,11:58:21,0.85,250,238050
20240103,11:58:28,0.85,250,238050
20240103,11:58:48,0.85,250,238050
20240103,12:00:43,0.8,800,238050
20240103,12:00:43,0.8,50,237450
20240103,12:00:44,0.8,300,237450
20240103,12:00:46,0.8,50,237450
20240103,12:00:48,0.8,100,237450
20240103,12:00:51,0.8,50,237450
20240103,12:00:53,0.8,50,237450
20240103,12:00:54,0.8,50,237450
20240103,12:00:56,0.8,50,237450
20240103,12:00:56,0.8,200,237450
20240103,12:01:33,0.8,150,237450
20240103,12:04:23,0.8,800,237650
20240103,12:04:24,0.8,50,237650
20240103,12:04:27,0.8,100,237650
20240103,12:04:29,0.8,100,237650
20240103,12:04:39,0.8,100,237650
20240103,12:05:01,0.8,600,237650
20240103,12:06:00,0.8,50,237650
20240103,12:06:01,0.8,50,238100
20240103,12:06:02,0.8,50,238100
20240103,12:06:03,0.8,50,238100
20240103,12:06:05,0.8,50,238100
20240103,12:06:06,0.8,50,238100
20240103,12:06:07,0.8,50,238100
20240103,12:06:08,0.8,50,238100
20240103,12:06:09,0.8,100,238100
20240103,12:06:10,0.8,100,238100
20240103,12:06:11,0.8,50,238100
20240103,12:06:12,0.8,50,238100
20240103,12:06:13,0.8,50,238100
20240103,12:06:14,0.8,50,238100
20240103,12:06:15,0.8,100,238100
20240103,12:06:16,0.8,50,238100
20240103,12:06:26,0.8,50,238100
20240103,12:06:28,0.8,50,238100
20240103,12:06:29,0.8,50,238100
20240103,12:06:30,0.8,50,238100
20240103,12:06:31,0.8,50,238100
20240103,12:06:33,0.8,50,238100
20240103,12:06:34,0.8,50,238100
20240103,12:06:44,0.8,50,238100
20240103,12:07:00,0.8,200,238100
20240103,12:07:02,0.8,50,238100
20240103,12:08:07,0.8,100,238100
20240103,12:08:14,0.8,50,238100
20240103,12:11:09,0.8,50,238100
20240103,12:11:10,0.75,1850,237800
20240103,12:11:15,0.8,50,237800
20240103,12:11:16,0.8,50,237800
20240103,12:13:07,0.75,650,237800
20240103,12:13:09,0.75,450,236650
20240103,12:13:13,0.75,150,236650
20240103,12:14:54,0.75,800,237050
20240103,12:16:55,0.75,450,237050
20240103,12:19:23,0.75,50,237100
20240103,12:19:40,0.75,200,237100
20240103,12:21:34,0.75,100,237100
20240103,12:21:39,0.75,50,237100
20240103,12:21:41,0.75,50,237100
20240103,12:21:43,0.75,50,237100
20240103,12:21:46,0.75,50,237100
20240103,12:21:50,0.75,50,237100
20240103,12:21:53,0.75,50,237100
20240103,12:22:05,0.75,50,237100
20240103,12:22:27,0.75,150,237100
20240103,12:26:17,0.75,500,237100
20240103,12:27:06,0.65,3150,236800
20240103,12:27:08,0.65,1500,236800
20240103,12:27:09,0.65,250,236800
20240103,12:27:14,0.7,250,236800
20240103,12:27:16,0.7,100,236800
20240103,12:27:18,0.7,50,236800
20240103,12:27:21,0.7,100,236800
20240103,12:27:23,0.7,100,236800
20240103,12:27:26,0.7,100,236800
20240103,12:27:28,0.7,50,236800
20240103,12:27:31,0.7,50,236800
20240103,12:27:31,0.7,150,236800
20240103,12:30:01,0.7,1400,234050
20240103,12:30:09,0.6,5850,234050
20240103,12:30:10,0.6,550,234050
20240103,12:30:11,0.6,50,234050
20240103,12:30:13,0.7,300,234050
20240103,12:30:20,0.65,450,234050
20240103,12:30:21,0.65,50,234050
20240103,12:30:22,0.65,50,234050
20240103,12:30:23,0.65,100,234050
20240103,12:30:24,0.65,450,234050
20240103,12:30:25,0.65,50,234050
20240103,12:31:01,0.65,300,234050
20240103,12:31:12,0.65,200,234050
20240103,12:33:33,0.65,100,226100
20240103,12:42:32,0.6,1050,226050
20240103,12:42:33,0.6,50,226050
20240103,12:46:08,0.65,200,226300
20240103,12:47:06,0.65,50,226300
20240103,12:49:17,0.7,250,226300
20240103,12:49:22,0.7,1000,226200
20240103,12:49:34,0.75,2100,226200
20240103,12:49:35,0.8,2850,226200
20240103,12:49:37,0.8,900,226200
20240103,12:49:38,0.8,500,226200
20240103,12:49:39,0.85,1950,226200
20240103,12:49:40,0.85,3850,226200
20240103,12:49:41,0.85,750,226200
20240103,12:49:49,0.8,550,226200
20240103,12:50:05,0.7,250,226200
20240103,12:52:03,0.7,500,238350
20240103,12:52:12,0.75,150,238350
20240103,12:52:27,0.75,450,238350
20240103,12:54:28,0.75,450,238350
20240103,12:54:29,0.7,800,238350
20240103,12:54:33,0.75,300,238350
20240103,12:54:34,0.8,1900,238350
20240103,12:54:36,0.8,50,238350
20240103,12:54:36,0.8,600,238350
20240103,12:54:37,0.9,4100,238350
20240103,12:54:38,0.8,500,238350
20240103,12:54:39,0.9,1600,238350
20240103,12:54:41,0.9,2100,238350
20240103,12:54:42,0.9,1400,238350
20240103,12:54:43,0.9,1550,238350
20240103,12:54:44,0.9,2500,238350
20240103,12:54:46,0.85,100,238350
20240103,12:54:48,0.9,1950,238350
20240103,12:54:49,0.85,400,238350
20240103,12:54:51,0.85,350,238350
20240103,12:54:53,0.85,100,238350
20240103,12:54:56,0.85,50,238350
20240103,12:54:58,0.85,100,238350
20240103,12:55:01,0.85,1650,238350
20240103,12:55:03,0.85,50,238350
20240103,12:55:04,0.85,50,238350
20240103,12:55:09,0.8,100,238350
20240103,12:55:11,0.8,100,238350
20240103,12:55:14,0.8,50,238350
20240103,12:55:16,0.8,50,238350
20240103,12:55:18,0.8,50,238350
20240103,12:55:19,0.8,100,238350
20240103,12:55:20,0.9,3550,238350
20240103,12:55:21,0.9,300,238350
20240103,12:55:22,0.9,700,238350
20240103,12:55:23,0.85,3950,238350
20240103,12:55:24,0.85,1200,238350
20240103,12:55:25,0.9,400,238350
20240103,12:55:26,0.85,2350,238350
20240103,12:55:29,0.85,1900,238350
20240103,12:55:32,0.9,1900,238350
20240103,12:55:34,0.9,2700,238350
20240103,12:55:36,0.9,450,238350
20240103,12:55:37,0.85,100,238350
20240103,12:55:38,0.85,300,238350
20240103,12:55:39,0.85,50,238350
20240103,12:55:55,0.8,50,238350
20240103,12:55:57,0.8,50,238350
20240103,12:55:59,0.8,50,238350
20240103,12:56:00,0.8,50,238350
20240103,12:56:02,0.8,50,238350
20240103,12:56:03,0.8,50,238350
20240103,12:56:04,0.8,50,238350
20240103,12:56:05,0.8,50,238350
20240103,12:56:07,0.8,50,238350
20240103,12:56:10,0.8,50,238350
20240103,12:56:11,0.8,900,238350
20240103,12:56:30,0.85,1200,238350
20240103,12:56:32,0.8,100,238350
20240103,12:56:34,0.8,50,238350
20240103,12:56:35,0.8,50,238350
20240103,12:56:37,0.8,100,238350
20240103,12:56:39,0.85,600,238350
20240103,12:56:39,0.9,3650,238350
20240103,12:56:40,0.85,1950,238350
20240103,12:56:41,0.9,1800,238350
20240103,12:56:42,0.85,4050,238350
20240103,12:56:44,0.9,500,238350
20240103,12:56:45,0.95,3700,238350
20240103,12:56:46,0.9,400,238350
20240103,12:56:47,0.95,1900,238350
20240103,12:56:48,0.95,1800,238350
20240103,12:56:49,0.9,450,238350
20240103,12:56:50,0.95,1850,238350
20240103,12:56:52,0.95,3900,238350
20240103,12:56:54,0.95,1850,238350
20240103,12:56:55,0.9,50,238350
20240103,12:57:02,0.9,50,238350
20240103,12:57:02,0.9,50,302300
20240103,12:57:04,0.9,50,302300
20240103,12:57:05,0.9,50,302300
20240103,12:57:07,0.9,100,302300
20240103,12:57:09,0.9,1500,302300
20240103,12:57:20,0.85,100,302300
20240103,12:57:22,0.85,50,302300
20240103,12:57:25,0.85,100,302300
20240103,12:57:28,0.85,100,302300
20240103,12:57:30,0.85,100,302300
20240103,12:57:32,0.85,100,302300
20240103,12:57:35,0.85,100,302300
20240103,12:57:38,0.85,100,302300
20240103,12:57:40,0.85,100,302300
20240103,12:57:42,0.85,100,302300
20240103,12:57:45,0.85,100,302300
20240103,12:57:47,0.85,50,302300
20240103,12:57:48,0.85,50,302300
20240103,12:57:50,0.85,100,302300
20240103,12:57:52,0.85,1900,302300
20240103,12:57:54,0.85,900,302300
20240103,12:57:57,0.85,2100,302300
20240103,12:57:57,0.9,1800,302300
20240103,12:58:00,0.85,2200,302300
20240103,12:58:00,0.85,350,302300
20240103,12:58:02,0.85,50,302300
20240103,12:58:04,0.85,350,302300
20240103,12:58:05,0.85,100,302300
20240103,12:58:13,0.85,400,302300
20240103,12:58:13,0.85,50,302300
20240103,12:58:15,0.85,100,302300
20240103,12:58:18,0.85,50,302300
20240103,12:58:19,0.85,50,302300
20240103,12:58:20,0.85,50,302300
20240103,12:58:23,0.85,50,302300
20240103,12:58:24,0.85,50,302300
20240103,12:58:25,0.85,50,302300
20240103,12:58:28,0.85,100,302300
20240103,12:58:30,0.85,50,302300
20240103,12:58:33,0.85,100,302300
20240103,12:58:35,0.85,50,302300
20240103,12:58:37,0.85,50,302300
20240103,12:58:38,0.85,50,302300
20240103,12:58:39,0.85,50,302300
20240103,12:58:40,0.85,50,302300
20240103,12:58:41,0.85,50,302300
20240103,12:58:43,0.85,50,302300
20240103,12:58:46,0.85,100,302300
20240103,12:58:48,0.85,400,302300
20240103,12:58:48,0.85,50,302300
20240103,12:58:50,0.85,50,302300
20240103,12:58:51,0.85,50,302300
20240103,12:58:53,0.85,50,302300
20240103,12:58:54,0.85,50,302300
20240103,12:58:55,0.85,50,302300
20240103,12:58:56,0.85,50,302300
20240103,12:58:58,0.85,50,302300
20240103,12:58:59,0.85,100,302300
20240103,12:59:00,0.85,50,302300
20240103,12:59:01,0.85,50,302300
20240103,12:59:03,0.85,50,302300
20240103,12:59:04,0.85,50,302300
20240103,12:59:06,0.85,50,302300
20240103,12:59:07,0.85,50,302300
20240103,12:59:08,0.85,50,302300
20240103,12:59:09,0.85,50,302300
20240103,12:59:11,0.85,50,302300
20240103,12:59:12,0.85,50,302300
20240103,12:59:13,0.85,50,302300
20240103,12:59:14,0.85,1050,302300
20240103,12:59:15,0.85,50,302300
20240103,12:59:16,0.85,1300,302300
20240103,12:59:21,0.85,400,302300
20240103,12:59:58,0.8,50,302300
20240103,13:00:00,0.8,2550,306750
20240103,13:00:55,0.8,250,306750
20240103,13:00:57,0.8,2200,306750
20240103,13:01:00,0.8,250,306750
20240103,13:01:01,0.8,1800,306750
20240103,13:01:05,0.8,250,306750
20240103,13:01:06,0.8,1800,306750
20240103,13:01:46,0.85,2200,306750
20240103,13:01:47,0.85,100,306750
20240103,13:01:48,0.85,50,306750
20240103,13:01:49,0.85,900,306750
20240103,13:01:50,0.85,50,306750
20240103,13:01:52,0.85,50,306750
20240103,13:01:55,0.85,50,306750
20240103,13:01:57,0.85,50,306750
20240103,13:02:06,0.85,500,306750
20240103,13:02:09,0.85,50,306750
20240103,13:02:11,0.85,50,306750
20240103,13:02:14,0.85,150,306750
20240103,13:02:15,0.85,50,306750
20240103,13:02:18,0.85,100,306750
20240103,13:02:21,0.85,50,306750
20240103,13:02:23,0.85,50,306750
20240103,13:02:26,0.85,50,306750
20240103,13:02:28,0.85,50,306750
20240103,13:02:29,0.85,50,306750
20240103,13:02:31,0.85,50,306750
20240103,13:02:32,0.85,50,306750
20240103,13:02:34,0.85,50,306750
20240103,13:02:36,0.85,50,306750
20240103,13:02:39,0.85,50,306750
20240103,13:02:46,0.85,50,306750
20240103,13:02:48,0.85,50,306750
20240103,13:02:51,0.85,50,306750
20240103,13:03:00,0.9,100,306750
20240103,13:03:03,0.85,50,306700
20240103,13:03:40,0.85,100,306700
20240103,13:04:05,0.85,350,306700
20240103,13:04:31,0.85,1800,306700
20240103,13:04:38,0.85,550,306700
20240103,13:04:43,0.85,100,306700
20240103,13:04:44,0.85,50,306700
20240103,13:04:46,0.85,50,306700
20240103,13:04:47,0.85,50,306700
20240103,13:04:48,0.85,50,306700
20240103,13:04:49,0.85,50,306700
20240103,13:05:12,0.85,50,306700
20240103,13:05:13,0.85,50,306700
20240103,13:05:14,0.85,50,306700
20240103,13:05:16,0.85,50,306700
20240103,13:05:17,0.85,50,306700
20240103,13:05:19,0.85,50,306700
20240103,13:05:20,0.85,50,306700
20240103,13:05:21,0.85,50,306700
20240103,13:05:22,0.85,50,306700
20240103,13:05:24,0.85,50,306700
20240103,13:05:26,0.85,50,306700
20240103,13:05:57,0.85,50,306700
20240103,13:06:08,0.8,200,306700
20240103,13:06:35,0.8,1800,306700
20240103,13:06:44,0.8,1000,306700
20240103,13:06:45,0.8,50,306700
20240103,13:08:10,0.8,800,306700
20240103,13:08:33,0.8,50,306700
20240103,13:08:34,0.8,550,306700
20240103,13:09:13,0.8,1800,306700
20240103,13:10:29,0.85,50,308000
20240103,13:11:02,0.85,1450,308000
20240103,13:11:04,0.85,300,308000
20240103,13:11:05,0.85,300,308000
20240103,13:11:12,0.85,900,308000
20240103,13:11:14,0.85,300,308000
20240103,13:11:19,0.85,350,308000
20240103,13:11:24,0.85,300,308000
20240103,13:11:46,0.85,1800,308000
20240103,13:11:47,0.8,500,308000
20240103,13:11:48,0.85,50,308000
20240103,13:13:49,0.85,1050,307150
20240103,13:18:30,0.85,50,306750
20240103,13:21:39,0.8,650,306800
20240103,13:23:08,0.8,1800,306800
20240103,13:23:21,0.75,1800,306800
20240103,13:25:28,0.8,350,307750
20240103,13:30:35,0.8,50,307750
20240103,13:30:36,0.8,50,307750
20240103,13:33:14,0.75,850,307750
20240103,13:34:41,0.8,50,307750
20240103,13:34:42,0.8,50,307750
20240103,13:34:51,0.8,200,307750
20240103,13:34:59,0.8,150,307750
20240103,13:35:04,0.8,50,307750
20240103,13:35:05,0.8,50,307750
20240103,13:37:40,0.8,250,307650
20240103,13:39:07,0.8,1000,307650
20240103,13:39:17,0.8,950,307650
20240103,13:41:12,0.8,650,307650
20240103,13:43:19,0.8,300,307650
20240103,13:49:37,0.75,850,307150
20240103,13:51:12,0.75,100,307450
20240103,13:51:52,0.75,300,307450
20240103,13:55:41,0.7,1850,307600
20240103,13:55:44,0.65,900,307600
20240103,13:55:45,0.7,50,307600
20240103,13:55:50,0.7,50,307600
20240103,13:57:01,0.7,150,307600
20240103,13:57:03,0.65,2050,307600
20240103,13:57:04,0.7,200,307600
20240103,13:58:43,0.7,300,307600
20240103,13:59:53,0.7,50,303200
20240103,14:01:35,0.7,350,303200
20240103,14:01:39,0.7,50,303450
20240103,14:01:43,0.7,50,303450
20240103,14:01:46,0.7,50,303450
20240103,14:01:48,0.7,50,303450
20240103,14:01:49,0.7,50,303450
20240103,14:01:50,0.7,50,303450
20240103,14:01:52,0.7,50,303450
20240103,14:03:13,0.7,200,303450
20240103,14:04:15,0.75,1600,303300
20240103,14:04:51,0.7,250,303300
20240103,14:07:05,0.7,150,303000
20240103,14:07:06,0.65,1600,303000
20240103,14:16:08,0.6,4200,301700
20240103,14:17:06,0.6,1850,301700
20240103,14:17:14,0.6,1050,301700
20240103,14:18:24,0.6,1800,301700
20240103,14:19:36,0.6,1800,295600
20240103,14:20:05,0.6,1800,295600
20240103,14:21:18,0.65,3800,295600
20240103,14:21:26,0.65,1800,290550
20240103,14:21:28,0.65,50,290550
20240103,14:22:36,0.6,500,290550
20240103,14:22:43,0.65,1800,290550
20240103,14:22:44,0.65,2400,290550
20240103,14:22:47,0.65,50,290550
20240103,14:22:49,0.6,2650,290550
20240103,14:23:03,0.6,550,290550
20240103,14:23:17,0.6,500,290550
20240103,14:27:49,0.55,500,290550
20240103,14:28:15,0.55,150,289800
20240103,14:28:26,0.55,250,289800
20240103,14:28:46,0.55,200,289800
20240103,14:28:50,0.55,200,289800
20240103,14:28:52,0.55,200,289800
20240103,14:28:53,0.55,1450,289800
20240103,14:29:02,0.55,200,289800
20240103,14:29:09,0.55,400,289800
20240103,14:29:23,0.55,100,289800
20240103,14:29:30,0.55,400,289800
20240103,14:30:13,0.55,1600,289800
20240103,14:30:32,0.6,500,289800
20240103,14:32:06,0.55,2000,290100
20240103,14:32:26,0.55,1350,290100
20240103,14:32:28,0.55,50,290100
20240103,14:32:29,0.55,450,290100
20240103,14:32:31,0.55,100,290100
20240103,14:32:34,0.55,700,290100
20240103,14:32:36,0.55,50,290100
20240103,14:32:37,0.55,50,290100
20240103,14:33:00,0.55,50,290100
20240103,14:33:01,0.55,50,290100
20240103,14:33:02,0.55,300,290100
20240103,14:33:08,0.55,950,290100
20240103,14:33:09,0.55,50,290100
20240103,14:33:54,0.5,900,290600
20240103,14:33:58,0.5,900,290600
20240103,14:33:59,0.5,550,290600
20240103,14:34:00,0.55,300,290600
20240103,14:34:02,0.55,100,290600
20240103,14:34:02,0.55,400,290600
20240103,14:34:03,0.55,300,290600
20240103,14:34:04,0.55,1700,290600
20240103,14:34:05,0.55,350,290600
20240103,14:34:06,0.55,550,290600
20240103,14:34:07,0.55,300,290600
20240103,14:34:08,0.55,800,290600
20240103,14:34:09,0.55,1500,290600
20240103,14:34:10,0.55,1150,290600
20240103,14:34:11,0.55,200,290600
20240103,14:34:12,0.55,200,290600
20240103,14:34:13,0.55,800,290600
20240103,14:34:14,0.55,100,290600
20240103,14:34:15,0.55,400,290600
20240103,14:34:16,0.55,300,290600
20240103,14:34:18,0.55,300,290600
20240103,14:34:20,0.55,400,290600
20240103,14:34:30,0.55,1400,290600
20240103,14:34:38,0.55,1150,290600
20240103,14:34:45,0.55,500,290600
20240103,14:34:50,0.55,100,290600
20240103,14:36:10,0.5,500,290600
20240103,14:36:27,0.5,1800,288950
20240103,14:36:28,0.5,1000,288950
20240103,14:36:36,0.5,1000,288950
20240103,14:36:38,0.5,900,288950
20240103,14:36:41,0.5,400,288950
20240103,14:36:43,0.5,100,288950
20240103,14:36:46,0.5,1150,288950
20240103,14:36:47,0.5,100,288950
20240103,14:36:48,0.5,50,288950
20240103,14:36:49,0.5,50,288950
20240103,14:36:51,0.5,50,288950
20240103,14:36:52,0.5,50,288950
20240103,14:36:53,0.45,1500,288950
20240103,14:36:53,0.45,50,288950
20240103,14:36:54,0.5,50,288950
20240103,14:36:56,0.5,50,288950
20240103,14:36:57,0.5,50,288950
20240103,14:36:58,0.5,50,288950
20240103,14:36:59,0.5,300,288950
20240103,14:37:00,0.5,1550,288950
20240103,14:37:03,0.5,300,288950
20240103,14:37:04,0.5,50,288950
20240103,14:37:06,0.5,50,288950
20240103,14:37:07,0.5,1450,288950
20240103,14:37:08,0.5,250,288950
20240103,14:37:09,0.5,50,288950
20240103,14:37:10,0.5,300,288950
20240103,14:37:11,0.5,50,288950
20240103,14:37:12,0.5,50,288950
20240103,14:37:14,0.5,50,288950
20240103,14:37:15,0.5,50,288950
20240103,14:37:16,0.5,50,288950
20240103,14:37:17,0.5,50,288950
20240103,14:37:19,0.5,50,288950
20240103,14:37:20,0.5,50,288950
20240103,14:37:21,0.45,1500,288950
20240103,14:37:22,0.5,100,288950
20240103,14:37:23,0.45,1000,288950
20240103,14:37:24,0.5,50,288950
20240103,14:37:26,0.5,50,288950
20240103,14:37:27,0.45,650,288950
20240103,14:37:27,0.5,100,288950
20240103,14:37:30,0.5,50,288950
20240103,14:37:31,0.45,700,288950
20240103,14:37:32,0.5,100,288950
20240103,14:37:35,0.45,1500,288950
20240103,14:37:35,0.5,200,288950
20240103,14:37:37,0.5,100,288950
20240103,14:37:40,0.5,50,288950
20240103,14:37:41,0.5,50,288950
20240103,14:37:43,0.5,100,288950
20240103,14:37:45,0.5,100,288950
20240103,14:37:48,0.5,100,288950
20240103,14:37:50,0.5,100,288950
20240103,14:37:53,0.5,100,288950
20240103,14:37:55,0.5,100,288950
20240103,14:37:58,0.5,100,288950
20240103,14:38:00,0.5,50,288950
20240103,14:38:18,0.45,1800,288950
20240103,14:38:21,0.45,1800,288950
20240103,14:38:23,0.45,1550,288950
20240103,14:38:33,0.45,2100,288950
20240103,14:38:36,0.45,450,288950
20240103,14:38:41,0.45,600,288950
20240103,14:38:48,0.45,2600,288950
20240103,14:38:54,0.45,300,288950
20240103,14:38:56,0.45,200,288950
20240103,14:38:57,0.45,100,288950
20240103,14:38:59,0.45,200,288950
20240103,14:39:00,0.45,1450,288950
20240103,14:39:01,0.45,2000,288950
20240103,14:39:22,0.45,2650,283550
20240103,14:39:28,0.45,800,283550
20240103,14:39:43,0.5,500,283550
20240103,14:39:50,0.45,1000,283550
20240103,14:39:57,0.45,300,283550
20240103,14:40:01,0.45,750,283550
20240103,14:40:02,0.45,50,283550
20240103,14:40:04,0.5,50,283550
20240103,14:40:06,0.45,800,283550
20240103,14:40:07,0.5,100,283550
20240103,14:40:08,0.5,100,283550
20240103,14:40:09,0.5,50,283550
20240103,14:40:11,0.45,800,283550
20240103,14:40:12,0.45,50,283550
20240103,14:40:14,0.45,50,283550
20240103,14:40:22,0.45,50,283550
20240103,14:40:26,0.4,1800,283550
20240103,14:40:29,0.4,50,283550
20240103,14:40:36,0.45,50,283550
20240103,14:40:45,0.45,50,283550
20240103,14:40:48,0.45,2000,283550
20240103,14:40:52,0.45,50,283550
20240103,14:42:10,0.4,1800,283550
20240103,14:42:13,0.4,1700,283550
20240103,14:42:27,0.45,150,283550
20240103,14:42:32,0.4,1800,281150
20240103,14:42:35,0.4,50,281150
20240103,14:42:38,0.45,50,281150
20240103,14:42:39,0.45,1700,281150
20240103,14:42:49,0.4,1800,281150
20240103,14:42:50,0.4,1800,281150
20240103,14:43:24,0.4,1800,281150
20240103,14:43:27,0.4,1000,281150
20240103,14:44:12,0.4,1800,281150
20240103,14:44:15,0.4,1800,281150
20240103,14:44:16,0.4,550,281150
20240103,14:44:21,0.4,2350,281150
20240103,14:44:29,0.4,900,281150
20240103,14:44:42,0.4,2400,281150
20240103,14:44:44,0.4,2850,281150
20240103,14:44:49,0.4,2800,281150
20240103,14:45:27,0.4,1800,281150
20240103,14:45:46,0.4,1750,279850
20240103,14:46:58,0.35,50,279850
20240103,14:48:19,0.35,3700,279800
20240103,14:48:31,0.4,500,279800
20240103,14:48:33,0.4,1000,279800
20240103,14:48:35,0.4,1500,279800
20240103,14:49:05,0.4,2450,279800
20240103,14:49:07,0.4,1100,279800
20240103,14:49:11,0.4,300,279800
20240103,14:50:12,0.4,250,279800
20240103,14:50:20,0.4,100,279800
20240103,14:52:09,0.4,1400,279650
20240103,14:55:31,0.45,400,279650
20240103,14:56:08,0.45,1800,279650
20240103,14:58:22,0.45,2600,281450
20240103,15:00:23,0.45,200,283250
20240103,15:04:17,0.4,650,283250
20240103,15:04:20,0.4,250,283250
20240103,15:05:10,0.4,500,283250
20240103,15:05:13,0.4,250,283250
20240103,15:05:15,0.4,300,283250
20240103,15:05:19,0.4,1050,283250
20240103,15:07:17,0.4,1400,283250
20240103,15:07:37,0.4,800,283250
20240103,15:07:40,0.4,450,283250
20240103,15:07:45,0.4,50,283250
20240103,15:10:46,0.35,100,283250
20240103,15:11:04,0.35,850,283250
20240103,15:17:32,0.4,3600,283250
20240103,15:17:33,0.45,1100,283250
20240103,15:17:34,0.45,250,283250
20240103,15:17:41,0.4,1800,283250
20240103,15:17:43,0.4,5000,283250
20240103,15:17:44,0.4,500,283250
20240103,15:17:45,0.4,500,283250
20240103,15:17:46,0.4,2500,283250
20240103,15:18:14,0.35,50,283250
20240103,15:19:18,0.4,1800,283200
20240103,15:22:50,0.4,1800,283200
20240103,15:22:52,0.4,1800,283200
20240103,15:22:59,0.4,1050,283200
20240103,15:23:07,0.35,1000,283200
20240103,15:25:00,0.35,600,283200
20240103,15:25:18,0.4,100,283200
20240103,15:25:35,0.4,100,283200
20240103,15:25:43,0.4,100,283200
20240103,15:26:16,0.4,50,283200
20240103,15:26:22,0.4,1400,283200
20240103,15:26:54,0.35,1000,283200
20240103,15:26:55,0.35,1250,283200
20240103,15:27:09,0.35,500,283200
20240103,15:27:20,0.35,3600,283200
20240103,15:27:40,0.35,1800,283000
20240103,15:27:44,0.35,1800,283000
20240103,15:27:53,0.35,1400,283000
20240103,15:28:26,0.35,1000,283000
20240103,15:28:31,0.35,400,283000
20240103,15:28:53,0.35,1000,283000
20240103,15:29:15,0.35,2300,283000
20240103,15:29:21,0.35,350,283000
20240103,15:29:46,0.3,800,283000
20240104,09:15:02,0.35,1,282250
20240104,09:15:02,0.35,350,282250
20240104,09:15:06,0.3,100,282250
20240104,09:15:08,0.3,350,282250
20240104,09:15:12,0.35,50,282250
20240104,09:15:16,0.3,50,282250
20240104,09:15:19,0.35,1800,282250
20240104,09:15:35,0.3,50,282250
20240104,09:15:37,0.25,550,282250
20240104,09:15:48,0.25,50,282250
20240104,09:15:51,0.25,1500,282250
20240104,09:16:04,0.25,600,282250
20240104,09:16:05,0.3,550,282250
20240104,09:16:43,0.25,900,282250
20240104,09:16:44,0.3,150,282250
20240104,09:16:45,0.25,350,282250
20240104,09:16:46,0.25,1050,282250
20240104,09:16:48,0.25,300,282250
20240104,09:17:02,0.25,50,282250
20240104,09:17:23,0.25,4400,285850
20240104,09:17:43,0.25,400,285850
20240104,09:18:04,0.25,2000,285850
20240104,09:18:06,0.25,450,285850
20240104,09:18:13,0.25,1000,285850
20240104,09:18:30,0.25,250,285850
20240104,09:18:33,0.25,50,285850
20240104,09:18:34,0.25,150,285850
20240104,09:18:35,0.25,100,285850
20240104,09:18:36,0.25,50,285850
20240104,09:18:43,0.25,250,285850
20240104,09:18:48,0.25,50,285850
20240104,09:19:05,0.25,200,285850
20240104,09:19:24,0.25,200,285850
20240104,09:19:47,0.25,1000,285850
20240104,09:19:55,0.2,50,285850
20240104,09:21:27,0.2,500,285150
20240104,09:21:29,0.25,50,285150
20240104,09:22:31,0.25,450,285150
20240104,09:24:40,0.2,1800,285150
20240104,09:24:42,0.2,1800,285200
20240104,09:24:43,0.2,1800,285200
20240104,09:24:45,0.2,1800,285200
20240104,09:24:52,0.2,1800,285200
20240104,09:24:55,0.2,1800,285200
20240104,09:24:56,0.2,3250,285200
20240104,09:24:58,0.2,200,285200
20240104,09:25:03,0.2,9050,285200
20240104,09:25:09,0.15,1800,285200
20240104,09:25:25,0.15,750,285200
20240104,09:26:15,0.15,1800,285200
20240104,09:26:17,0.2,500,285200
20240104,09:26:20,0.15,1800,285200
20240104,09:26:24,0.15,1800,279500
20240104,09:27:53,0.2,350,279500
20240104,09:27:56,0.2,250,279500
20240104,09:27:59,0.2,50,279500
20240104,09:28:05,0.2,1050,279500
20240104,09:28:06,0.2,250,279500
20240104,09:28:07,0.2,500,279500
20240104,09:28:09,0.15,1800,279500
20240104,09:28:10,0.2,150,279500
20240104,09:28:22,0.2,200,279500
20240104,09:28:26,0.2,100,279500
20240104,09:29:02,0.2,50,279500
20240104,09:29:05,0.15,2000,279500
20240104,09:29:10,0.15,3600,279500
20240104,09:29:28,0.15,2350,271500
20240104,09:29:41,0.15,1800,271500
20240104,09:30:05,0.15,2100,271500
20240104,09:31:47,0.15,1900,271500
20240104,09:31:49,0.15,550,271500
20240104,09:31:50,0.15,50,271500
20240104,09:31:52,0.15,2600,271500
20240104,09:31:56,0.15,1900,271500
20240104,09:31:56,0.15,50,271500
20240104,09:32:00,0.15,1800,271500
20240104,09:32:01,0.15,3600,271500
20240104,09:32:02,0.15,500,271500
20240104,09:32:04,0.15,500,271500
20240104,09:32:21,0.15,500,271500
20240104,09:34:36,0.15,150,271500
20240104,09:34:57,0.1,1850,261500
20240104,09:37:03,0.1,1800,261450
20240104,09:37:11,0.1,1800,261450
20240104,09:37:12,0.1,1800,261450
20240104,09:39:17,0.1,350,261450
20240104,09:39:31,0.1,1800,256050
20240104,09:40:00,0.15,1500,256050
20240104,09:40:02,0.15,1650,256050
20240104,09:40:03,0.1,1800,256050
20240104,09:40:54,0.15,3200,256050
20240104,09:40:55,0.1,1800,256050
20240104,09:40:56,0.15,150,256050
20240104,09:40:59,0.15,3000,256050
20240104,09:41:01,0.1,1800,256050
20240104,09:41:05,0.15,1500,256050
20240104,09:43:18,0.1,1800,244950
20240104,09:43:46,0.15,1500,244950
20240104,09:43:48,0.15,950,244950
20240104,09:44:03,0.1,2350,244950
20240104,09:53:29,0.15,50,244950
20240104,09:56:17,0.1,3600,241300
20240104,09:56:25,0.1,50,241300
20240104,09:56:28,0.1,3600,237750
20240104,09:56:29,0.1,3600,237750
20240104,09:56:33,0.1,3600,237750
20240104,09:56:37,0.1,3600,237750
20240104,09:56:38,0.1,3600,237750
20240104,09:56:57,0.1,3600,237750
20240104,09:57:28,0.1,3600,237750
20240104,10:01:02,0.1,3600,237750
20240104,10:01:21,0.1,3600,228200
20240104,10:01:22,0.1,3600,228200
20240104,10:01:29,0.1,3600,228200
20240104,10:01:38,0.1,3600,228200
20240104,10:01:50,0.1,3600,228200
20240104,10:01:59,0.1,3650,228200
20240104,10:02:01,0.1,1800,228200
20240104,10:02:02,0.1,1800,228200
20240104,10:02:03,0.1,5400,228200
20240104,10:02:04,0.1,1800,228200
20240104,10:02:10,0.05,4150,228200
20240104,10:02:11,0.05,1800,228200
20240104,10:02:12,0.05,1800,228200
20240104,10:02:13,0.05,1800,228200
20240104,10:02:18,0.05,3600,228200
20240104,10:02:19,0.1,3300,228200
20240104,10:02:21,0.1,1500,228200
20240104,10:02:23,0.05,1800,228200
20240104,10:02:26,0.05,3750,228200
20240104,10:02:34,0.1,50,194650
20240104,10:02:35,0.05,3600,194650
20240104,10:02:36,0.1,50,194650
20240104,10:02:37,0.05,3650,194650
20240104,10:02:38,0.1,1800,194650
20240104,10:02:40,0.1,1800,194650
20240104,10:02:45,0.05,1800,194650
20240104,10:02:46,0.05,1800,194650
20240104,10:02:50,0.05,3600,194650
20240104,10:02:51,0.05,3600,194650
20240104,10:02:53,0.1,1100,194650
20240104,10:02:54,0.05,3600,194650
20240104,10:03:00,0.05,3600,194650
20240104,10:03:11,0.05,3600,194650
20240104,10:03:21,0.05,3600,194650
20240104,10:03:27,0.05,1800,194650
20240104,10:04:58,0.05,3600,194650
20240104,10:04:59,0.05,1800,194650
20240104,10:05:46,0.05,50,194650
20240104,10:05:47,0.1,3900,190400
20240104,10:05:52,0.05,1800,190400
20240104,10:05:53,0.05,1800,190400
20240104,10:06:07,0.05,3600,190400
20240104,10:06:08,0.05,3600,190400
20240104,10:06:09,0.05,3600,190400
20240104,10:06:11,0.05,3600,190400
20240104,10:06:12,0.05,7200,190400
20240104,10:06:15,0.05,3600,190400
20240104,10:06:16,0.05,3600,190400
20240104,10:06:20,0.05,3600,190400
20240104,10:06:21,0.05,3600,190400
20240104,10:06:24,0.05,3600,190400
20240104,10:06:25,0.05,3600,190400
20240104,10:06:26,0.05,3600,190400
20240104,10:06:27,0.05,3600,190400
20240104,10:06:29,0.05,3600,190400
20240104,10:06:36,0.05,3600,190400
20240104,10:06:39,0.05,3600,190400
20240104,10:06:40,0.05,3600,190400
20240104,10:06:50,0.05,3600,190400
20240104,10:08:23,0.05,2300,190400
20240104,10:10:24,0.05,3600,174650
20240104,10:10:55,0.05,6000,174650
20240104,10:11:57,0.05,3600,165050
20240104,10:12:13,0.05,3600,165050
20240104,10:12:25,0.05,3600,165050
20240104,10:12:26,0.05,7200,165050
20240104,10:12:27,0.05,3600,165050
20240104,10:13:29,0.05,4100,165050
20240104,10:13:32,0.05,3600,165050
20240104,10:13:33,0.05,3600,165050
20240104,10:13:52,0.05,3600,165050
20240104,10:13:53,0.05,3600,165050
20240104,10:15:25,0.1,7750,132100
20240104,10:17:24,0.05,50,132100
20240104,10:18:10,0.05,1800,132100
20240104,10:18:10,0.05,5400,126150
20240104,10:19:49,0.1,2000,126150
20240104,10:20:03,0.05,150,126150
20240104,10:20:17,0.05,50,126150
20240104,10:20:21,0.05,50,126150
20240104,10:28:26,0.1,600,126150
20240104,10:32:53,0.1,50,123550
20240104,10:33:02,0.05,50,123550
20240104,10:33:46,0.1,50,123550
20240104,10:34:21,0.05,50,123550
20240104,10:35:51,0.1,50,123550
20240104,10:38:35,0.1,250,123550
20240104,10:38:44,0.1,250,123550
20240104,10:38:45,0.1,250,123550
20240104,10:38:52,0.1,250,123550
20240104,10:42:50,0.1,250,122550
20240104,10:43:15,0.1,2300,122550
20240104,10:43:21,0.1,400,122550
20240104,10:43:22,0.1,50,122550
20240104,10:43:24,0.1,50,122550
20240104,10:46:02,0.1,1000,119500
20240104,10:47:00,0.05,50,119500
20240104,10:47:57,0.1,50,119500
20240104,10:49:32,0.1,300,118500
20240104,10:51:21,0.1,300,118500
20240104,10:54:11,0.05,50,117900
20240104,11:01:23,0.1,1050,117900
20240104,11:01:24,0.1,150,117900
20240104,11:01:24,0.1,600,117900
20240104,11:06:03,0.1,300,117900
20240104,11:06:04,0.1,1500,116100
20240104,11:18:50,0.05,1800,116100
20240104,11:19:06,0.1,250,114300
20240104,11:19:44,0.05,50,114300
20240104,11:19:55,0.1,250,114300
20240104,11:22:37,0.05,1800,114300
20240104,11:24:24,0.1,550,114300
20240104,11:31:36,0.1,300,114300
20240104,11:32:12,0.1,200,114300
20240104,11:33:01,0.1,200,113800
20240104,11:35:57,0.1,50,113600
20240104,11:36:00,0.1,50,113600
20240104,11:39:45,0.05,1800,113600
20240104,11:39:46,0.05,1800,113600
20240104,11:39:47,0.05,7550,113600
20240104,11:42:08,0.05,1800,113600
20240104,11:42:09,0.05,3900,108000
20240104,11:44:16,0.05,550,108000
20240104,11:44:49,0.05,250,108000
20240104,11:44:57,0.05,250,103900
20240104,11:45:56,0.05,450,103900
20240104,11:46:22,0.05,350,103900
20240104,11:47:34,0.05,250,103900
20240104,11:49:16,0.05,250,103900
20240104,11:49:19,0.05,250,103900
20240104,11:49:20,0.05,250,103900
20240104,11:49:28,0.05,800,103900
20240104,11:49:34,0.05,50,103900
20240104,11:49:37,0.05,150,103900
20240104,11:49:42,0.05,900,103900
20240104,11:49:48,0.05,2500,103900
20240104,11:49:53,0.05,200,103900
20240104,11:50:19,0.05,250,103900
20240104,11:51:35,0.05,350,103900
20240104,11:53:50,0.05,300,103900
20240104,11:54:42,0.05,350,103900
20240104,12:00:16,0.05,1900,103900
20240104,12:01:29,0.05,14300,104050
20240104,12:05:28,0.05,6450,104050
20240104,12:05:30,0.05,150,91000
20240104,12:18:48,0.05,1450,91000
20240104,12:18:49,0.05,50,87850
20240104,12:37:50,0.05,1800,86550
20240104,12:38:16,0.05,1800,86550
20240104,12:38:20,0.05,700,86550
20240104,12:41:17,0.05,50,86950
20240104,12:42:15,0.05,50,86950
20240104,14:46:08,0.05,50,86950
20240104,14:52:53,0.05,150,86950
20240104,15:29:33,0.05,1800,86950
20240104,15:29:34,0.05,3100,86950
