date,time,tick_price,volume,open_interest
20240212,15:02:07,2.15,250,350
20240212,15:04:22,2.25,200,350
20240212,15:05:40,2.3,250,350
20240212,15:05:46,2.35,600,350
20240212,15:05:54,2.4,300,350
20240212,15:06:01,2.45,750,350
20240212,15:06:22,2.5,400,350
20240212,15:08:00,2.5,250,2750
20240212,15:08:31,2.35,1800,2750
20240212,15:16:06,2.35,350,2500
20240212,15:16:29,2.3,250,2150
20240213,09:15:19,2.4,1,1900
20240213,09:15:19,2.4,50,1900
20240213,09:21:43,2.4,500,1950
20240213,09:27:23,1.85,50,1950
20240213,09:28:14,1.85,50,1900
20240213,09:28:24,2.05,150,1900
20240213,09:28:46,2.1,100,1900
20240213,09:28:56,2.05,100,1900
20240213,09:29:06,2.05,100,1900
20240213,09:30:20,2.25,50,1900
20240213,09:32:05,3.0,550,1950
20240213,09:32:16,3.0,200,1950
20240213,09:33:54,2.5,50,2500
20240213,09:34:14,2.5,400,2500
20240213,09:34:26,2.5,100,2500
20240213,09:47:05,2.25,400,3000
20240213,09:47:14,2.5,100,3000
20240213,09:47:24,2.25,300,3000
20240213,09:47:54,2.1,150,3000
20240213,09:48:35,2.25,300,3450
20240213,09:48:44,2.25,150,3450
20240213,09:48:53,2.25,50,3450
20240213,09:49:03,2.25,50,3450
20240213,09:53:29,2.2,250,3200
20240213,09:56:08,2.15,100,2950
20240213,10:01:34,2.2,50,2850
20240213,10:16:03,2.35,200,2850
20240213,10:33:27,2.35,350,2850
20240213,10:35:38,1.75,350,3200
20240213,10:39:58,1.75,100,2900
20240213,10:42:51,2.2,50,2900
20240213,10:43:31,2.2,50,2900
20240213,10:44:12,2.2,50,2900
20240213,10:53:08,2.2,50,2900
20240213,10:53:19,2.2,50,2900
20240213,10:55:58,2.0,550,2900
20240213,10:59:40,2.05,200,2400
20240213,11:07:27,1.95,100,2350
20240213,11:07:36,1.9,100,2350
20240213,11:19:49,2.1,50,2350
20240213,11:28:18,2.1,100,2400
20240213,11:33:02,1.95,50,2450
20240213,11:42:05,2.2,400,2450
20240213,11:45:35,1.7,750,2350
20240213,11:45:53,1.7,50,2850
20240213,11:45:59,1.95,400,2850
20240213,11:46:05,2.0,50,2850
20240213,11:48:45,1.95,50,2850
20240213,11:48:55,1.95,50,2700
20240213,12:27:57,1.95,50,2650
20240213,12:28:47,1.95,250,2700
20240213,13:19:40,2.3,550,2950
20240213,14:16:21,2.3,250,3250
20240213,14:53:21,2.0,1500,3500
20240213,14:55:25,2.0,200,4700
20240213,15:01:55,2.0,50,4800
20240213,15:04:18,2.0,50,4800
20240213,15:16:55,2.05,50,4900
20240213,15:28:28,2.1,100,4900
20240214,09:57:39,2.6,1,4850
20240214,09:57:39,2.6,50,4850
20240214,10:05:11,2.25,250,4850
20240214,10:18:54,2.2,50,4950
20240214,10:41:18,1.95,50,5000
20240214,12:03:55,1.95,100,5000
20240214,12:06:21,1.65,50,5050
20240214,12:06:29,1.65,650,5050
20240214,12:06:40,2.0,600,5050
20240214,12:07:20,1.95,50,5600
20240214,12:08:46,2.0,50,5600
20240214,12:09:22,2.05,50,5600
20240214,12:10:42,2.1,50,5500
20240214,12:13:40,2.0,300,5550
20240214,12:14:00,2.05,100,5550
20240214,12:16:26,2.0,1800,5850
20240214,12:32:48,2.05,50,7650
20240214,13:12:16,4.0,1000,7650
20240214,13:12:29,4.0,200,7650
20240214,13:12:36,2.25,50,7650
20240214,13:12:42,2.25,100,7650
20240214,13:12:48,2.3,50,7650
20240214,13:13:00,2.3,150,7650
20240214,13:14:36,2.35,400,8750
20240214,13:22:18,2.3,200,8750
20240214,13:32:03,2.2,100,8750
20240214,13:50:51,2.05,500,8750
20240214,13:52:09,2.15,50,8750
20240214,14:01:33,2.05,250,8350
20240214,14:18:14,2.1,100,8350
20240214,14:18:21,2.1,50,8350
20240214,14:18:28,2.1,50,8350
20240214,14:28:05,2.7,750,8350
20240214,14:28:19,2.3,550,8350
20240214,14:43:55,2.75,200,8550
20240214,14:47:48,2.05,100,8650
20240214,14:56:08,2.1,200,8550
20240214,14:58:08,2.05,1450,8550
20240214,15:06:33,2.05,200,8500
20240214,15:08:41,2.05,400,8700
20240214,15:21:53,2.75,700,9100
20240214,15:22:11,2.05,600,9100
20240214,15:27:56,1.95,50,9250
20240214,15:29:04,1.5,600,9200
20240215,09:21:56,1.5,1,9350
20240215,09:21:56,1.5,50,9350
20240215,11:01:28,1.6,200,9300
20240215,11:01:45,1.6,200,9300
20240215,11:33:38,1.85,100,9300
20240215,11:33:38,1.15,100,9300
20240215,11:34:12,1.75,50,9350
20240215,11:34:32,1.4,100,9350
20240215,12:02:52,1.4,50,9350
20240215,12:04:47,1.4,50,9400
20240215,12:24:07,1.2,200,9350
20240215,12:24:33,1.8,200,9350
20240215,12:25:32,1.2,200,9350
20240215,12:26:14,1.7,200,9350
20240215,12:33:42,1.3,250,9350
20240215,12:34:08,1.3,250,9600
20240215,12:45:36,1.35,50,9850
20240215,12:55:47,1.5,600,9900
20240215,13:04:07,1.3,150,9900
20240215,13:41:39,1.5,50,9750
20240215,13:42:32,1.2,200,9750
20240215,13:43:50,1.5,300,9700
20240215,13:45:41,1.5,50,9700
20240215,13:46:34,1.5,50,9350
20240215,13:46:50,1.5,50,9350
20240215,13:55:02,1.65,500,9300
20240215,14:06:58,1.45,100,9400
20240215,14:15:00,1.45,450,9500
20240215,14:35:15,1.25,150,9650
20240215,14:45:12,1.3,650,9650
20240215,14:51:46,1.5,150,10200
20240215,15:00:39,1.5,500,10200
20240215,15:01:08,1.5,250,10200
20240215,15:11:17,1.45,100,10200
20240215,15:16:10,1.4,700,10300
20240215,15:16:38,1.4,200,10300
20240215,15:24:20,1.45,150,10300
20240215,15:25:05,1.45,250,10300
20240215,15:26:07,1.3,150,10150
20240215,15:27:06,1.4,100,10150
20240215,15:27:23,1.3,100,10150
20240215,15:30:01,1.3,100,9950
20240216,09:15:05,1.45,1,9950
20240216,09:15:05,1.45,100,9950
20240216,09:15:06,1.45,50,9950
20240216,09:16:16,1.2,100,10100
20240216,09:16:50,1.2,150,10100
20240216,09:16:52,1.2,100,10100
20240216,09:17:10,1.35,200,10100
20240216,09:17:31,1.3,200,10100
20240216,09:17:37,1.3,50,10100
20240216,09:17:39,1.25,250,10100
20240216,09:17:52,1.3,100,10100
20240216,09:18:11,1.3,200,10100
20240216,09:18:27,1.3,50,10650
20240216,09:18:58,1.3,50,10650
20240216,09:19:21,1.3,50,10650
20240216,09:20:10,1.25,50,10650
20240216,09:20:28,1.3,300,10650
20240216,09:21:12,1.2,50,10650
20240216,09:21:37,1.25,200,10650
20240216,09:21:52,1.2,50,10850
20240216,09:23:09,1.25,50,10850
20240216,09:23:39,1.25,50,10850
20240216,09:23:50,1.25,250,10850
20240216,09:26:03,1.25,50,10850
20240216,09:26:45,1.25,250,11000
20240216,09:28:37,1.25,400,11300
20240216,09:29:25,1.25,100,11300
20240216,09:29:26,1.25,300,11300
20240216,09:29:33,1.2,400,11300
20240216,09:29:38,1.25,200,11300
20240216,09:29:44,1.3,100,11300
20240216,09:31:56,1.2,100,11850
20240216,09:32:00,1.35,600,11850
20240216,09:32:33,1.25,50,11850
20240216,09:32:50,1.2,50,11850
20240216,09:33:30,1.2,150,11850
20240216,09:34:15,1.25,50,12250
20240216,09:35:23,1.25,250,12250
20240216,09:37:08,1.2,500,12250
20240216,09:37:09,1.15,1800,12350
20240216,09:37:13,1.15,500,12350
20240216,09:37:39,1.15,550,12350
20240216,09:37:40,1.05,4100,12350
20240216,09:37:41,1.05,2300,12350
20240216,09:37:59,1.15,550,12350
20240216,09:38:34,1.05,600,12350
20240216,09:39:19,1.05,300,12350
20240216,09:39:44,1.05,50,17000
20240216,09:39:45,1.05,1000,17000
20240216,09:41:14,1.05,1400,17000
20240216,09:41:41,1.05,100,17000
20240216,09:41:48,1.05,300,17000
20240216,09:41:49,1.05,150,17000
20240216,09:41:50,1.05,50,17000
20240216,09:41:51,1.05,500,17000
20240216,09:42:11,1.05,50,17000
20240216,09:43:19,1.05,50,17350
20240216,09:45:38,1.1,300,17350
20240216,09:47:24,1.1,50,17300
20240216,09:47:26,1.0,900,17300
20240216,09:47:27,0.95,1900,17300
20240216,09:47:29,0.95,100,17300
20240216,09:47:30,1.0,50,17300
20240216,09:47:31,1.0,50,17300
20240216,09:47:37,1.0,50,17300
20240216,09:47:57,0.95,200,17300
20240216,09:47:58,0.95,300,17300
20240216,09:47:59,0.9,300,17300
20240216,09:48:02,0.9,100,17300
20240216,09:48:07,0.9,450,17300
20240216,09:48:10,0.95,50,17300
20240216,09:48:19,0.9,300,17300
20240216,09:48:23,0.9,250,17300
20240216,09:48:29,0.9,200,17300
20240216,09:48:45,0.95,50,17300
20240216,09:49:05,0.95,50,18150
20240216,09:49:41,0.95,50,18150
20240216,09:50:45,0.85,50,18150
20240216,09:54:09,0.85,50,18150
20240216,09:54:10,0.9,100,18150
20240216,09:54:22,0.95,1750,18150
20240216,09:55:38,0.95,2200,19500
20240216,09:56:53,0.95,50,19500
20240216,09:57:55,1.05,2900,21600
20240216,09:58:07,1.0,50,21600
20240216,09:58:24,1.05,2100,21600
20240216,09:58:24,1.15,2200,21600
20240216,09:58:29,1.05,100,21600
20240216,09:58:33,1.05,100,21600
20240216,09:58:34,1.05,50,21600
20240216,09:58:36,1.05,2400,21600
20240216,10:00:00,1.05,50,21600
20240216,10:02:16,1.05,800,21600
20240216,10:03:54,1.05,50,19250
20240216,10:05:06,1.0,50,19250
20240216,10:05:28,1.0,50,19250
20240216,10:05:50,1.05,50,19250
20240216,10:06:56,1.05,1450,19250
20240216,10:06:56,1.15,2400,19250
20240216,10:06:57,1.15,650,19250
20240216,10:07:18,1.2,50,19250
20240216,10:07:33,1.15,100,19250
20240216,10:07:40,1.15,1800,19250
20240216,10:07:40,1.15,350,19250
20240216,10:07:51,1.1,300,19250
20240216,10:07:58,1.2,50,19250
20240216,10:08:43,1.1,350,19250
20240216,10:09:00,1.15,700,19250
20240216,10:09:52,1.15,1850,19250
20240216,10:10:09,1.1,2750,20550
20240216,10:10:15,1.1,250,20550
20240216,10:11:00,1.2,250,20550
20240216,10:11:45,1.2,50,20550
20240216,10:13:12,1.15,250,20550
20240216,10:13:13,1.1,450,22500
20240216,10:13:29,1.1,50,22500
20240216,10:13:30,1.2,500,22500
20240216,10:16:04,1.1,750,22500
20240216,10:16:45,1.2,750,23300
20240216,10:17:09,1.2,250,23300
20240216,10:17:47,1.2,250,23300
20240216,10:18:15,1.1,450,23300
20240216,10:21:13,1.2,50,23300
20240216,10:21:20,1.2,50,23800
20240216,10:21:25,1.05,550,23800
20240216,10:22:36,1.05,250,23800
20240216,10:22:53,1.1,150,23800
20240216,10:24:13,1.15,200,23800
20240216,10:25:27,1.05,50,23800
20240216,10:25:38,1.1,50,23800
20240216,10:25:47,1.1,50,23800
20240216,10:30:33,1.15,100,23850
20240216,10:31:35,1.1,50,23850
20240216,10:32:13,1.05,150,23850
20240216,10:32:37,1.1,200,23850
20240216,10:32:51,1.05,50,23850
20240216,10:33:40,1.15,400,23800
20240216,10:40:11,1.15,50,23800
20240216,10:40:30,1.05,100,24100
20240216,10:40:35,1.15,50,24100
20240216,10:41:02,1.05,50,24100
20240216,10:41:07,1.1,50,24100
20240216,10:41:09,1.1,50,24100
20240216,10:44:46,1.1,50,24100
20240216,10:44:52,1.1,200,24100
20240216,10:48:19,1.15,200,24150
20240216,10:50:18,1.15,50,24150
20240216,10:51:31,1.05,200,24350
20240216,10:53:49,1.05,400,24400
20240216,10:57:10,1.15,50,24400
20240216,10:57:58,1.05,1800,24700
20240216,10:58:06,1.05,800,24700
20240216,11:00:04,1.05,1800,24700
20240216,11:00:27,1.05,1950,24700
20240216,11:00:32,1.0,2400,24700
20240216,11:00:33,1.0,600,24700
20240216,11:00:45,0.95,3100,26600
20240216,11:00:46,0.95,1350,26600
20240216,11:00:52,0.95,50,26600
20240216,11:01:36,1.0,300,26600
20240216,11:01:40,0.95,2050,26600
20240216,11:01:41,1.0,200,26600
20240216,11:01:43,0.95,2500,26600
20240216,11:01:48,1.0,500,26600
20240216,11:02:04,0.95,250,26600
20240216,11:02:05,0.9,1800,26600
20240216,11:02:07,0.95,1050,26600
20240216,11:02:08,0.95,350,26600
20240216,11:02:19,0.9,1800,26600
20240216,11:03:49,1.0,1800,26600
20240216,11:05:00,1.0,400,27850
20240216,11:06:12,1.0,50,27850
20240216,11:06:23,1.0,50,27850
20240216,11:06:36,0.95,850,27850
20240216,11:06:37,0.95,250,27850
20240216,11:06:43,1.0,100,27300
20240216,11:09:33,1.0,50,27300
20240216,11:10:06,1.0,250,27450
20240216,11:10:35,1.0,50,27450
20240216,11:10:41,1.0,50,27450
20240216,11:11:04,1.0,900,27450
20240216,11:12:08,1.0,50,27450
20240216,11:13:04,1.0,750,27450
20240216,11:13:04,0.95,1800,28250
20240216,11:13:06,0.9,2150,28250
20240216,11:14:40,0.95,100,28250
20240216,11:15:31,0.95,350,28250
20240216,11:15:32,0.95,300,28250
20240216,11:16:02,0.95,500,30300
20240216,11:16:14,0.9,50,30300
20240216,11:16:15,0.95,300,30300
20240216,11:17:33,0.95,50,30300
20240216,11:21:37,0.95,300,30300
20240216,11:21:38,0.95,150,30250
20240216,11:24:29,1.0,50,30600
20240216,11:27:47,1.0,50,30650
20240216,11:28:50,1.0,50,30650
20240216,11:28:58,1.0,50,30650
20240216,11:30:59,1.0,500,30750
20240216,11:31:11,1.0,150,30750
20240216,11:31:23,1.0,50,30750
20240216,11:31:40,0.95,50,30750
20240216,11:31:40,1.0,50,30750
20240216,11:32:10,1.0,50,30750
20240216,11:32:15,0.95,400,30750
20240216,11:36:36,0.9,1000,30750
20240216,11:36:37,0.9,100,31200
20240216,11:36:46,0.85,750,32150
20240216,11:38:24,0.9,450,32150
20240216,11:39:03,0.85,50,32150
20240216,11:39:04,0.9,50,32150
20240216,11:39:44,0.9,300,32150
20240216,11:40:04,0.85,1800,31650
20240216,11:40:27,0.9,50,31650
20240216,11:40:28,0.9,50,31650
20240216,11:40:41,0.9,50,31650
20240216,11:41:02,0.9,50,31650
20240216,11:43:00,0.9,2400,33500
20240216,11:43:01,0.9,400,33500
20240216,11:43:03,0.9,3750,33500
20240216,11:43:04,0.85,1150,33500
20240216,11:43:05,0.95,50,33500
20240216,11:43:16,0.9,250,33500
20240216,11:43:24,0.9,100,33500
20240216,11:44:09,0.9,2850,33500
20240216,11:44:09,0.85,3600,33500
20240216,11:44:53,0.85,400,33500
20240216,11:45:07,0.85,3600,33500
20240216,11:45:08,0.8,4900,33500
20240216,11:45:10,0.8,600,33500
20240216,11:45:11,0.85,2100,33500
20240216,11:45:12,0.85,50,33500
20240216,11:45:22,0.85,50,33500
20240216,11:45:26,0.85,50,33500
20240216,11:45:30,0.85,50,33500
20240216,11:45:35,0.85,50,33500
20240216,11:46:02,0.85,50,48300
20240216,11:46:36,0.8,1900,48300
20240216,11:46:42,0.8,1900,48300
20240216,11:46:54,0.85,50,48300
20240216,11:47:36,0.85,50,48300
20240216,11:47:56,0.85,50,48300
20240216,11:48:06,0.8,900,48300
20240216,11:48:07,0.75,4050,48300
20240216,11:48:09,0.8,50,48300
20240216,11:48:10,0.8,100,48300
20240216,11:48:13,0.8,50,48300
20240216,11:48:47,0.8,2550,48300
20240216,11:49:03,0.8,200,54550
20240216,11:49:12,0.8,1250,54550
20240216,11:50:02,0.75,50,54550
20240216,11:50:03,0.8,500,54550
20240216,11:51:27,0.85,2650,54550
20240216,11:51:47,0.8,50,54550
20240216,11:53:29,0.8,50,54950
20240216,11:53:33,0.85,50,54950
20240216,11:54:05,0.85,50,54950
20240216,11:56:47,0.8,50,54950
20240216,11:59:13,0.8,250,54900
20240216,12:02:35,0.85,300,54600
20240216,12:04:24,0.8,50,54600
20240216,12:04:43,0.8,400,54600
20240216,12:06:13,0.85,50,54600
20240216,12:07:47,0.85,50,54200
20240216,12:08:22,0.8,50,54200
20240216,12:12:24,0.85,50,54200
20240216,12:12:56,0.85,50,54200
20240216,12:13:16,0.8,500,54200
20240216,12:15:06,0.85,500,54200
20240216,12:15:48,0.8,100,54200
20240216,12:17:52,0.8,200,54300
20240216,12:17:52,0.8,400,54300
20240216,12:17:53,0.85,50,54300
20240216,12:17:54,0.85,50,54300
20240216,12:17:55,0.85,50,54300
20240216,12:17:56,0.85,100,54300
20240216,12:17:57,0.85,50,54300
20240216,12:17:58,0.85,50,54300
20240216,12:18:12,0.85,50,54300
20240216,12:19:06,0.8,50,54300
20240216,12:21:12,0.8,350,54300
20240216,12:21:13,0.8,50,54300
20240216,12:21:35,0.85,250,54300
20240216,12:22:32,0.8,4050,54300
20240216,12:22:42,0.8,1700,54300
20240216,12:22:43,0.8,50,54300
20240216,12:24:10,0.8,500,54300
20240216,12:24:11,0.8,50,54300
20240216,12:24:45,0.8,200,54300
20240216,12:25:36,0.8,250,54150
20240216,12:25:38,0.75,1800,54150
20240216,12:25:59,0.8,100,54150
20240216,12:27:51,0.8,300,54150
20240216,12:28:13,0.8,400,54150
20240216,12:28:32,0.75,400,56400
20240216,12:29:04,0.75,3750,56400
20240216,12:29:04,0.7,5400,56400
20240216,12:29:05,0.7,650,56400
20240216,12:29:23,0.75,100,56400
20240216,12:29:23,0.75,300,56400
20240216,12:29:24,0.7,100,56400
20240216,12:30:12,0.75,850,56400
20240216,12:31:42,0.7,250,56400
20240216,12:32:05,0.7,500,64000
20240216,12:32:45,0.7,1800,64000
20240216,12:32:51,0.7,400,64000
20240216,12:32:53,0.7,100,64000
20240216,12:32:58,0.65,1800,64000
20240216,12:32:59,0.65,750,64000
20240216,12:33:09,0.7,1000,64000
20240216,12:34:40,0.7,250,66600
20240216,12:34:47,0.7,500,66600
20240216,12:34:55,0.7,100,66600
20240216,12:35:22,0.7,50,66600
20240216,12:36:24,0.7,200,66600
20240216,12:36:45,0.65,50,66600
20240216,12:36:51,0.7,50,66600
20240216,12:36:56,0.65,200,66600
20240216,12:36:59,0.7,50,66600
20240216,12:37:13,0.7,250,66600
20240216,12:37:31,0.65,50,66600
20240216,12:37:34,0.7,500,66600
20240216,12:38:06,0.7,1400,66600
20240216,12:38:06,0.7,50,66600
20240216,12:38:07,0.7,100,66600
20240216,12:41:38,0.75,400,66600
20240216,12:41:42,0.7,300,66500
20240216,12:41:52,0.75,1250,66500
20240216,12:41:54,0.75,700,66500
20240216,12:42:08,0.75,450,66500
20240216,12:43:58,0.75,50,66450
20240216,12:46:02,0.75,50,66450
20240216,12:47:05,0.75,50,66450
20240216,12:49:57,0.75,2050,66450
20240216,12:50:33,0.75,250,66450
20240216,12:51:46,0.75,50,66450
20240216,12:51:58,0.75,50,65600
20240216,12:52:29,0.75,50,65600
20240216,12:54:55,0.75,100,65600
20240216,12:54:59,0.8,200,65600
20240216,12:56:35,0.75,1000,65600
20240216,12:57:14,0.75,50,65600
20240216,12:57:57,0.8,50,65700
20240216,13:00:03,0.75,50,65700
20240216,13:05:01,0.75,50,65700
20240216,13:05:15,0.8,50,65700
20240216,13:06:08,0.8,50,65700
20240216,13:07:38,0.75,50,65700
20240216,13:10:53,0.75,250,65700
20240216,13:13:24,0.75,50,65700
20240216,13:18:34,0.75,200,65600
20240216,13:18:36,0.75,100,65600
20240216,13:27:51,0.75,400,65600
20240216,13:28:55,0.75,50,65600
20240216,13:30:34,0.7,50,65600
20240216,13:31:07,0.7,250,65600
20240216,13:31:37,0.7,50,65600
20240216,13:31:59,0.7,50,65600
20240216,13:33:35,0.75,400,65600
20240216,13:35:02,0.7,50,65600
20240216,13:37:21,0.75,50,65600
20240216,13:37:26,0.7,50,65600
20240216,13:39:49,0.7,200,65600
20240216,13:41:09,0.7,250,65600
20240216,13:44:27,0.7,950,65600
20240216,13:44:35,0.75,100,65600
20240216,13:46:14,0.75,250,65600
20240216,13:46:32,0.7,200,65500
20240216,13:47:49,0.7,100,65500
20240216,13:48:23,0.75,250,65500
20240216,13:49:42,0.7,200,65600
20240216,13:50:18,0.7,50,65600
20240216,13:50:28,0.7,1800,65600
20240216,13:50:54,0.7,50,65600
20240216,13:53:47,0.7,50,67400
20240216,13:54:15,0.7,200,67400
20240216,13:54:36,0.7,200,67400
20240216,13:55:56,0.75,200,67400
20240216,13:56:44,0.7,50,67600
20240216,13:56:48,0.75,250,67600
20240216,13:57:54,0.7,100,67600
20240216,13:58:17,0.7,100,67400
20240216,13:59:28,0.7,50,67400
20240216,13:59:52,0.7,50,67400
20240216,14:01:36,0.7,50,67400
20240216,14:01:48,0.7,50,67400
20240216,14:03:54,0.7,250,67400
20240216,14:11:10,0.75,100,67400
20240216,14:13:50,0.75,50,67400
20240216,14:21:31,0.75,550,67400
20240216,14:22:40,0.7,50,67400
20240216,14:24:19,0.75,50,67400
20240216,14:27:51,0.75,50,67400
20240216,14:30:21,0.75,50,67400
20240216,14:30:55,0.75,250,67400
20240216,14:30:55,0.75,500,67400
20240216,14:31:01,0.75,50,67400
20240216,14:31:23,0.7,1150,67400
20240216,14:31:29,0.7,750,67400
20240216,14:32:05,0.7,50,67400
20240216,14:32:07,0.7,950,67400
20240216,14:32:44,0.75,300,67400
20240216,14:33:15,0.75,50,67400
20240216,14:33:28,0.75,50,67400
20240216,14:34:18,0.7,50,67400
20240216,14:34:21,0.75,50,67400
20240216,14:34:48,0.7,100,67400
20240216,14:35:48,0.7,500,67400
20240216,14:36:23,0.75,50,67400
20240216,14:36:50,0.7,100,67400
20240216,14:39:23,0.7,400,67400
20240216,14:41:24,0.7,50,66950
20240216,14:41:32,0.75,100,66650
20240216,14:42:34,0.7,400,66650
20240216,14:44:14,0.7,50,66650
20240216,14:44:54,0.7,150,66650
20240216,14:44:57,0.7,600,66650
20240216,14:45:08,0.7,150,66650
20240216,14:45:36,0.75,50,66650
20240216,14:46:16,0.7,250,66250
20240216,14:46:33,0.75,50,66250
20240216,14:46:56,0.7,300,66250
20240216,14:47:00,0.7,50,66250
20240216,14:47:01,0.7,50,66250
20240216,14:47:39,0.7,50,66250
20240216,14:48:41,0.65,100,66250
20240216,14:49:50,0.7,250,66250
20240216,14:50:53,0.65,22000,66250
20240216,14:50:53,0.65,52950,66250
20240216,14:50:54,0.65,50,66250
20240216,14:50:55,0.65,50,66250
20240216,14:50:59,0.65,150,66250
20240216,14:51:19,0.65,1000,66250
20240216,14:51:37,0.65,1800,66250
20240216,14:51:39,0.65,3600,66250
20240216,14:51:40,0.65,3600,66250
20240216,14:51:59,0.65,300,66250
20240216,14:52:03,0.65,250,66250
20240216,14:52:24,0.65,50,66250
20240216,14:53:15,0.6,50,141900
20240216,14:53:45,0.6,150,141900
20240216,14:54:24,0.6,50,141900
20240216,14:57:30,0.6,50,141900
20240216,14:58:40,0.65,50,141900
20240216,15:00:02,0.6,650,141900
20240216,15:00:03,0.6,400,141900
20240216,15:00:26,0.6,50,141900
20240216,15:00:28,0.6,100,141900
20240216,15:00:53,0.6,200,141900
20240216,15:01:16,0.65,50,141900
20240216,15:01:21,0.65,500,141900
20240216,15:04:30,0.6,50,141900
20240216,15:05:27,0.6,1800,141900
20240216,15:05:33,0.6,3600,141900
20240216,15:05:41,0.6,5400,141900
20240216,15:07:51,0.6,400,141900
20240216,15:09:26,0.65,1800,141900
20240216,15:09:34,0.65,150,141900
20240216,15:11:06,0.65,50,141900
20240216,15:11:07,0.65,50,141900
20240216,15:11:14,0.65,50,141900
20240216,15:11:44,0.6,300,141900
20240216,15:12:59,0.6,50,141900
20240216,15:14:11,0.6,50,141900
20240216,15:14:30,0.6,50,141900
20240216,15:15:18,0.6,250,141900
20240216,15:15:20,0.6,50,141900
20240216,15:15:29,0.6,50,141900
20240216,15:15:49,0.6,250,141900
20240216,15:16:11,0.6,250,141900
20240216,15:16:13,0.6,100,141900
20240216,15:16:34,0.6,250,141950
20240216,15:16:43,0.6,50,141950
20240216,15:16:47,0.65,50,141950
20240216,15:17:07,0.6,50,141950
20240216,15:19:42,0.6,100,141950
20240216,15:19:43,0.6,50,141950
20240216,15:20:53,0.6,150,141950
20240216,15:20:56,0.6,50,141950
20240216,15:21:44,0.6,1000,141950
20240216,15:22:08,0.6,50,141950
20240216,15:22:09,0.6,50,141950
20240216,15:22:15,0.65,50,141950
20240216,15:22:19,0.6,250,141950
20240216,15:22:21,0.6,50,141950
20240216,15:22:27,0.6,50,141950
20240216,15:24:38,0.65,250,141950
20240216,15:24:40,0.6,50,141950
20240216,15:24:41,0.6,50,141950
20240216,15:25:42,0.6,50,141950
20240216,15:25:42,0.65,250,141950
20240216,15:26:19,0.65,250,141950
20240216,15:26:38,0.65,250,141950
20240216,15:26:56,0.65,250,141950
20240216,15:27:01,0.65,300,141950
20240216,15:27:22,0.65,100,141950
20240216,15:27:51,0.65,250,141950
20240216,15:28:09,0.65,50,141950
20240216,15:28:10,0.65,50,141950
20240216,15:28:32,0.65,650,141950
20240216,15:28:35,0.65,250,141950
20240216,15:28:39,0.6,300,141950
20240216,15:29:10,0.6,1950,141950
20240216,15:29:15,0.6,100,141950
20240216,15:29:56,0.65,6050,141950
20240216,15:29:57,0.65,6000,141950
20240216,15:29:59,0.65,6000,141950
20240216,15:30:00,0.65,3600,141950
20240219,09:15:01,0.65,1,141300
20240219,09:15:01,0.65,100,141300
20240219,09:15:06,0.75,1700,141300
20240219,09:15:07,0.75,200,141300
20240219,09:15:08,0.7,200,141300
20240219,09:15:10,0.65,2000,141300
20240219,09:15:24,0.65,50,141300
20240219,09:16:00,0.65,50,141300
20240219,09:16:11,0.6,100,141300
20240219,09:16:24,0.65,100,141300
20240219,09:16:28,0.65,100,141300
20240219,09:16:36,0.6,1450,141300
20240219,09:16:36,0.6,1400,141300
20240219,09:17:02,0.6,1000,141300
20240219,09:17:56,0.6,900,141300
20240219,09:18:34,0.55,300,141300
20240219,09:19:21,0.55,250,141250
20240219,09:19:51,0.6,50,141250
20240219,09:20:12,0.6,50,141250
20240219,09:21:54,0.6,150,141250
20240219,09:22:12,0.6,800,141250
20240219,09:22:19,0.6,50,141250
20240219,09:22:46,0.6,900,141250
20240219,09:23:13,0.6,250,141250
20240219,09:24:12,0.6,50,141250
20240219,09:24:43,0.6,50,141250
20240219,09:27:49,0.6,300,141250
20240219,09:28:21,0.6,50,141250
20240219,09:28:59,0.6,500,141250
20240219,09:29:35,0.55,150,141250
20240219,09:30:09,0.55,50,141250
20240219,09:31:22,0.6,250,141250
20240219,09:31:44,0.6,500,141250
20240219,09:32:22,0.55,100,141250
20240219,09:33:11,0.55,100,141250
20240219,09:33:42,0.55,50,141250
20240219,09:34:08,0.55,700,141250
20240219,09:34:20,0.55,1800,141250
20240219,09:34:21,0.55,4050,141250
20240219,09:36:28,0.55,1800,141250
20240219,09:39:09,0.55,2600,141250
20240219,09:39:11,0.55,50,141250
20240219,09:39:12,0.55,50,141250
20240219,09:39:52,0.55,2000,141250
20240219,09:39:57,0.55,2000,141250
20240219,09:39:59,0.5,1900,141250
20240219,09:41:00,0.5,250,141250
20240219,09:41:56,0.5,1800,141250
20240219,09:42:01,0.5,100,141250
20240219,09:42:05,0.5,1800,141250
20240219,09:42:07,0.5,100,141250
20240219,09:42:08,0.5,50,141250
20240219,09:42:53,0.55,250,141250
20240219,09:46:12,0.55,50,143050
20240219,09:49:54,0.5,50,143050
20240219,09:50:44,0.55,100,143050
20240219,09:51:03,0.5,50,143050
20240219,09:51:05,0.5,1800,143050
20240219,09:51:23,0.55,50,143050
20240219,09:52:22,0.55,50,143050
20240219,09:53:08,0.5,150,144850
20240219,09:53:49,0.5,100,144850
20240219,09:54:00,0.55,50,144850
20240219,09:54:09,0.5,1800,144850
20240219,09:55:03,0.5,1700,144850
20240219,09:55:04,0.5,1800,146650
20240219,09:55:23,0.5,800,146650
20240219,09:55:25,0.5,400,146650
20240219,09:55:38,0.5,1500,146650
20240219,09:55:44,0.5,1800,146650
20240219,09:56:32,0.5,50,146650
20240219,09:56:50,0.5,2950,146650
20240219,09:56:50,0.5,2400,146650
20240219,09:58:26,0.5,50,150250
20240219,09:59:23,0.5,1450,150250
20240219,09:59:24,0.5,50,150250
20240219,09:59:39,0.5,50,150250
20240219,10:00:13,0.5,50,150250
20240219,10:02:58,0.5,1800,150250
20240219,10:02:59,0.5,3600,150250
20240219,10:03:00,0.5,900,150250
20240219,10:03:02,0.5,250,150250
20240219,10:03:14,0.45,200,150250
20240219,10:03:15,0.45,200,150250
20240219,10:03:56,0.45,700,150250
20240219,10:04:19,0.45,250,150250
20240219,10:05:20,0.5,250,150250
20240219,10:05:33,0.5,250,150250
20240219,10:08:29,0.5,250,150250
20240219,10:09:03,0.5,1000,150250
20240219,10:14:45,0.45,150,150550
20240219,10:16:19,0.5,100,150550
20240219,10:18:09,0.5,1500,150550
20240219,10:18:52,0.5,1800,150550
20240219,10:18:54,0.5,1800,150550
20240219,10:18:56,0.5,1800,150550
20240219,10:18:58,0.5,1800,150550
20240219,10:19:00,0.5,350,150550
20240219,10:19:00,0.5,50,150550
20240219,10:19:03,0.5,250,150550
20240219,10:22:02,0.5,950,150550
20240219,10:22:35,0.55,1800,151750
20240219,10:23:41,0.5,550,151750
20240219,10:23:53,0.55,500,151750
20240219,10:25:19,0.5,100,151750
20240219,10:25:21,0.55,100,150050
20240219,10:25:51,0.5,200,150050
20240219,10:26:15,0.5,200,150050
20240219,10:26:54,0.55,50,150050
20240219,10:27:15,0.55,50,150050
20240219,10:28:38,0.55,50,150050
20240219,10:29:37,0.55,250,149750
20240219,10:29:49,0.55,50,149750
20240219,10:29:56,0.55,50,149750
20240219,10:31:22,0.55,250,150150
20240219,10:31:52,0.55,50,150150
20240219,10:32:02,0.55,500,150150
20240219,10:32:09,0.55,1800,150150
20240219,10:32:10,0.55,1800,150150
20240219,10:32:11,0.55,1800,150150
20240219,10:32:12,0.55,1800,150150
20240219,10:32:13,0.55,1800,150150
20240219,10:32:14,0.55,1800,150150
20240219,10:32:15,0.55,1800,150150
20240219,10:33:02,0.55,1800,150150
20240219,10:33:28,0.5,50,150150
20240219,10:34:24,0.55,350,148300
20240219,10:34:52,0.5,100,148300
20240219,10:39:39,0.55,50,148200
20240219,10:40:59,0.5,100,148200
20240219,10:41:51,0.55,300,148200
20240219,10:41:51,0.55,500,148200
20240219,10:44:02,0.55,450,148100
20240219,10:45:35,0.55,600,148100
20240219,10:46:28,0.55,150,147800
20240219,10:47:12,0.55,50,147800
20240219,10:52:49,0.55,50,147800
20240219,10:53:47,0.5,50,147800
20240219,10:55:13,0.55,50,147750
20240219,10:55:35,0.55,50,147750
20240219,10:55:52,0.5,50,147750
20240219,10:56:40,0.55,250,147750
20240219,10:56:46,0.55,250,147750
20240219,10:56:52,0.55,1850,147750
20240219,10:57:14,0.6,400,147750
20240219,10:57:17,0.55,50,147750
20240219,10:57:20,0.55,50,147750
20240219,10:57:22,0.55,50,147750
20240219,10:59:45,0.55,250,147750
20240219,10:59:46,0.55,100,147900
20240219,11:02:28,0.55,50,147550
20240219,11:03:08,0.55,50,147550
20240219,11:03:12,0.55,400,147550
20240219,11:05:27,0.55,250,147550
20240219,11:06:07,0.55,50,147050
20240219,11:06:07,0.55,250,147050
20240219,11:06:31,0.55,1800,147050
20240219,11:06:31,0.55,400,147050
20240219,11:06:43,0.55,250,147050
20240219,11:07:08,0.55,250,145100
20240219,11:07:11,0.55,100,145100
20240219,11:15:27,0.55,100,144850
20240219,11:16:03,0.55,400,144850
20240219,11:16:10,0.55,800,144850
20240219,11:16:46,0.6,250,144850
20240219,11:17:14,0.6,250,144850
20240219,11:18:51,0.6,750,144850
20240219,11:18:52,0.6,2200,145300
20240219,11:18:53,0.6,400,145300
20240219,11:19:18,0.6,50,145300
20240219,11:19:22,0.6,500,145300
20240219,11:19:34,0.6,500,145300
20240219,11:19:44,0.55,50,145300
20240219,11:20:03,0.6,250,145300
20240219,11:20:09,0.6,50,145300
20240219,11:20:10,0.6,100,145300
20240219,11:21:04,0.6,400,145300
20240219,11:21:09,0.6,500,145300
20240219,11:21:12,0.6,500,145300
20240219,11:22:11,0.6,1800,145300
20240219,11:22:12,0.6,1200,147050
20240219,11:23:10,0.6,50,147050
20240219,11:24:40,0.55,50,147050
20240219,11:25:25,0.55,650,147050
20240219,11:26:02,0.6,250,147450
20240219,11:26:08,0.6,500,147450
20240219,11:27:12,0.6,100,147450
20240219,11:27:16,0.6,250,147450
20240219,11:27:41,0.6,50,147450
20240219,11:28:39,0.6,500,147450
20240219,11:29:16,0.55,50,146800
20240219,11:29:20,0.55,250,146800
20240219,11:33:01,0.6,50,146800
20240219,11:33:02,0.6,50,146500
20240219,11:34:46,0.6,50,146500
20240219,11:34:59,0.55,50,146500
20240219,11:35:29,0.55,200,146500
20240219,11:37:35,0.55,50,146250
20240219,11:38:40,0.55,50,146250
20240219,11:45:06,0.6,50,146150
20240219,11:45:31,0.55,50,146150
20240219,11:47:56,0.55,50,146150
20240219,11:51:02,0.55,900,146100
20240219,11:59:42,0.6,500,145150
20240219,12:00:31,0.55,200,145150
20240219,12:00:33,0.55,450,145150
20240219,12:02:12,0.6,50,145150
20240219,12:02:22,0.55,500,144750
20240219,12:02:29,0.6,1800,144750
20240219,12:03:10,0.6,50,144750
20240219,12:04:13,0.6,1800,144750
20240219,12:06:56,0.6,500,140650
20240219,12:07:33,0.6,400,140650
20240219,12:07:33,0.6,800,140650
20240219,12:08:06,0.6,50,140650
20240219,12:10:44,0.55,100,140650
20240219,12:10:50,0.6,50,140650
20240219,12:12:01,0.55,50,140650
20240219,12:12:20,0.6,250,140650
20240219,12:12:36,0.6,1800,140650
20240219,12:12:39,0.6,500,140650
20240219,12:12:48,0.65,50,140650
20240219,12:12:54,0.6,250,140650
20240219,12:14:47,0.6,50,140550
20240219,12:15:36,0.65,250,140550
20240219,12:17:12,0.6,2250,140800
20240219,12:17:39,0.65,800,140800
20240219,12:18:05,0.65,50,140800
20240219,12:20:38,0.6,250,140800
20240219,12:20:56,0.65,250,141600
20240219,12:21:28,0.65,700,141600
20240219,12:21:28,0.65,1800,141600
20240219,12:22:10,0.65,200,141600
20240219,12:23:33,0.65,500,142100
20240219,12:25:04,0.65,250,142100
20240219,12:26:36,0.65,250,142100
20240219,12:26:43,0.65,50,142100
20240219,12:26:59,0.65,100,142100
20240219,12:29:33,0.6,1650,142100
20240219,12:30:08,0.6,100,142100
20240219,12:30:46,0.6,50,142100
20240219,12:35:22,0.65,200,140450
20240219,12:36:50,0.65,50,140450
20240219,12:37:05,0.65,50,140450
20240219,12:37:23,0.6,2000,140450
20240219,12:37:50,0.6,50,140450
20240219,12:42:49,0.65,1800,140200
20240219,12:44:38,0.6,50,140200
20240219,12:47:35,0.6,600,140200
20240219,12:48:12,0.65,50,140200
20240219,12:49:01,0.6,50,140200
20240219,12:51:10,0.6,50,140200
20240219,12:55:39,0.6,50,140200
20240219,12:56:13,0.65,500,140200
20240219,12:59:58,0.6,500,140200
20240219,13:00:06,0.65,50,140200
20240219,13:00:12,0.65,50,140200
20240219,13:01:26,0.6,100,140200
20240219,13:02:57,0.65,50,140200
20240219,13:03:27,0.65,50,140200
20240219,13:04:01,0.65,100,140200
20240219,13:05:22,0.6,6000,140200
20240219,13:05:25,0.6,1800,140200
20240219,13:05:27,0.6,100,140200
20240219,13:05:28,0.6,50,140200
20240219,13:05:32,0.6,1500,140200
20240219,13:05:37,0.6,100,140200
20240219,13:07:36,0.6,50,140200
20240219,13:09:14,0.55,400,140200
20240219,13:10:20,0.6,50,140200
20240219,13:10:51,0.6,250,140200
20240219,13:11:22,0.55,2500,140200
20240219,13:11:35,0.6,350,140200
20240219,13:11:38,0.6,300,140200
20240219,13:11:50,0.6,250,140200
20240219,13:11:52,0.6,300,140200
20240219,13:11:54,0.6,350,140200
20240219,13:13:28,0.6,650,140200
20240219,13:13:52,0.6,100,140850
20240219,13:14:18,0.6,250,140850
20240219,13:14:26,0.55,50,140850
20240219,13:14:26,0.55,650,140850
20240219,13:15:57,0.6,50,140850
20240219,13:16:34,0.6,700,140850
20240219,13:16:42,0.6,300,140850
20240219,13:16:47,0.6,50,140850
20240219,13:17:30,0.6,50,140850
20240219,13:17:33,0.6,50,140850
20240219,13:17:38,0.6,50,140850
20240219,13:17:57,0.55,1800,140850
20240219,13:18:42,0.6,100,140850
20240219,13:20:07,0.6,300,140850
20240219,13:26:51,0.6,650,140850
20240219,13:27:32,0.55,50,140550
20240219,13:27:54,0.6,500,140550
20240219,13:28:49,0.6,250,140550
20240219,13:28:50,0.6,100,140550
20240219,13:28:54,0.6,50,140550
20240219,13:28:55,0.6,50,140550
20240219,13:29:28,0.6,50,140550
20240219,13:30:00,0.6,50,140550
20240219,13:30:02,0.6,50,140550
20240219,13:30:03,0.6,100,140550
20240219,13:30:25,0.55,550,140550
20240219,13:31:00,0.6,50,140550
20240219,13:32:58,0.6,50,140200
20240219,13:37:41,0.55,50,140200
20240219,13:37:57,0.55,50,140200
20240219,13:38:55,0.55,450,140200
20240219,13:40:40,0.6,50,140200
20240219,13:42:26,0.6,550,140200
20240219,13:42:27,0.55,50,140200
20240219,13:43:17,0.55,1800,140750
20240219,13:43:18,0.55,1800,140750
20240219,13:43:19,0.55,1800,140750
20240219,13:43:20,0.55,4350,140750
20240219,13:43:21,0.55,600,140750
20240219,13:43:31,0.55,150,140750
20240219,13:43:32,0.55,150,140750
20240219,13:45:22,0.55,50,140750
20240219,13:47:10,0.5,50,140750
20240219,13:47:22,0.5,550,140200
20240219,13:48:06,0.55,900,140200
20240219,13:48:13,0.55,50,140200
20240219,13:48:20,0.5,100,140200
20240219,13:48:33,0.5,1550,140200
20240219,13:48:50,0.55,250,140200
20240219,13:50:32,0.55,50,140200
20240219,13:51:18,0.55,50,139750
20240219,13:51:57,0.55,1800,139750
20240219,13:53:35,0.55,50,140800
20240219,13:55:54,0.55,50,140800
20240219,13:56:03,0.55,150,140800
20240219,13:57:56,0.55,50,140800
20240219,13:57:57,0.55,250,140800
20240219,13:58:01,0.55,250,140800
20240219,13:58:05,0.55,250,140800
20240219,13:58:08,0.55,500,140800
20240219,13:58:10,0.55,250,140800
20240219,13:58:10,0.55,500,140800
20240219,13:58:11,0.55,300,140800
20240219,13:58:26,0.6,1800,141100
20240219,13:59:20,0.6,50,141100
20240219,13:59:43,0.6,600,141100
20240219,14:00:40,0.55,1000,141100
20240219,14:00:40,0.6,50,141100
20240219,14:01:12,0.55,50,139250
20240219,14:01:13,0.6,50,139250
20240219,14:01:15,0.6,2600,139250
20240219,14:01:16,0.6,13650,139250
20240219,14:01:17,0.6,50,139250
20240219,14:01:24,0.6,50,139250
20240219,14:01:34,0.6,1000,139250
20240219,14:02:14,0.6,50,139250
20240219,14:02:29,0.6,50,139250
20240219,14:02:37,0.65,50,139250
20240219,14:02:38,0.65,50,139250
20240219,14:02:40,0.65,50,139250
20240219,14:03:07,0.65,250,139250
20240219,14:03:33,0.6,50,139250
20240219,14:03:56,0.6,100,139250
20240219,14:04:08,0.65,900,139250
20240219,14:04:10,0.65,500,139250
20240219,14:04:58,0.65,50,139250
20240219,14:05:05,0.6,50,138500
20240219,14:05:32,0.65,50,138500
20240219,14:05:34,0.6,50,138500
20240219,14:06:00,0.65,550,138500
20240219,14:06:21,0.65,150,138500
20240219,14:06:51,0.65,250,138500
20240219,14:07:02,0.65,250,138500
20240219,14:07:07,0.65,600,138500
20240219,14:07:37,0.65,1600,138500
20240219,14:07:38,0.65,50,138500
20240219,14:07:40,0.65,200,138500
20240219,14:07:41,0.65,900,138500
20240219,14:07:57,0.65,800,138500
20240219,14:07:57,0.65,3400,138500
20240219,14:08:07,0.65,850,138500
20240219,14:08:07,0.65,400,138500
20240219,14:08:08,0.6,950,138500
20240219,14:08:13,0.65,950,138500
20240219,14:08:14,0.65,50,138500
20240219,14:08:16,0.65,100,138500
20240219,14:08:18,0.65,1800,138500
20240219,14:08:21,0.65,950,138500
20240219,14:08:22,0.65,100,138500
20240219,14:08:29,0.65,2100,138500
20240219,14:08:32,0.7,400,138500
20240219,14:08:50,0.65,50,138500
20240219,14:08:51,0.7,300,138500
20240219,14:08:52,0.7,150,138500
20240219,14:09:11,0.7,1750,138500
20240219,14:09:13,0.65,1800,138500
20240219,14:09:16,0.7,250,138500
20240219,14:09:19,0.7,150,138500
20240219,14:09:23,0.65,50,138500
20240219,14:09:24,0.65,50,138500
20240219,14:09:37,0.7,550,138500
20240219,14:10:02,0.7,650,138500
20240219,14:10:03,0.7,1700,138500
20240219,14:10:05,0.7,900,138500
20240219,14:10:08,0.7,350,138500
20240219,14:10:20,0.7,250,140000
20240219,14:10:27,0.7,800,140000
20240219,14:11:08,0.65,600,140000
20240219,14:11:10,0.65,500,140000
20240219,14:11:11,0.7,550,140000
20240219,14:11:51,0.7,250,140000
20240219,14:12:02,0.7,1000,140000
20240219,14:12:07,0.7,1800,140000
20240219,14:12:22,0.7,500,140000
20240219,14:12:27,0.7,50,140000
20240219,14:12:32,0.7,500,140000
20240219,14:12:37,0.7,550,140000
20240219,14:12:38,0.7,200,140000
20240219,14:12:39,0.7,350,140000
20240219,14:12:41,0.7,1900,140000
20240219,14:12:42,0.7,1100,140000
20240219,14:12:43,0.7,100,140000
20240219,14:12:44,0.7,50,140000
20240219,14:12:45,0.7,100,140000
20240219,14:13:06,0.7,200,140000
20240219,14:13:07,0.7,250,140000
20240219,14:13:09,0.75,50,140000
20240219,14:13:10,0.75,50,140000
20240219,14:13:12,0.75,250,140000
20240219,14:13:20,0.7,250,139700
20240219,14:13:32,0.75,1500,139700
20240219,14:13:37,0.75,150,139700
20240219,14:13:44,0.75,750,139700
20240219,14:13:50,0.75,600,139700
20240219,14:13:52,0.75,150,139700
20240219,14:13:54,0.65,250,139700
20240219,14:14:04,0.75,750,139700
20240219,14:14:05,0.7,1750,139700
20240219,14:14:07,0.7,50,139700
20240219,14:14:08,0.75,50,139700
20240219,14:14:22,0.75,750,139700
20240219,14:14:24,0.75,750,139700
20240219,14:14:26,0.75,150,139700
20240219,14:14:28,0.75,150,139700
20240219,14:14:30,0.75,150,139700
20240219,14:14:31,0.7,1800,139700
20240219,14:14:32,0.75,2700,139700
20240219,14:14:34,0.75,100,139700
20240219,14:14:43,0.75,250,139700
20240219,14:15:07,0.75,500,139700
20240219,14:15:10,0.75,150,139700
20240219,14:15:11,0.75,150,139700
20240219,14:15:12,0.75,150,139700
20240219,14:15:13,0.75,150,139700
20240219,14:15:14,0.75,150,139700
20240219,14:15:25,0.75,150,139700
20240219,14:15:29,0.75,100,139700
20240219,14:15:37,0.75,750,139700
20240219,14:15:38,0.75,150,139700
20240219,14:15:59,0.75,50,139700
20240219,14:16:02,0.75,350,139700
20240219,14:16:10,0.75,250,139700
20240219,14:16:12,0.75,500,139700
20240219,14:16:16,0.75,250,139700
20240219,14:16:37,0.75,900,140750
20240219,14:16:39,0.75,500,140750
20240219,14:16:39,0.75,1350,140750
20240219,14:16:41,0.8,900,140750
20240219,14:16:45,0.8,50,140750
20240219,14:16:52,0.8,150,140750
20240219,14:16:53,0.75,250,140750
20240219,14:16:57,0.75,50,140750
20240219,14:16:58,0.8,250,140750
20240219,14:17:01,0.75,50,140750
20240219,14:17:04,0.75,250,140750
20240219,14:17:16,0.8,450,140750
20240219,14:17:21,0.8,550,140750
20240219,14:17:22,0.75,500,140750
20240219,14:17:23,0.75,50,140750
20240219,14:17:24,0.75,50,140750
20240219,14:17:25,0.75,50,140750
20240219,14:17:26,0.75,50,140750
20240219,14:17:37,0.8,300,140750
20240219,14:17:37,0.8,250,140750
20240219,14:17:43,0.8,100,140750
20240219,14:17:46,0.8,250,140750
20240219,14:17:48,0.8,150,140750
20240219,14:17:51,0.8,250,140750
20240219,14:18:38,0.8,250,140750
20240219,14:18:42,0.8,1600,140750
20240219,14:18:49,0.8,250,140750
20240219,14:18:52,0.85,850,140750
20240219,14:18:53,0.8,50,140750
20240219,14:18:55,0.8,100,140750
20240219,14:19:01,0.85,250,140750
20240219,14:19:02,0.85,250,140750
20240219,14:19:15,0.85,250,140450
20240219,14:19:32,0.85,250,140450
20240219,14:20:01,0.8,50,140450
20240219,14:20:03,0.85,100,140450
20240219,14:20:05,0.85,50,140450
20240219,14:20:06,0.8,50,140450
20240219,14:20:24,0.85,500,140450
20240219,14:20:33,0.8,100,140450
20240219,14:20:35,0.75,100,140450
20240219,14:20:37,0.85,250,140450
20240219,14:20:44,0.8,100,140450
20240219,14:20:45,0.8,50,140450
20240219,14:20:50,0.8,50,140450
20240219,14:20:53,0.8,50,140450
20240219,14:20:56,0.85,250,140450
20240219,14:21:02,0.85,250,140450
20240219,14:21:07,0.85,100,140450
20240219,14:21:31,0.85,100,140450
20240219,14:21:33,0.85,100,140450
20240219,14:21:39,0.85,600,140450
20240219,14:21:41,0.85,1200,140450
20240219,14:21:42,0.85,150,140450
20240219,14:21:43,0.85,950,140450
20240219,14:21:47,0.85,1700,140450
20240219,14:21:47,0.85,150,140450
20240219,14:21:48,0.9,100,140450
20240219,14:21:50,0.9,900,140450
20240219,14:21:53,0.8,600,140450
20240219,14:22:02,0.85,600,140450
20240219,14:22:09,0.85,850,140450
20240219,14:22:38,0.9,250,139700
20240219,14:22:40,0.85,250,139700
20240219,14:22:40,0.9,300,139700
20240219,14:22:46,0.9,350,139700
20240219,14:23:02,0.9,3100,139700
20240219,14:23:20,0.9,500,139700
20240219,14:23:26,0.9,50,139700
20240219,14:23:32,0.9,450,139700
20240219,14:24:07,0.9,250,139700
20240219,14:24:09,0.9,900,139700
20240219,14:24:10,0.9,200,139700
20240219,14:24:11,0.9,850,139700
20240219,14:24:12,0.9,300,139700
20240219,14:24:13,0.95,50,139700
20240219,14:24:14,0.95,1600,139700
20240219,14:24:15,0.95,50,139700
20240219,14:24:16,0.95,250,139700
20240219,14:24:17,0.9,100,139700
20240219,14:24:18,0.9,50,139700
20240219,14:24:37,0.9,300,139700
20240219,14:24:39,0.95,500,139700
20240219,14:24:46,0.9,900,139700
20240219,14:24:50,0.9,50,139700
20240219,14:24:59,0.9,1700,139700
20240219,14:25:00,0.9,800,139700
20240219,14:25:07,0.95,250,139700
20240219,14:25:10,0.95,750,139700
20240219,14:25:14,0.95,150,139700
20240219,14:25:19,0.95,250,140600
20240219,14:25:28,0.95,300,140600
20240219,14:25:29,0.9,250,140600
20240219,14:25:41,0.95,50,140600
20240219,14:25:45,0.95,400,140600
20240219,14:25:46,0.95,400,140600
20240219,14:25:47,0.95,50,140600
20240219,14:26:01,0.9,1800,140600
20240219,14:26:15,0.95,250,140600
20240219,14:26:28,0.95,150,140600
20240219,14:26:31,0.95,150,140600
20240219,14:26:54,0.9,100,140600
20240219,14:27:07,0.95,250,140600
20240219,14:27:10,0.9,50,140600
20240219,14:27:37,0.95,200,140600
20240219,14:27:39,0.9,100,140600
20240219,14:28:05,0.9,250,140600
20240219,14:28:15,0.95,50,140600
20240219,14:28:33,0.95,150,139500
20240219,14:28:38,0.9,500,139500
20240219,14:28:49,0.95,350,139500
20240219,14:28:59,0.95,1150,139500
20240219,14:29:02,0.95,1400,139500
20240219,14:29:12,0.9,150,139500
20240219,14:29:20,0.95,2000,139500
20240219,14:29:38,0.9,6250,139500
20240219,14:29:40,0.9,1150,139500
20240219,14:29:42,0.9,150,139500
20240219,14:29:47,0.9,900,139500
20240219,14:29:51,0.85,50,139500
20240219,14:29:53,0.9,900,139500
20240219,14:29:58,0.9,900,139500
20240219,14:30:00,0.9,250,139500
20240219,14:30:05,0.9,250,139500
20240219,14:30:14,0.9,250,139500
20240219,14:30:29,0.9,250,139500
20240219,14:30:35,0.9,1800,139500
20240219,14:30:40,0.9,1800,139500
20240219,14:30:41,0.85,1000,139500
20240219,14:30:44,0.9,50,139500
20240219,14:31:08,0.95,250,139500
20240219,14:31:16,0.9,800,139500
20240219,14:31:17,0.95,600,137400
20240219,14:31:27,0.95,300,137400
20240219,14:31:29,0.95,150,137400
20240219,14:31:31,0.95,150,137400
20240219,14:31:32,0.95,900,137400
20240219,14:31:39,0.9,1950,137400
20240219,14:31:46,0.9,1450,137400
20240219,14:31:48,0.95,50,137400
20240219,14:31:52,0.95,50,137400
20240219,14:32:13,0.95,600,137400
20240219,14:32:18,0.9,2000,137400
20240219,14:32:20,0.95,100,137400
20240219,14:32:28,0.9,2400,137400
20240219,14:32:32,0.95,1450,137400
20240219,14:33:12,0.95,200,137400
20240219,14:33:14,0.95,250,137400
20240219,14:33:20,0.95,200,137400
20240219,14:34:07,0.95,250,137400
20240219,14:34:11,0.9,500,137400
20240219,14:34:37,0.95,200,137350
20240219,14:34:46,0.95,100,137350
20240219,14:34:50,0.95,50,137350
20240219,14:34:52,0.95,900,137350
20240219,14:35:00,0.95,50,137350
20240219,14:35:05,0.95,250,137350
20240219,14:35:08,0.95,50,137350
20240219,14:35:21,0.95,300,137350
20240219,14:35:22,0.9,500,137350
20240219,14:35:37,0.95,1000,137350
20240219,14:35:39,0.95,50,137350
20240219,14:35:40,0.95,50,137350
20240219,14:35:56,0.95,50,137350
20240219,14:36:07,0.95,250,137350
20240219,14:36:37,0.95,250,137350
20240219,14:36:50,0.95,750,137350
20240219,14:37:01,0.95,250,137350
20240219,14:37:37,0.95,50,137400
20240219,14:37:57,0.9,500,137400
20240219,14:38:16,0.9,700,137400
20240219,14:39:07,0.9,50,137400
20240219,14:39:19,0.9,300,137400
20240219,14:39:21,0.95,50,137400
20240219,14:39:24,0.9,50,137400
20240219,14:39:29,0.9,50,137400
20240219,14:39:31,0.9,1250,137400
20240219,14:39:32,0.9,100,137400
20240219,14:39:34,0.85,50,137400
20240219,14:39:37,0.9,500,137400
20240219,14:40:07,0.9,500,137400
20240219,14:40:09,0.9,50,137400
20240219,14:40:11,0.9,1600,137400
20240219,14:40:12,0.9,50,137400
20240219,14:40:14,0.9,1550,137400
20240219,14:40:37,0.9,500,137500
20240219,14:40:54,0.95,800,137500
20240219,14:41:02,0.9,100,137500
20240219,14:41:03,0.95,100,137500
20240219,14:41:10,0.9,50,137500
20240219,14:41:37,0.95,50,137500
20240219,14:41:52,0.95,250,137500
20240219,14:41:53,0.95,800,137500
20240219,14:41:57,0.95,250,137500
20240219,14:44:49,0.9,500,137500
20240219,14:44:59,0.95,700,137350
20240219,14:45:06,0.95,50,137350
20240219,14:45:09,0.95,800,137350
20240219,14:45:22,0.95,50,137350
20240219,14:45:24,0.9,500,137350
20240219,14:47:10,0.9,150,137400
20240219,14:47:20,0.85,900,137400
20240219,14:47:23,0.85,1050,137400
20240219,14:47:25,0.85,700,137400
20240219,14:47:26,0.85,1100,137400
20240219,14:47:31,0.85,1700,137400
20240219,14:47:35,0.85,150,137400
20240219,14:47:56,0.8,750,137400
20240219,14:47:58,0.8,1150,137400
20240219,14:47:59,0.8,300,137400
20240219,14:48:00,0.9,50,137400
20240219,14:48:04,0.8,2150,137400
20240219,14:48:28,0.75,50,137400
20240219,14:48:30,0.75,500,137400
20240219,14:48:41,0.75,600,137400
20240219,14:48:44,0.75,100,137400
20240219,14:48:54,0.8,100,137400
20240219,14:48:58,0.8,100,137400
20240219,14:49:00,0.75,50,137400
20240219,14:49:33,0.8,500,137400
20240219,14:49:36,0.75,400,137400
20240219,14:50:11,0.8,50,137400
20240219,14:50:27,0.7,50,137400
20240219,14:51:14,0.8,250,137400
20240219,14:52:27,0.8,200,137400
20240219,14:52:29,0.75,50,137800
20240219,14:52:31,0.8,50,137800
20240219,14:52:33,0.8,850,137800
20240219,14:52:42,0.75,50,137800
20240219,14:52:50,0.8,100,137800
20240219,14:53:34,0.8,50,137800
20240219,14:53:39,0.75,50,137800
20240219,14:54:47,0.75,50,137800
20240219,14:56:02,0.75,900,137800
20240219,14:56:37,0.75,250,137800
20240219,14:56:42,0.8,50,137800
20240219,14:57:30,0.8,300,137800
20240219,14:57:39,0.75,400,137800
20240219,14:57:53,0.8,50,137800
20240219,14:58:22,0.7,50,137800
20240219,14:58:56,0.75,50,137400
20240219,14:59:04,0.7,100,137400
20240219,14:59:09,0.75,50,137400
20240219,14:59:21,0.75,50,137400
20240219,14:59:43,0.8,200,137400
20240219,14:59:44,0.8,250,137400
20240219,14:59:46,0.8,100,137400
20240219,15:00:13,0.8,900,137400
20240219,15:00:14,0.8,50,137400
20240219,15:00:16,0.8,50,137400
20240219,15:00:43,0.8,1200,137400
20240219,15:01:13,0.85,900,137400
20240219,15:01:27,0.85,300,137400
20240219,15:01:28,0.85,50,137400
20240219,15:01:43,0.85,500,137400
20240219,15:01:47,0.75,50,137400
20240219,15:01:56,0.85,500,137400
20240219,15:01:58,0.8,600,137400
20240219,15:01:59,0.8,50,137400
20240219,15:02:13,0.85,1550,137400
20240219,15:02:14,0.85,50,137400
20240219,15:02:17,0.85,150,137400
20240219,15:02:32,0.85,50,137400
20240219,15:02:45,0.9,500,137400
20240219,15:02:49,0.9,50,137400
20240219,15:03:01,0.8,250,137400
20240219,15:03:13,0.9,500,137400
20240219,15:03:17,0.8,50,137400
20240219,15:03:22,0.9,100,137400
20240219,15:03:33,0.8,250,137400
20240219,15:03:43,0.9,500,137400
20240219,15:03:44,0.85,1600,137400
20240219,15:04:04,0.8,250,137400
20240219,15:04:13,0.9,250,137400
20240219,15:04:13,0.8,100,137400
20240219,15:04:36,0.85,1150,137700
20240219,15:04:43,0.9,1350,137700
20240219,15:04:44,0.9,200,137700
20240219,15:04:58,0.85,900,137700
20240219,15:05:15,0.9,1700,137700
20240219,15:05:17,0.9,50,137700
20240219,15:05:27,0.9,900,137700
20240219,15:06:07,0.8,150,137700
20240219,15:06:13,0.9,3800,137700
20240219,15:06:13,0.85,300,137700
20240219,15:06:28,0.8,150,137700
20240219,15:06:38,0.85,1700,137700
20240219,15:06:43,0.8,2050,137700
20240219,15:06:49,0.9,1800,137700
20240219,15:07:10,0.85,50,137700
20240219,15:07:13,0.85,2200,137700
20240219,15:07:43,0.9,2150,137700
20240219,15:07:50,0.85,500,140950
20240219,15:08:21,0.85,500,140950
20240219,15:08:34,0.85,2250,140950
20240219,15:08:54,0.8,50,140950
20240219,15:08:56,0.8,450,140950
20240219,15:09:38,0.8,3600,140950
20240219,15:09:39,0.8,100,140950
20240219,15:09:44,0.8,100,140950
20240219,15:09:49,0.8,1100,140950
20240219,15:09:52,0.8,500,140950
20240219,15:09:53,0.8,700,140950
20240219,15:10:12,0.75,400,140950
20240219,15:10:13,0.85,550,140950
20240219,15:10:54,0.75,100,140950
20240219,15:10:56,0.85,50,142150
20240219,15:11:09,0.75,50,142150
20240219,15:11:27,0.8,100,142150
20240219,15:11:36,0.8,1000,142150
20240219,15:11:43,0.8,950,142150
20240219,15:11:53,0.85,450,142150
20240219,15:11:56,1.05,11350,142150
20240219,15:12:01,0.8,250,142150
20240219,15:12:09,0.8,50,142150
20240219,15:12:35,0.8,50,142150
20240219,15:12:43,0.9,1750,142150
20240219,15:12:56,0.85,350,142150
20240219,15:13:02,0.85,500,142150
20240219,15:13:22,0.85,1150,142150
20240219,15:13:32,0.85,100,142150
20240219,15:14:43,1.2,1750,147650
20240219,15:14:43,1.2,50,147650
20240219,15:14:44,0.85,50,147650
20240219,15:14:45,0.9,1450,147650
20240219,15:14:46,0.9,50,147650
20240219,15:15:13,0.95,250,147650
20240219,15:15:31,0.95,250,147650
20240219,15:15:33,0.85,250,147650
20240219,15:16:42,0.9,400,147650
20240219,15:16:43,0.95,600,148150
20240219,15:16:58,0.85,400,148150
20240219,15:17:31,0.95,250,148150
20240219,15:17:35,0.95,350,148150
20240219,15:17:40,0.9,1050,148150
20240219,15:17:46,0.9,650,148150
20240219,15:17:56,0.9,50,148150
20240219,15:18:57,0.9,100,148150
20240219,15:19:25,0.9,200,149100
20240219,15:19:30,0.85,1800,149100
20240219,15:19:37,0.9,1350,149100
20240219,15:19:38,0.9,1050,149100
20240219,15:19:40,0.85,250,149100
20240219,15:20:08,0.85,150,149100
20240219,15:20:39,0.85,100,149100
20240219,15:20:44,0.85,150,149100
20240219,15:20:51,0.85,400,149100
20240219,15:20:53,0.8,1800,149100
20240219,15:21:22,0.85,500,149100
20240219,15:21:52,0.8,2050,149100
20240219,15:21:53,0.75,1900,149100
20240219,15:22:10,0.8,250,149100
20240219,15:22:20,0.8,600,149100
20240219,15:22:37,0.8,50,150950
20240219,15:22:48,0.8,50,150950
20240219,15:23:01,0.8,250,150950
20240219,15:23:05,0.8,1600,150950
20240219,15:23:08,0.8,500,150950
20240219,15:23:39,0.8,3950,150950
20240219,15:23:40,0.8,50,150950
20240219,15:23:59,0.85,900,150950
20240219,15:24:21,0.8,250,150950
20240219,15:24:28,0.8,50,150950
20240219,15:24:34,0.8,400,150950
20240219,15:25:13,0.75,100,150950
20240219,15:25:43,0.95,450,150950
20240219,15:25:44,0.8,1650,153300
20240219,15:25:47,0.9,50,153300
20240219,15:26:31,0.8,50,153300
20240219,15:27:15,1.0,1900,153300
20240219,15:27:18,0.8,150,153300
20240219,15:27:19,0.85,3400,153300
20240219,15:27:33,0.8,100,153300
20240219,15:27:34,0.9,350,153300
20240219,15:27:38,0.8,50,153300
20240219,15:27:44,0.8,650,153300
20240219,15:27:45,0.8,150,153300
20240219,15:27:53,0.8,450,153300
20240219,15:28:16,0.8,100,153300
20240219,15:28:26,0.75,50,153300
20240219,15:29:10,0.75,50,155250
20240219,15:29:13,0.75,150,155250
20240219,15:29:42,1.0,200,155250
20240219,15:29:43,0.75,250,155250
20240219,15:29:48,1.9,3350,155250
20240219,15:29:52,1.9,100,155250
20240219,15:30:00,0.7,50,155250
20240220,09:15:01,0.7,1,155250
20240220,09:15:01,0.7,50,155250
20240220,09:15:01,1.15,300,157150
20240220,09:15:05,1.15,100,157150
20240220,09:15:06,0.9,50,157150
20240220,09:15:07,0.9,50,157150
20240220,09:15:10,0.9,250,157150
20240220,09:15:11,0.95,50,157150
20240220,09:15:20,0.9,50,157150
20240220,09:16:10,0.75,550,157150
20240220,09:16:11,0.7,400,157150
20240220,09:16:24,0.7,950,157150
20240220,09:16:43,0.7,50,157150
20240220,09:16:45,0.7,50,157150
20240220,09:16:46,0.7,400,157150
20240220,09:16:55,0.75,100,157150
20240220,09:16:59,0.65,1050,157150
20240220,09:17:24,0.65,50,157150
20240220,09:19:01,0.65,650,155850
20240220,09:19:18,0.65,500,155850
20240220,09:19:37,0.65,500,155850
20240220,09:19:38,0.65,200,155850
20240220,09:20:06,0.65,250,155850
20240220,09:20:32,0.7,50,155850
20240220,09:20:33,0.7,250,155850
20240220,09:22:10,0.7,50,155850
20240220,09:23:00,0.7,200,156100
20240220,09:23:43,0.65,200,156100
20240220,09:24:02,0.7,1800,156100
20240220,09:25:26,0.65,50,156650
20240220,09:26:19,0.7,150,156650
20240220,09:29:24,0.7,250,156650
20240220,09:30:02,0.7,850,156650
20240220,09:32:06,0.65,1800,156650
20240220,09:32:07,0.65,50,157450
20240220,09:32:10,0.65,50,157450
20240220,09:32:26,0.65,50,157450
20240220,09:32:40,0.65,100,157450
20240220,09:32:56,0.6,100,157450
20240220,09:33:58,0.6,200,157850
20240220,09:34:26,0.65,250,157850
20240220,09:36:06,0.65,1800,157850
20240220,09:37:33,0.65,200,158650
20240220,09:42:31,0.65,250,158850
20240220,09:42:43,0.65,250,158850
20240220,09:43:13,0.6,50,158850
20240220,09:43:21,0.65,250,158850
20240220,09:44:36,0.65,850,158850
20240220,09:48:59,0.7,750,159400
20240220,09:49:19,0.65,250,159400
20240220,09:49:45,0.65,250,159400
20240220,09:49:51,0.65,50,159400
20240220,09:50:05,0.6,950,159400
20240220,09:50:35,0.65,200,159400
20240220,09:51:17,0.65,50,159400
20240220,09:51:44,0.7,50,159400
20240220,09:52:15,0.65,250,159350
20240220,09:52:20,0.65,950,159350
20240220,09:52:58,0.65,1100,159350
20240220,09:54:02,0.6,50,159350
20240220,09:56:34,0.65,1050,158350
20240220,10:02:29,0.6,50,158350
20240220,10:04:43,0.65,50,158350
20240220,10:06:29,0.65,500,158350
20240220,10:06:30,0.65,50,158350
20240220,10:11:59,0.65,150,158500
20240220,10:13:22,0.65,50,158500
20240220,10:13:28,0.6,50,158600
20240220,10:16:16,0.65,200,158650
20240220,10:17:12,0.6,50,158650
20240220,10:17:42,0.65,50,158650
20240220,10:18:02,0.6,50,158650
20240220,10:18:14,0.65,50,158650
20240220,10:19:07,0.7,100,158700
20240220,10:19:38,0.75,50,158700
20240220,10:22:05,0.65,50,158700
20240220,10:28:57,0.75,250,158650
20240220,10:31:21,0.7,250,158650
20240220,10:31:21,0.75,50,158900
20240220,10:33:11,0.7,50,158900
20240220,10:34:36,0.65,2550,158900
20240220,10:34:50,0.7,1200,158750
20240220,10:37:47,0.75,2500,158750
20240220,10:37:48,0.75,1600,158100
20240220,10:37:49,0.75,250,158100
20240220,10:39:07,0.8,1200,158100
20240220,10:39:07,0.8,2250,158100
20240220,10:39:09,0.8,250,158100
20240220,10:39:12,0.75,50,158100
20240220,10:39:17,0.75,50,158100
20240220,10:41:42,0.7,50,152700
20240220,10:44:24,0.75,50,152650
20240220,10:46:13,0.7,1050,152650
20240220,10:46:14,0.8,650,152650
20240220,10:47:09,0.75,350,152650
20240220,10:47:27,0.75,1800,152650
20240220,10:50:02,0.7,50,152650
20240220,10:54:57,0.7,1750,152250
20240220,10:55:03,0.7,50,152600
20240220,10:55:08,0.7,150,152600
20240220,10:55:16,0.7,800,152600
20240220,10:55:17,0.7,1400,152600
20240220,10:55:56,0.7,150,152600
20240220,10:56:42,0.7,50,152600
20240220,11:05:12,0.65,600,152600
20240220,11:05:20,0.7,800,149750
20240220,11:07:01,0.7,50,149750
20240220,11:13:50,0.7,50,148600
20240220,11:13:52,0.7,50,148600
20240220,11:14:26,0.7,50,148600
20240220,11:14:27,0.7,50,148600
20240220,11:15:04,0.7,50,148600
20240220,11:17:10,0.65,50,148700
20240220,11:17:18,0.65,100,148700
20240220,11:18:25,0.6,350,148700
20240220,11:18:57,0.65,250,148700
20240220,11:19:01,0.6,50,148700
20240220,11:19:19,0.65,250,148700
20240220,11:22:02,0.65,1300,148300
20240220,11:22:08,0.7,250,149400
20240220,11:27:37,0.7,50,149400
20240220,11:30:06,0.65,900,148100
20240220,11:30:23,0.7,50,148100
20240220,11:32:21,0.7,50,147700
20240220,11:32:31,0.7,300,147700
20240220,11:32:37,0.7,1100,147700
20240220,11:32:40,0.75,3600,147700
20240220,11:32:56,0.75,1800,147700
20240220,11:33:08,0.8,250,147700
20240220,11:33:16,0.8,500,147700
20240220,11:33:38,0.75,50,147700
20240220,11:34:28,0.8,1200,147700
20240220,11:34:51,0.75,50,149150
20240220,11:36:27,0.75,500,149150
20240220,11:38:11,0.85,50,149150
20240220,11:38:11,0.8,250,148700
20240220,11:40:36,0.8,250,148950
20240220,11:42:41,0.75,750,148950
20240220,11:44:27,0.75,100,148950
20240220,11:45:10,0.75,250,149200
20240220,11:45:13,0.8,250,149200
20240220,11:46:48,0.8,100,149100
20240220,11:52:35,0.75,250,149100
20240220,11:57:54,0.75,50,148950
20240220,11:59:21,0.75,50,148950
20240220,12:00:56,0.75,250,148950
20240220,12:00:59,0.75,100,148950
20240220,12:01:22,0.8,250,148950
20240220,12:01:23,0.8,650,148850
20240220,12:02:08,0.8,2600,148850
20240220,12:02:08,0.8,1000,148850
20240220,12:02:09,0.85,1800,148850
20240220,12:02:21,0.8,250,148850
20240220,12:02:38,0.8,300,148850
20240220,12:02:39,0.8,500,148850
20240220,12:02:46,0.8,50,148850
20240220,12:02:50,0.85,3650,148850
20240220,12:02:53,0.85,100,148850
20240220,12:03:06,0.85,450,148850
20240220,12:03:10,0.85,650,148850
20240220,12:03:11,0.8,100,148850
20240220,12:03:12,0.85,250,148850
20240220,12:03:15,0.85,200,148850
20240220,12:03:16,0.85,1150,148850
20240220,12:03:17,0.9,3550,148850
20240220,12:03:18,1.0,2500,148850
20240220,12:03:22,0.95,50,148850
20240220,12:03:28,0.95,200,148850
20240220,12:03:42,1.0,1750,148850
20240220,12:03:46,0.95,1450,148850
20240220,12:03:48,0.95,1550,148850
20240220,12:04:01,1.0,100,148850
20240220,12:04:04,0.95,100,148850
20240220,12:04:08,1.0,1800,148850
20240220,12:04:14,1.05,1800,143750
20240220,12:04:18,1.05,1100,143750
20240220,12:04:19,1.0,250,143750
20240220,12:04:21,1.0,100,143750
20240220,12:04:25,1.05,3000,143750
20240220,12:04:27,1.0,50,143750
20240220,12:04:28,1.1,3500,143750
20240220,12:04:32,1.05,500,143750
20240220,12:04:39,1.0,250,143750
20240220,12:04:42,1.0,50,143750
20240220,12:04:47,1.25,6050,143750
20240220,12:04:48,1.05,350,143750
20240220,12:04:54,1.05,250,143750
20240220,12:04:56,1.05,250,143750
20240220,12:04:59,1.05,200,143750
20240220,12:05:01,1.1,150,143750
20240220,12:05:04,1.05,200,143750
20240220,12:05:14,1.1,2050,143750
20240220,12:05:16,1.05,50,143750
20240220,12:05:17,1.05,200,143750
20240220,12:05:19,1.05,900,143750
20240220,12:05:31,1.05,200,143750
20240220,12:05:49,1.0,1850,143750
20240220,12:05:50,1.0,350,143750
20240220,12:05:57,1.0,500,143750
20240220,12:06:04,1.0,350,143750
20240220,12:06:04,1.0,50,143750
20240220,12:06:12,1.0,700,143750
20240220,12:06:13,1.0,50,143750
20240220,12:06:14,0.95,800,143750
20240220,12:06:17,1.05,850,143750
20240220,12:06:18,1.05,3650,143750
20240220,12:06:21,1.0,100,143750
20240220,12:06:24,1.0,250,143750
20240220,12:06:35,0.95,150,143750
20240220,12:06:35,0.95,700,143750
20240220,12:06:37,0.95,600,143750
20240220,12:06:45,1.0,1800,143750
20240220,12:06:48,0.95,100,143750
20240220,12:07:04,1.0,1800,143750
20240220,12:07:06,1.0,250,143750
20240220,12:07:08,1.05,800,143750
20240220,12:07:13,1.05,2150,143750
20240220,12:07:14,0.95,100,127500
20240220,12:07:15,1.05,800,127500
20240220,12:07:22,1.1,2400,127500
20240220,12:07:23,1.1,850,127500
20240220,12:07:24,1.1,2300,127500
20240220,12:07:31,1.1,2050,127500
20240220,12:07:32,1.05,1100,127500
20240220,12:07:45,1.0,500,127500
20240220,12:08:04,1.05,500,127500
20240220,12:08:08,1.05,1050,127500
20240220,12:08:14,1.1,2300,127500
20240220,12:08:15,1.1,700,127500
20240220,12:08:16,1.05,300,127500
20240220,12:08:18,1.05,300,127500
20240220,12:08:19,1.05,300,127500
20240220,12:08:44,1.1,50,127500
20240220,12:09:06,1.1,450,127500
20240220,12:09:07,1.15,250,127500
20240220,12:09:09,1.1,350,127500
20240220,12:09:12,1.0,2500,127500
20240220,12:09:44,1.1,50,127500
20240220,12:10:03,1.0,50,127500
20240220,12:10:07,1.1,1800,127500
20240220,12:10:23,1.05,250,127500
20240220,12:10:31,1.1,550,115000
20240220,12:11:20,1.05,500,115000
20240220,12:11:53,1.05,50,115000
20240220,12:12:25,1.1,100,115000
20240220,12:12:53,1.1,2050,115000
20240220,12:12:54,1.1,300,115000
20240220,12:12:54,1.1,450,115000
20240220,12:13:25,1.1,50,115000
20240220,12:14:02,1.05,500,112000
20240220,12:14:02,1.05,350,112000
20240220,12:14:07,1.05,50,112000
20240220,12:14:08,1.0,450,112000
20240220,12:14:11,1.0,850,112000
20240220,12:14:15,1.05,1400,112000
20240220,12:14:20,1.0,250,112000
20240220,12:14:30,1.0,1100,112000
20240220,12:14:33,1.0,850,112000
20240220,12:14:36,0.95,400,112000
20240220,12:14:38,1.0,50,112000
20240220,12:14:41,0.95,1100,112000
20240220,12:14:43,1.0,2100,112000
20240220,12:15:21,1.0,250,112000
20240220,12:16:41,1.0,200,108500
20240220,12:17:14,0.95,200,108500
20240220,12:17:17,0.95,1050,108500
20240220,12:17:18,0.95,2450,108500
20240220,12:17:19,1.0,200,108500
20240220,12:17:28,0.95,100,108500
20240220,12:17:34,0.95,650,108500
20240220,12:17:44,0.95,300,108500
20240220,12:17:47,0.95,100,108500
20240220,12:18:18,0.95,550,108500
20240220,12:18:27,0.95,50,108500
20240220,12:18:28,0.95,3000,108500
20240220,12:18:39,0.95,1300,108500
20240220,12:19:41,0.95,50,108300
20240220,12:19:48,0.95,500,108300
20240220,12:20:07,0.9,200,108300
20240220,12:20:41,0.95,50,108300
20240220,12:20:42,0.95,250,108300
20240220,12:21:02,0.9,100,108300
20240220,12:21:10,0.9,400,108300
20240220,12:21:12,0.9,450,108300
20240220,12:21:24,0.9,1250,108300
20240220,12:21:43,0.9,250,108300
20240220,12:21:55,0.85,750,108300
20240220,12:22:26,0.85,1000,106150
20240220,12:23:53,0.9,50,106150
20240220,12:24:03,0.9,50,106150
20240220,12:24:22,0.85,50,106150
20240220,12:24:59,0.9,300,106150
20240220,12:25:05,0.9,250,106150
20240220,12:26:11,0.9,100,106150
20240220,12:28:33,0.9,100,105250
20240220,12:30:04,0.9,150,105250
20240220,12:32:10,0.85,750,105250
20240220,12:32:11,0.85,900,105450
20240220,12:32:44,0.85,300,105450
20240220,12:35:21,0.8,1900,105450
20240220,12:35:21,0.75,1850,106150
20240220,12:35:22,0.8,500,106150
20240220,12:35:24,0.8,50,106150
20240220,12:35:43,0.8,1150,106150
20240220,12:35:47,0.75,200,106150
20240220,12:35:55,0.75,2400,106150
20240220,12:37:13,0.75,950,106150
20240220,12:38:17,0.8,250,106450
20240220,12:38:18,0.7,100,106450
20240220,12:38:38,0.8,400,106450
20240220,12:40:43,0.75,250,106600
20240220,12:40:56,0.8,500,106600
20240220,12:42:00,0.8,250,106600
20240220,12:54:51,0.8,50,106600
20240220,12:55:43,0.95,1500,106550
20240220,12:55:44,0.8,50,106550
20240220,12:56:43,0.85,50,106550
20240220,12:57:43,0.85,50,106550
20240220,12:58:51,0.85,50,106550
20240220,12:59:51,0.85,50,107900
20240220,13:01:35,0.85,50,107900
20240220,13:02:26,0.8,650,107900
20240220,13:04:48,0.75,50,107450
20240220,13:09:03,0.9,550,107400
20240220,13:10:27,0.85,450,107400
20240220,13:12:13,0.85,400,107850
20240220,13:21:26,0.85,900,107850
20240220,13:21:45,0.85,900,107200
20240220,13:21:52,0.85,500,107200
20240220,13:21:53,0.85,250,107200
20240220,13:24:20,0.9,300,108600
20240220,13:28:30,0.9,50,108600
20240220,13:30:03,0.9,4150,108600
20240220,13:30:26,0.9,750,108600
20240220,13:30:35,0.95,50,108600
20240220,13:31:30,0.85,1500,111650
20240220,13:34:12,0.85,100,111650
20240220,13:34:24,0.85,50,111650
20240220,13:35:26,0.8,4100,110200
20240220,13:35:49,0.85,400,110200
20240220,13:36:08,0.85,100,110200
20240220,13:36:10,0.85,50,110200
20240220,13:36:13,0.8,400,110200
20240220,13:37:56,0.8,1250,109000
20240220,13:38:00,0.8,200,109000
20240220,13:38:48,0.8,400,109000
20240220,13:38:52,0.8,1950,109000
20240220,13:43:30,0.85,200,107150
20240220,13:49:11,0.75,200,106950
20240220,13:49:24,0.85,250,106950
20240220,13:52:09,0.9,2900,107200
20240220,13:52:26,0.9,200,107200
20240220,13:53:03,0.85,250,106300
20240220,13:53:33,0.9,1850,106300
20240220,13:53:35,0.9,200,106300
20240220,13:56:26,0.9,50,107600
20240220,13:56:37,0.9,100,107600
20240220,13:56:45,0.9,150,107600
20240220,13:56:48,0.9,450,107600
20240220,13:56:52,0.9,50,107600
20240220,13:58:01,0.9,250,107600
20240220,14:01:01,0.85,550,107850
20240220,14:01:21,0.9,100,107850
20240220,14:03:18,0.85,500,107750
20240220,14:05:45,0.8,400,107750
20240220,14:05:47,0.8,1850,107300
20240220,14:11:11,0.8,250,107750
20240220,14:11:54,0.8,500,107750
20240220,14:12:07,0.8,100,107750
20240220,14:12:13,0.8,200,107750
20240220,14:12:15,0.8,400,107750
20240220,14:15:45,0.8,100,107750
20240220,14:17:11,0.8,600,106900
20240220,14:17:11,0.8,50,106900
20240220,14:17:28,0.8,500,106900
20240220,14:18:35,0.8,250,106900
20240220,14:24:52,0.8,50,106300
20240220,14:26:16,0.75,250,106350
20240220,14:26:51,0.75,50,106350
20240220,14:27:31,0.75,50,106350
20240220,14:27:52,0.8,50,106350
20240220,14:29:33,0.8,350,106350
20240220,14:29:35,0.85,2000,106400
20240220,14:32:38,0.85,700,105900
20240220,14:32:50,0.85,50,105900
20240220,14:33:05,0.85,100,105900
20240220,14:34:38,0.85,350,105900
20240220,14:34:40,0.85,500,105350
20240220,14:34:43,0.8,700,105350
20240220,14:35:07,0.85,1100,105350
20240220,14:35:08,0.9,4950,105350
20240220,14:35:13,0.9,250,105350
20240220,14:35:48,0.9,900,105350
20240220,14:35:49,0.85,100,105350
20240220,14:36:41,0.85,900,105350
20240220,14:37:33,0.95,1800,105350
20240220,14:38:03,0.9,1000,102250
20240220,14:38:04,0.9,600,102250
20240220,14:38:23,0.9,500,102250
20240220,14:38:41,0.9,350,102250
20240220,14:38:43,0.95,300,102250
20240220,14:40:34,0.9,850,102250
20240220,14:40:35,0.9,50,102250
20240220,14:40:36,0.9,50,102250
20240220,14:43:03,0.85,300,99900
20240220,14:43:30,0.85,50,99900
20240220,14:44:34,0.95,100,99500
20240220,14:44:51,0.85,50,99500
20240220,14:52:07,0.9,450,99550
20240220,14:52:42,0.9,50,100000
20240220,14:57:46,0.85,750,100000
20240220,14:58:14,0.9,550,100050
20240220,14:59:37,0.9,800,100450
20240220,14:59:43,0.85,250,100450
20240220,15:00:11,0.85,100,100450
20240220,15:00:29,0.85,100,100450
20240220,15:00:37,0.9,650,100450
20240220,15:00:38,0.85,600,100450
20240220,15:01:12,0.9,350,100450
20240220,15:01:27,0.9,250,100450
20240220,15:01:42,0.9,50,99000
20240220,15:01:45,0.9,900,99000
20240220,15:02:13,0.9,300,99000
20240220,15:02:16,0.9,150,99000
20240220,15:02:17,0.9,100,99000
20240220,15:03:17,0.9,200,99000
20240220,15:03:19,0.9,1800,99000
20240220,15:03:48,0.95,1800,99000
20240220,15:03:49,0.95,1200,99000
20240220,15:03:53,0.9,1800,99000
20240220,15:03:59,0.9,100,99000
20240220,15:04:50,0.9,50,99000
20240220,15:04:53,0.9,50,99700
20240220,15:04:56,0.9,50,99700
20240220,15:05:00,0.9,100,99700
20240220,15:05:17,0.9,650,99700
20240220,15:05:30,0.9,500,99700
20240220,15:05:47,0.9,1550,99700
20240220,15:05:54,0.9,650,99700
20240220,15:05:56,0.85,250,99700
20240220,15:06:02,0.85,900,99700
20240220,15:06:04,0.85,900,99700
20240220,15:06:06,0.95,50,99700
20240220,15:06:07,0.9,1100,99700
20240220,15:06:13,0.9,600,99700
20240220,15:06:20,0.85,900,99700
20240220,15:06:20,0.9,250,99700
20240220,15:06:22,0.85,400,99700
20240220,15:06:27,0.9,250,99700
20240220,15:06:32,0.9,200,99700
20240220,15:06:57,0.85,400,99700
20240220,15:07:01,0.85,50,99700
20240220,15:07:03,0.85,850,99700
20240220,15:07:09,0.85,800,99700
20240220,15:07:12,0.9,1050,99700
20240220,15:07:19,0.95,1350,99700
20240220,15:07:24,0.9,750,99700
20240220,15:07:30,0.9,50,99700
20240220,15:07:31,0.9,50,99700
20240220,15:07:32,0.9,50,99700
20240220,15:07:34,0.9,50,99700
20240220,15:07:38,0.95,500,99700
20240220,15:07:40,0.95,950,99700
20240220,15:07:43,0.9,1150,99700
20240220,15:07:43,0.95,200,97100
20240220,15:08:01,0.9,50,97100
20240220,15:08:03,0.9,100,97100
20240220,15:08:03,0.9,900,97100
20240220,15:08:06,1.0,750,97100
20240220,15:08:07,0.95,100,97100
20240220,15:08:40,0.95,50,97100
20240220,15:08:41,0.95,50,97100
20240220,15:08:44,0.95,50,97100
20240220,15:08:50,0.95,1500,97100
20240220,15:08:52,0.95,100,97100
20240220,15:08:55,0.9,450,97100
20240220,15:08:57,0.9,250,97100
20240220,15:09:11,0.9,200,97100
20240220,15:09:34,0.9,1000,97100
20240220,15:09:34,0.9,500,97100
20240220,15:10:03,0.95,200,97100
20240220,15:11:08,0.9,50,95900
20240220,15:11:29,1.0,1150,95900
20240220,15:11:36,0.95,100,95900
20240220,15:12:00,0.95,250,95900
20240220,15:12:23,0.9,400,95900
20240220,15:12:30,0.9,500,95900
20240220,15:12:51,0.9,1700,95900
20240220,15:12:54,0.9,50,95900
20240220,15:13:03,0.85,900,95900
20240220,15:13:07,0.9,950,95900
20240220,15:13:09,0.9,200,95900
20240220,15:14:17,0.85,350,95050
20240220,15:14:24,0.9,500,95050
20240220,15:14:25,0.85,250,95050
20240220,15:15:00,0.9,500,95050
20240220,15:15:48,0.95,2650,95050
20240220,15:17:45,0.95,500,96500
20240220,15:17:50,0.95,1250,96500
20240220,15:17:50,0.9,100,96500
20240220,15:18:29,0.95,650,96500
20240220,15:18:40,0.95,250,96500
20240220,15:18:49,0.95,550,96500
20240220,15:19:35,0.95,150,96500
20240220,15:20:08,0.95,50,96400
20240220,15:20:10,0.95,250,96400
20240220,15:20:21,0.95,600,96400
20240220,15:20:31,1.0,600,96400
20240220,15:20:36,1.0,200,96400
20240220,15:21:07,0.95,1200,96400
20240220,15:21:18,1.0,350,96400
20240220,15:21:35,1.05,1250,96400
20240220,15:21:36,1.0,1100,96400
20240220,15:21:43,1.05,150,96400
20240220,15:21:51,1.05,50,96400
20240220,15:22:06,1.05,500,96400
20240220,15:22:09,1.1,250,96400
20240220,15:22:20,1.0,1600,96400
20240220,15:22:25,1.0,250,96400
20240220,15:22:29,1.0,500,96400
20240220,15:22:35,1.0,1150,96400
20240220,15:23:03,1.05,50,96400
20240220,15:23:04,1.05,200,100400
20240220,15:23:31,1.0,150,100400
20240220,15:23:35,1.05,650,100400
20240220,15:23:42,1.1,100,100400
20240220,15:23:43,0.95,4150,100400
20240220,15:23:44,0.95,2400,100400
20240220,15:23:51,0.95,50,100400
20240220,15:23:53,0.95,1250,100400
20240220,15:24:05,1.05,900,100400
20240220,15:24:19,1.05,250,100400
20240220,15:24:20,1.05,250,100400
20240220,15:24:27,1.0,250,100400
20240220,15:24:28,1.0,100,100400
20240220,15:24:34,0.95,1150,100400
20240220,15:24:35,1.0,400,100400
20240220,15:24:38,1.0,650,100400
20240220,15:24:39,1.05,900,100400
20240220,15:24:40,1.05,100,100400
20240220,15:24:43,0.95,550,100400
20240220,15:24:46,1.0,100,100400
20240220,15:24:47,0.95,50,100400
20240220,15:24:48,1.05,250,100400
20240220,15:24:57,0.95,50,100400
20240220,15:25:05,0.95,800,100400
20240220,15:25:20,1.0,50,100400
20240220,15:25:35,1.0,650,100400
20240220,15:25:37,0.95,250,100400
20240220,15:25:39,0.95,500,100400
20240220,15:25:42,0.95,1000,100400
20240220,15:25:44,1.0,50,100400
20240220,15:25:55,0.9,50,103900
20240220,15:26:03,0.95,100,103900
20240220,15:26:05,1.0,1050,103900
20240220,15:26:07,0.95,500,103900
20240220,15:26:35,1.0,250,103900
20240220,15:26:38,1.0,100,103900
20240220,15:26:44,0.95,100,103900
20240220,15:27:17,1.0,100,103900
20240220,15:27:20,0.9,150,103900
20240220,15:27:40,1.0,150,103900
20240220,15:28:01,0.9,50,103900
20240220,15:28:02,0.9,300,103900
20240220,15:28:17,0.9,50,103900
20240220,15:28:28,0.9,100,103900
20240220,15:28:37,0.9,100,103900
20240220,15:28:38,0.9,1100,103900
20240220,15:28:39,0.9,150,103900
20240220,15:28:42,0.9,50,103900
20240220,15:28:46,0.95,400,103900
20240220,15:28:47,1.05,6550,104150
20240220,15:28:48,1.1,450,104150
20240220,15:28:49,1.1,150,104150
20240220,15:29:00,1.15,1350,104150
20240220,15:29:01,1.05,1000,104150
20240220,15:29:07,1.05,50,104150
20240220,15:29:15,1.05,100,104150
20240220,15:29:17,2.1,12700,104150
20240220,15:29:17,1.05,550,104150
20240220,15:29:18,1.15,500,104150
20240220,15:29:19,1.15,50,104150
20240220,15:29:27,0.45,850,104150
20240220,15:29:31,0.45,150,104150
20240220,15:29:36,1.0,200,104150
20240220,15:29:37,0.95,100,104150
20240220,15:29:38,1.0,100,104150
20240220,15:29:39,1.05,400,104150
20240220,15:29:41,0.95,850,104150
20240220,15:29:42,1.0,100,104150
20240220,15:29:44,1.05,400,104150
20240220,15:29:47,0.95,200,104150
20240220,15:29:50,0.45,500,104150
20240220,15:29:54,1.05,250,104150
20240220,15:29:58,1.0,200,104150
20240221,09:15:01,1.05,1,111750
20240221,09:15:01,1.0,1200,111750
20240221,09:15:02,1.0,50,111750
20240221,09:15:03,0.9,350,111750
20240221,09:15:05,0.95,50,111750
20240221,09:15:06,0.95,50,111750
20240221,09:15:10,0.95,150,111750
20240221,09:15:10,0.85,350,111750
20240221,09:15:12,0.55,100,111750
20240221,09:15:14,0.8,150,111750
20240221,09:15:17,0.75,150,111750
20240221,09:15:20,0.75,150,111750
20240221,09:15:23,0.75,250,111750
20240221,09:15:26,0.8,50,111750
20240221,09:15:26,0.75,1450,111750
20240221,09:15:29,0.8,450,111750
20240221,09:15:30,0.8,50,111750
20240221,09:15:32,0.8,50,111750
20240221,09:15:37,0.75,150,111750
20240221,09:15:39,0.75,250,111750
20240221,09:15:40,0.75,50,111750
20240221,09:15:40,0.8,50,111750
20240221,09:15:41,0.75,600,111750
20240221,09:15:43,0.8,50,111750
20240221,09:15:43,0.8,350,111750
20240221,09:15:47,0.8,50,111750
20240221,09:15:51,0.8,250,111750
20240221,09:15:52,0.8,50,111750
20240221,09:15:52,0.8,100,111850
20240221,09:15:53,0.8,100,111850
20240221,09:15:54,0.8,150,111850
20240221,09:16:04,0.8,450,111850
20240221,09:16:08,0.8,150,111850
20240221,09:17:10,0.75,150,111850
20240221,09:17:18,0.75,50,111850
20240221,09:17:22,0.75,150,111850
20240221,09:17:36,0.75,250,111850
20240221,09:17:45,0.75,50,111850
20240221,09:17:46,0.8,500,111850
20240221,09:18:14,0.8,50,111850
20240221,09:18:15,0.75,250,111850
20240221,09:18:24,0.8,50,111850
20240221,09:18:29,0.7,50,111850
20240221,09:18:54,0.7,150,110650
20240221,09:19:02,0.75,150,110650
20240221,09:19:04,0.7,50,110650
20240221,09:19:06,0.75,150,110650
20240221,09:19:12,0.8,200,110650
20240221,09:19:22,0.75,1500,110650
20240221,09:19:24,0.75,1200,110650
20240221,09:19:24,0.75,750,110650
20240221,09:19:25,0.75,250,110650
20240221,09:20:05,0.75,50,110650
20240221,09:20:39,0.7,350,110650
20240221,09:20:41,0.75,750,110650
20240221,09:20:56,0.75,350,110650
20240221,09:20:57,0.75,150,110650
20240221,09:21:22,0.75,850,110650
20240221,09:21:27,0.7,150,110650
20240221,09:21:32,0.75,750,110650
20240221,09:21:52,0.75,50,110650
20240221,09:21:57,0.75,250,111000
20240221,09:22:08,0.8,250,111000
20240221,09:22:30,0.8,1200,111000
20240221,09:22:38,0.7,1700,111000
20240221,09:22:42,0.75,150,111000
20240221,09:24:37,0.7,150,111000
20240221,09:25:06,0.7,1050,111000
20240221,09:25:11,0.7,1300,111000
20240221,09:25:14,0.7,100,111000
20240221,09:25:20,0.7,300,111000
20240221,09:25:27,0.7,400,111000
20240221,09:26:11,0.7,250,111000
20240221,09:26:23,0.65,50,111000
20240221,09:26:24,0.65,250,111000
20240221,09:26:35,0.7,250,111000
20240221,09:26:40,0.65,50,111000
20240221,09:28:51,0.65,250,109300
20240221,09:29:04,0.7,100,109300
20240221,09:29:38,0.7,200,109300
20240221,09:32:17,0.65,100,109150
20240221,09:33:11,0.7,400,109150
20240221,09:34:48,0.65,1350,109450
20240221,09:35:05,0.65,50,109450
20240221,09:35:22,0.65,150,109450
20240221,09:36:46,0.65,1800,109450
20240221,09:36:58,0.7,50,110850
20240221,09:37:05,0.65,500,110850
20240221,09:37:12,0.65,1800,110850
20240221,09:37:30,0.65,200,110850
20240221,09:41:08,0.65,300,110850
20240221,09:41:16,0.65,50,112650
20240221,09:41:24,0.65,50,112650
20240221,09:42:04,0.65,700,112650
20240221,09:42:06,0.6,6100,112650
20240221,09:43:20,0.65,1000,113150
20240221,09:43:37,0.65,200,113150
20240221,09:43:42,0.65,3600,113150
20240221,09:44:18,0.65,50,113150
20240221,09:45:58,0.65,50,114900
20240221,09:47:29,0.65,100,114900
20240221,09:48:10,0.65,300,114900
20240221,09:48:15,0.65,250,114900
20240221,09:50:19,0.65,2500,114900
20240221,09:50:29,0.65,600,114350
20240221,09:52:36,0.65,350,114300
20240221,09:53:26,0.7,150,114300
20240221,09:54:15,0.65,100,114300
20240221,09:54:16,0.65,50,114300
20240221,09:54:17,0.65,50,114300
20240221,09:54:18,0.65,50,114300
20240221,09:54:37,0.7,1000,114300
20240221,09:54:37,0.7,250,114300
20240221,09:56:23,0.65,300,114300
20240221,09:56:42,0.65,50,115250
20240221,09:57:32,0.65,300,115250
20240221,09:58:07,0.65,450,114950
20240221,10:03:24,0.6,50,114500
20240221,10:04:01,0.7,100,114500
20240221,10:05:20,0.6,200,114450
20240221,10:06:19,0.6,650,114450
20240221,10:06:43,0.6,550,114450
20240221,10:06:45,0.6,50,114450
20240221,10:06:46,0.6,300,114450
20240221,10:06:49,0.6,450,114450
20240221,10:06:50,0.6,850,114450
20240221,10:06:51,0.6,50,114450
20240221,10:06:58,0.6,1400,114450
20240221,10:07:07,0.65,50,114400
20240221,10:07:08,0.6,1300,114400
20240221,10:07:18,0.55,2650,114400
20240221,10:07:22,0.6,1400,114400
20240221,10:07:23,0.6,50,114400
20240221,10:07:25,0.6,50,114400
20240221,10:07:26,0.6,50,114400
20240221,10:07:33,0.55,500,114400
20240221,10:07:34,0.55,250,114400
20240221,10:07:46,0.55,350,114400
20240221,10:07:59,0.55,500,114400
20240221,10:08:19,0.5,500,114400
20240221,10:08:20,0.5,1800,114400
20240221,10:08:25,0.55,50,114400
20240221,10:08:27,0.55,50,114400
20240221,10:08:28,0.55,50,114400
20240221,10:08:33,0.55,50,114400
20240221,10:08:45,0.55,100,114400
20240221,10:08:46,0.55,50,114400
20240221,10:08:55,0.5,250,114400
20240221,10:08:58,0.5,700,114400
20240221,10:09:23,0.5,850,114400
20240221,10:09:32,0.5,2050,114400
20240221,10:09:34,0.5,650,114400
20240221,10:09:35,0.5,50,114400
20240221,10:09:37,0.5,100,114400
20240221,10:09:45,0.45,400,114400
20240221,10:09:46,0.45,150,114400
20240221,10:10:04,0.45,300,107150
20240221,10:10:34,0.45,50,107150
20240221,10:10:58,0.45,50,107150
20240221,10:11:00,0.45,100,107150
20240221,10:11:04,0.45,400,107150
20240221,10:11:08,0.45,250,107150
20240221,10:11:22,0.4,1900,107150
20240221,10:11:24,0.4,400,107150
20240221,10:11:30,0.45,1350,107150
20240221,10:11:32,0.45,3000,107150
20240221,10:11:32,0.45,350,107150
20240221,10:11:33,0.45,100,107150
20240221,10:11:38,0.4,150,107150
20240221,10:11:42,0.4,4350,107150
20240221,10:11:47,0.45,1900,107150
20240221,10:12:09,0.4,2350,107150
20240221,10:12:17,0.45,50,107150
20240221,10:12:48,0.4,250,107150
20240221,10:12:49,0.4,2300,107150
20240221,10:12:50,0.45,1000,107150
20240221,10:13:00,0.4,1850,107150
20240221,10:13:05,0.4,600,107150
20240221,10:13:24,0.35,2250,104500
20240221,10:13:27,0.35,1150,104500
20240221,10:13:36,0.4,600,104500
20240221,10:13:44,0.4,350,104500
20240221,10:14:04,0.35,500,104500
20240221,10:14:17,0.35,800,104500
20240221,10:14:19,0.35,2150,104500
20240221,10:14:22,0.35,200,104500
20240221,10:14:25,0.35,500,104500
20240221,10:14:27,0.35,1000,104500
20240221,10:14:29,0.3,850,104500
20240221,10:14:30,0.35,3450,104500
20240221,10:14:32,0.35,1000,104500
20240221,10:14:39,0.3,450,104500
20240221,10:14:50,0.3,1000,104500
20240221,10:15:02,0.3,250,104500
20240221,10:15:03,0.3,250,104500
20240221,10:15:22,0.35,250,104500
20240221,10:15:27,0.3,150,104500
20240221,10:15:32,0.35,50,104500
20240221,10:15:33,0.3,250,104500
20240221,10:15:42,0.35,100,104500
20240221,10:15:47,0.35,1800,104500
20240221,10:16:14,0.3,1800,104500
20240221,10:16:42,0.3,200,106650
20240221,10:16:43,0.3,4800,106650
20240221,10:16:44,0.35,800,106650
20240221,10:16:45,0.25,4850,106650
20240221,10:16:49,0.25,900,106650
20240221,10:16:52,0.3,1050,106650
20240221,10:16:54,0.3,1000,106650
20240221,10:16:55,0.3,6600,106650
20240221,10:16:57,0.3,50,106650
20240221,10:17:01,0.25,250,106650
20240221,10:17:19,0.25,50,106650
20240221,10:18:09,0.25,250,106650
20240221,10:18:22,0.3,250,106650
20240221,10:18:41,0.25,1550,106650
20240221,10:18:41,0.3,50,106650
20240221,10:18:53,0.25,100,106650
20240221,10:19:35,0.3,1000,106650
20240221,10:20:22,0.3,1000,109400
20240221,10:20:39,0.25,750,109400
20240221,10:21:24,0.25,1800,109400
20240221,10:22:54,0.25,50,109400
20240221,10:22:58,0.25,2600,111550
20240221,10:23:04,0.25,700,111550
20240221,10:23:05,0.25,7200,111550
20240221,10:23:06,0.25,600,111550
20240221,10:23:07,0.25,500,111550
20240221,10:23:09,0.25,1300,111550
20240221,10:23:10,0.25,5450,111550
20240221,10:23:11,0.25,5100,111550
20240221,10:23:12,0.25,5450,111550
20240221,10:23:13,0.25,600,111550
20240221,10:23:14,0.25,5400,111550
20240221,10:23:15,0.25,2150,111550
20240221,10:23:17,0.25,950,111550
20240221,10:23:18,0.25,19100,111550
20240221,10:23:27,0.25,50,111550
20240221,10:23:35,0.25,700,111550
20240221,10:23:36,0.2,3650,111550
20240221,10:23:38,0.2,1800,111550
20240221,10:23:40,0.2,100,111550
20240221,10:23:42,0.2,3400,111550
20240221,10:23:44,0.25,1750,111550
20240221,10:24:00,0.2,50,111550
20240221,10:24:01,0.25,1000,111550
20240221,10:24:45,0.25,50,111550
20240221,10:24:46,0.25,50,111550
20240221,10:25:20,0.2,100,108900
20240221,10:25:34,0.25,16050,108900
20240221,10:25:38,0.2,850,108900
20240221,10:25:55,0.25,50,108900
20240221,10:26:11,0.25,300,108900
20240221,10:26:34,0.25,50,108900
20240221,10:26:52,0.25,100,108900
20240221,10:27:25,0.25,9000,108900
20240221,10:27:31,0.2,50,108900
20240221,10:27:57,0.25,300,108900
20240221,10:28:18,0.2,650,109850
20240221,10:28:25,0.2,50,109850
20240221,10:30:36,0.25,700,109850
20240221,10:30:44,0.25,1800,109850
20240221,10:30:53,0.25,50,109850
20240221,10:31:39,0.25,1800,109850
20240221,10:31:42,0.25,1800,109850
20240221,10:31:44,0.25,1800,109850
20240221,10:31:45,0.25,5400,109850
20240221,10:31:46,0.3,3100,109850
20240221,10:32:33,0.25,100,109850
20240221,10:32:44,0.3,800,109850
20240221,10:33:27,0.25,50,109850
20240221,10:34:00,0.25,100,109850
20240221,10:34:01,0.25,1850,109850
20240221,10:34:14,0.25,1800,111900
20240221,10:34:16,0.25,1100,111900
20240221,10:34:39,0.25,250,111900
20240221,10:34:44,0.25,250,111900
20240221,10:35:29,0.25,100,111900
20240221,10:35:45,0.25,50,111900
20240221,10:36:10,0.25,200,111900
20240221,10:36:15,0.25,50,111900
20240221,10:36:26,0.25,50,111900
20240221,10:36:41,0.25,50,111900
20240221,10:36:43,0.25,150,111900
20240221,10:37:07,0.25,1800,109850
20240221,10:38:22,0.25,1800,109850
20240221,10:38:26,0.25,7200,109850
20240221,10:38:27,0.25,1800,109850
20240221,10:38:28,0.25,1800,109850
20240221,10:38:32,0.2,800,109850
20240221,10:38:33,0.25,1800,109850
20240221,10:38:37,0.25,450,109850
20240221,10:38:38,0.25,1800,109850
20240221,10:38:39,0.25,800,109850
20240221,10:39:48,0.25,100,109850
20240221,10:40:11,0.25,100,115050
20240221,10:40:49,0.25,100,115050
20240221,10:41:13,0.25,3600,115050
20240221,10:41:14,0.25,850,115050
20240221,10:41:26,0.25,1800,115050
20240221,10:41:44,0.25,1700,115050
20240221,10:42:42,0.25,50,115050
20240221,10:45:39,0.25,1800,115050
20240221,10:45:57,0.25,1800,115350
20240221,10:47:32,0.3,50,115350
20240221,10:47:47,0.3,200,117550
20240221,10:48:17,0.3,200,117550
20240221,10:48:29,0.25,350,117550
20240221,10:49:01,0.3,50,117550
20240221,10:49:55,0.25,1800,117550
20240221,10:50:08,0.25,2900,118050
20240221,10:50:14,0.25,700,118050
20240221,10:50:32,0.25,450,118050
20240221,10:50:37,0.25,900,118050
20240221,10:51:03,0.25,50,118050
20240221,10:51:05,0.25,50,118050
20240221,10:51:12,0.25,250,118050
20240221,10:51:43,0.25,250,118050
20240221,10:51:44,0.25,250,118050
20240221,10:51:51,0.2,1300,118050
20240221,10:52:54,0.3,50,119400
20240221,10:52:55,0.25,50,119400
20240221,10:53:03,0.25,50,119400
20240221,10:54:45,0.3,250,119400
20240221,10:54:54,0.25,250,119400
20240221,10:55:19,0.25,1050,119400
20240221,10:55:22,0.25,300,119700
20240221,10:55:30,0.25,250,119700
20240221,10:55:40,0.25,1600,119700
20240221,10:56:01,0.25,50,119700
20240221,10:56:12,0.25,1050,119700
20240221,10:56:43,0.25,50,119700
20240221,10:57:29,0.2,50,119700
20240221,10:57:47,0.25,100,119700
20240221,11:01:27,0.25,50,118900
20240221,11:01:32,0.25,1800,118900
20240221,11:02:36,0.2,50,118900
20240221,11:04:42,0.25,50,118900
20240221,11:05:31,0.25,250,119100
20240221,11:08:33,0.25,250,119400
20240221,11:09:04,0.25,250,119400
20240221,11:10:04,0.25,250,119400
20240221,11:10:20,0.25,1800,120150
20240221,11:10:24,0.25,3050,120150
20240221,11:11:09,0.3,50,120150
20240221,11:13:03,0.3,50,120150
20240221,11:18:19,0.3,50,120150
20240221,11:18:30,0.25,1450,121950
20240221,11:19:01,0.3,50,121950
20240221,11:19:58,0.3,50,120650
20240221,11:20:22,0.3,250,120650
20240221,11:21:20,0.3,250,120650
20240221,11:21:21,0.3,1800,120650
20240221,11:21:37,0.25,200,120650
20240221,11:23:24,0.25,50,118850
20240221,11:26:00,0.3,200,118850
20240221,11:29:10,0.3,50,118850
20240221,11:29:32,0.25,3100,118850
20240221,11:29:47,0.25,2400,118850
20240221,11:29:48,0.25,1450,118850
20240221,11:29:51,0.25,50,118850
20240221,11:29:53,0.25,50,118850
20240221,11:29:55,0.25,50,118850
20240221,11:29:58,0.25,50,118850
20240221,11:30:00,0.25,250,118850
20240221,11:31:35,0.25,400,116600
20240221,11:31:39,0.25,150,116600
20240221,11:35:48,0.2,250,116600
20240221,11:36:05,0.25,50,116100
20240221,11:36:06,0.25,100,116100
20240221,11:36:07,0.25,50,116100
20240221,11:36:08,0.25,50,116100
20240221,11:36:09,0.25,50,116100
20240221,11:36:10,0.25,50,116100
20240221,11:36:11,0.25,100,116100
20240221,11:36:12,0.25,50,116100
20240221,11:36:13,0.25,50,116100
20240221,11:36:14,0.25,50,116100
20240221,11:36:15,0.25,50,116100
20240221,11:36:16,0.25,100,116100
20240221,11:36:17,0.25,50,116100
20240221,11:36:18,0.25,50,116100
20240221,11:39:21,0.3,50,116700
20240221,11:39:33,0.3,500,116700
20240221,11:39:54,0.3,50,116700
20240221,11:40:03,0.3,50,116700
20240221,11:41:44,0.3,200,116700
20240221,11:41:58,0.25,250,116700
20240221,11:42:20,0.3,350,116700
20240221,11:43:27,0.3,250,116700
20240221,11:43:31,0.3,250,116500
20240221,11:43:32,0.3,300,116500
20240221,11:44:03,0.25,150,116500
20240221,11:44:19,0.3,250,116500
20240221,11:44:45,0.3,50,116500
20240221,11:45:38,0.25,500,116500
20240221,11:47:50,0.25,650,116000
20240221,11:48:59,0.25,50,116000
20240221,11:53:22,0.3,50,116000
20240221,11:54:51,0.25,100,116000
20240221,11:55:37,0.3,300,116000
20240221,11:55:42,0.3,350,116000
20240221,11:57:06,0.25,150,116000
20240221,11:57:54,0.3,900,116000
20240221,12:00:32,0.25,50,116000
20240221,12:02:03,0.25,1000,115100
20240221,12:02:04,0.25,250,115100
20240221,12:04:28,0.25,750,115100
20240221,12:04:57,0.25,300,115100
20240221,12:05:05,0.25,250,115100
20240221,12:08:26,0.25,50,115100
20240221,12:08:26,0.25,250,115150
20240221,12:08:27,0.25,250,115150
20240221,12:11:45,0.3,50,115150
20240221,12:13:08,0.25,50,115150
20240221,12:13:09,0.25,100,115150
20240221,12:13:19,0.25,50,115150
20240221,12:14:40,0.25,50,115150
20240221,12:14:42,0.25,50,115300
20240221,12:14:44,0.25,50,115300
20240221,12:14:46,0.25,50,115300
20240221,12:14:48,0.25,50,115300
20240221,12:14:54,0.25,50,115300
20240221,12:14:56,0.25,50,115300
20240221,12:14:59,0.25,50,115300
20240221,12:16:21,0.3,300,115300
20240221,12:18:04,0.3,2300,115300
20240221,12:18:05,0.3,1800,115300
20240221,12:21:56,0.25,200,111700
20240221,12:23:31,0.25,250,111700
20240221,12:24:43,0.25,550,111700
20240221,12:25:01,0.25,1000,111700
20240221,12:26:00,0.3,50,111700
20240221,12:26:38,0.25,50,110600
20240221,12:28:22,0.3,50,110600
20240221,12:30:32,0.3,50,110600
20240221,12:31:29,0.25,250,110600
20240221,12:31:53,0.25,1800,110600
20240221,12:34:00,0.25,2300,110600
20240221,12:35:11,0.25,50,110600
20240221,12:36:14,0.3,50,109100
20240221,12:40:22,0.25,50,109100
20240221,12:40:44,0.25,50,109050
20240221,12:41:17,0.25,50,109050
20240221,12:41:36,0.25,50,109050
20240221,12:44:12,0.25,50,109050
20240221,12:44:34,0.25,1800,109050
20240221,12:47:17,0.25,1150,109050
20240221,12:48:00,0.25,1000,109050
20240221,12:48:52,0.25,100,109050
20240221,12:49:24,0.25,50,109050
20240221,12:49:30,0.25,300,109050
20240221,12:51:04,0.2,50,108350
20240221,12:52:14,0.2,50,108350
20240221,12:53:32,0.25,100,108350
20240221,12:54:01,0.25,50,108700
20240221,12:54:10,0.25,250,108700
20240221,12:54:59,0.25,50,108700
20240221,12:56:07,0.25,250,108700
20240221,12:56:16,0.25,250,109150
20240221,12:58:33,0.25,1800,109650
20240221,12:58:42,0.25,10650,109650
20240221,12:58:54,0.25,4550,109650
20240221,12:59:45,0.25,50,109650
20240221,13:03:07,0.25,1800,111250
20240221,13:03:13,0.25,200,111250
20240221,13:03:41,0.25,1250,111250
20240221,13:04:02,0.25,250,111250
20240221,13:04:04,0.25,50,111250
20240221,13:05:35,0.25,250,108800
20240221,13:06:21,0.25,50,108800
20240221,13:06:22,0.25,50,108800
20240221,13:06:23,0.25,50,108800
20240221,13:06:24,0.25,50,108800
20240221,13:06:30,0.25,50,108800
20240221,13:06:32,0.25,50,108800
20240221,13:06:33,0.25,50,108800
20240221,13:06:34,0.25,50,108800
20240221,13:06:35,0.25,50,108800
20240221,13:06:36,0.25,100,108800
20240221,13:06:37,0.25,50,108800
20240221,13:06:38,0.25,100,108800
20240221,13:06:39,0.25,50,108800
20240221,13:06:42,0.25,1800,108800
20240221,13:06:42,0.25,250,108800
20240221,13:07:09,0.25,250,108800
20240221,13:12:32,0.25,250,108800
20240221,13:12:48,0.25,250,110600
20240221,13:15:43,0.25,600,110600
20240221,13:21:46,0.25,1000,110600
20240221,13:23:02,0.25,300,110600
20240221,13:25:06,0.25,50,110900
20240221,13:25:33,0.25,50,110900
20240221,13:25:35,0.25,50,110900
20240221,13:25:36,0.25,50,110900
20240221,13:25:37,0.25,50,110900
20240221,13:25:38,0.25,50,110900
20240221,13:25:39,0.25,50,110900
20240221,13:25:40,0.25,50,110900
20240221,13:25:41,0.25,50,110900
20240221,13:25:43,0.25,50,110900
20240221,13:25:45,0.25,100,110900
20240221,13:25:45,0.25,50,110900
20240221,13:25:47,0.25,100,110900
20240221,13:25:48,0.25,50,110900
20240221,13:25:50,0.25,100,110900
20240221,13:25:55,0.25,50,110900
20240221,13:26:03,0.25,50,110900
20240221,13:26:05,0.25,50,110900
20240221,13:26:06,0.25,50,110900
20240221,13:26:08,0.25,50,110900
20240221,13:26:09,0.25,50,110900
20240221,13:26:10,0.25,50,110900
20240221,13:26:11,0.25,50,110900
20240221,13:26:12,0.25,50,110900
20240221,13:26:13,0.25,50,110900
20240221,13:26:14,0.25,50,110900
20240221,13:26:15,0.25,100,110900
20240221,13:26:16,0.25,50,110900
20240221,13:26:17,0.25,50,110900
20240221,13:26:18,0.25,50,110900
20240221,13:26:19,0.25,50,110900
20240221,13:26:26,0.25,50,110900
20240221,13:26:28,0.25,50,110900
20240221,13:26:29,0.25,100,110900
20240221,13:26:30,0.25,100,110900
20240221,13:26:31,0.25,100,110900
20240221,13:26:32,0.25,50,110900
20240221,13:26:33,0.25,100,110900
20240221,13:26:34,0.25,50,110900
20240221,13:26:35,0.25,150,110900
20240221,13:26:36,0.2,250,110900
20240221,13:26:37,0.25,100,110900
20240221,13:26:38,0.25,50,110900
20240221,13:26:44,0.25,50,110900
20240221,13:26:45,0.25,100,110900
20240221,13:26:46,0.25,100,110900
20240221,13:26:47,0.25,50,110900
20240221,13:26:48,0.25,50,110900
20240221,13:26:49,0.25,100,110900
20240221,13:26:50,0.25,100,110900
20240221,13:26:51,0.25,100,110900
20240221,13:26:54,0.25,50,110900
20240221,13:26:55,0.25,50,110900
20240221,13:26:56,0.25,1500,110900
20240221,13:26:57,0.25,3600,110900
20240221,13:26:58,0.25,50,110900
20240221,13:27:00,0.25,50,110900
20240221,13:27:31,0.25,50,110900
20240221,13:27:34,0.25,50,110900
20240221,13:27:36,0.25,50,110900
20240221,13:27:39,0.25,50,110900
20240221,13:27:41,0.25,50,110900
20240221,13:27:43,0.25,50,110900
20240221,13:27:45,0.25,50,110900
20240221,13:27:47,0.25,50,110900
20240221,13:27:49,0.25,50,110900
20240221,13:27:51,0.25,50,110900
20240221,13:27:54,0.25,50,110900
20240221,13:27:56,0.25,50,110900
20240221,13:27:58,0.25,50,110900
20240221,13:28:00,0.25,50,110900
20240221,13:28:27,0.25,1100,110900
20240221,13:28:52,0.25,150,112450
20240221,13:29:20,0.2,50,112450
20240221,13:29:50,0.3,50,112450
20240221,13:30:15,0.2,50,112450
20240221,13:30:52,0.3,200,112450
20240221,13:32:55,0.3,1050,112600
20240221,13:36:52,0.25,450,112600
20240221,13:36:52,0.25,250,112800
20240221,13:37:13,0.25,800,112800
20240221,13:37:13,0.25,950,112800
20240221,13:37:14,0.25,100,112800
20240221,13:37:15,0.25,700,112800
20240221,13:37:16,0.25,100,112800
20240221,13:37:17,0.25,700,112800
20240221,13:37:19,0.25,50,112800
20240221,13:37:20,0.25,700,112800
20240221,13:37:21,0.25,50,112800
20240221,13:37:22,0.25,50,112800
20240221,13:37:28,0.25,50,112800
20240221,13:37:32,0.25,50,112800
20240221,13:37:57,0.25,50,109650
20240221,13:38:02,0.25,50,109650
20240221,13:38:18,0.25,50,109650
20240221,13:38:34,0.25,650,109650
20240221,13:39:17,0.25,100,109650
20240221,13:39:23,0.2,50,109650
20240221,13:39:29,0.25,50,109650
20240221,13:39:32,0.25,50,109650
20240221,13:41:08,0.25,1800,109650
20240221,13:41:45,0.2,50,108800
20240221,13:41:48,0.25,50,108800
20240221,13:41:50,0.25,50,108800
20240221,13:41:54,0.25,50,108800
20240221,13:41:55,0.25,50,108800
20240221,13:41:56,0.25,50,108800
20240221,13:41:57,0.25,100,108800
20240221,13:41:58,0.25,100,108800
20240221,13:44:43,0.25,500,108800
20240221,13:44:53,0.3,400,110100
20240221,13:45:09,0.25,50,110100
20240221,13:47:23,0.25,2250,110650
20240221,13:47:23,0.25,50,110650
20240221,13:48:32,0.25,1600,110650
20240221,13:48:50,0.25,250,110650
20240221,13:48:54,0.25,100,110650
20240221,13:48:54,0.25,250,110650
20240221,13:48:55,0.25,50,110650
20240221,13:49:01,0.25,250,110650
20240221,13:49:04,0.25,300,110650
20240221,13:49:13,0.25,250,110650
20240221,13:49:18,0.25,350,110650
20240221,13:49:22,0.25,250,110650
20240221,13:49:30,0.25,250,110650
20240221,13:49:30,0.25,100,110650
20240221,13:49:35,0.3,50,110650
20240221,13:50:07,0.2,1800,107150
20240221,13:50:30,0.25,50,107150
20240221,13:52:17,0.2,250,107150
20240221,13:52:32,0.2,250,107150
20240221,13:53:16,0.2,150,106800
20240221,13:53:31,0.25,50,106800
20240221,13:53:33,0.2,300,106800
20240221,13:53:40,0.2,250,106800
20240221,13:54:00,0.2,250,106800
20240221,13:54:05,0.2,250,106800
20240221,13:54:11,0.2,750,106800
20240221,13:55:23,0.2,250,106800
20240221,13:55:45,0.25,50,107050
20240221,13:56:29,0.2,950,107050
20240221,13:56:31,0.2,500,107050
20240221,13:56:32,0.2,250,107050
20240221,13:56:45,0.2,300,107050
20240221,13:56:54,0.2,300,107050
20240221,13:57:00,0.2,350,107050
20240221,14:00:50,0.2,1800,106800
20240221,14:01:08,0.25,250,106800
20240221,14:02:52,0.2,350,108600
20240221,14:03:00,0.2,250,108600
20240221,14:03:59,0.2,200,108600
20240221,14:06:25,0.2,1000,108600
20240221,14:06:27,0.2,1000,108600
20240221,14:06:52,0.2,250,108600
20240221,14:07:42,0.2,1900,108600
20240221,14:07:50,0.2,250,108600
20240221,14:07:50,0.2,10800,108600
20240221,14:07:54,0.2,1800,108600
20240221,14:08:32,0.2,250,108600
20240221,14:09:20,0.2,18000,108600
20240221,14:09:37,0.2,1800,108600
20240221,14:09:53,0.2,1800,108600
20240221,14:09:56,0.2,1800,108600
20240221,14:09:57,0.2,900,108600
20240221,14:09:58,0.2,1800,108600
20240221,14:09:58,0.2,250,108600
20240221,14:10:02,0.2,1400,108600
20240221,14:10:02,0.2,1800,108600
20240221,14:10:03,0.2,200,108600
20240221,14:10:04,0.2,350,108600
20240221,14:10:05,0.2,8050,108600
20240221,14:10:06,0.2,100,108600
20240221,14:10:08,0.2,300,108600
20240221,14:10:16,0.15,1150,108600
20240221,14:10:23,0.15,250,108600
20240221,14:10:27,0.15,100,108600
20240221,14:10:58,0.2,250,110300
20240221,14:11:07,0.2,100,110300
20240221,14:17:32,0.2,1800,110300
20240221,14:18:46,0.2,1800,110300
20240221,14:20:38,0.15,250,110400
20240221,14:20:47,0.15,250,110400
20240221,14:21:56,0.15,1800,110400
20240221,14:22:30,0.15,1800,110400
20240221,14:22:42,0.15,300,110400
20240221,14:22:43,0.15,250,114000
20240221,14:22:53,0.15,400,114000
20240221,14:23:08,0.15,1800,114000
20240221,14:23:14,0.15,400,114000
20240221,14:23:34,0.15,250,114000
20240221,14:23:40,0.15,350,114000
20240221,14:24:01,0.15,250,114000
20240221,14:24:07,0.15,300,114000
20240221,14:24:10,0.15,50,114000
20240221,14:24:12,0.15,50,114000
20240221,14:24:15,0.15,50,114000
20240221,14:24:18,0.15,50,114000
20240221,14:24:37,0.15,300,114000
20240221,14:25:36,0.15,50,114000
20240221,14:25:37,0.15,1800,114000
20240221,14:25:40,0.15,50,114000
20240221,14:25:49,0.2,1200,120000
20240221,14:26:27,0.2,50,120000
20240221,14:27:13,0.2,50,120000
20240221,14:27:35,0.15,250,120000
20240221,14:27:43,0.15,350,120000
20240221,14:27:48,0.15,250,120000
20240221,14:28:24,0.15,1800,120000
20240221,14:28:27,0.15,200,120000
20240221,14:31:15,0.15,450,120000
20240221,14:31:16,0.15,300,120800
20240221,14:35:22,0.15,700,121550
20240221,14:35:23,0.15,750,121550
20240221,14:35:35,0.15,300,121550
20240221,14:36:02,0.15,250,121550
20240221,14:36:03,0.15,50,121550
20240221,14:36:09,0.15,50,121550
20240221,14:36:13,0.15,250,121550
20240221,14:37:16,0.2,250,121550
20240221,14:37:27,0.2,900,121550
20240221,14:38:30,0.15,50,121550
20240221,14:38:35,0.15,50,123800
20240221,14:38:42,0.15,300,123800
20240221,14:38:48,0.15,50,123800
20240221,14:38:56,0.15,50,123800
20240221,14:38:57,0.15,250,123800
20240221,14:39:06,0.15,50,123800
20240221,14:39:09,0.15,250,123800
20240221,14:39:14,0.15,50,123800
20240221,14:39:17,0.15,250,123800
20240221,14:39:20,0.15,50,123800
20240221,14:39:23,0.15,50,123800
20240221,14:39:25,0.15,50,123800
20240221,14:39:29,0.15,50,123800
20240221,14:39:31,0.15,250,123800
20240221,14:39:32,0.15,50,123800
20240221,14:39:35,0.15,50,123800
20240221,14:39:37,0.15,50,123800
20240221,14:39:50,0.15,50,123800
20240221,14:39:57,0.15,250,123800
20240221,14:40:06,0.15,50,123800
20240221,14:40:14,0.15,900,123800
20240221,14:40:16,0.15,400,123800
20240221,14:40:23,0.15,50,123800
20240221,14:40:26,0.15,50,123800
20240221,14:40:32,0.15,50,123800
20240221,14:40:34,0.15,50,123800
20240221,14:40:45,0.2,500,125750
