date,time,tick_price,volume,open_interest
20240108,09:15:23,0.7,100,1600
20240108,09:15:38,0.8,100,1600
20240108,09:15:40,0.8,100,1600
20240108,09:15:43,0.8,50,1600
20240108,09:16:02,0.8,50,1600
20240108,09:16:08,0.8,100,1600
20240108,09:16:11,0.8,50,1600
20240108,09:16:13,0.8,100,1600
20240108,09:16:15,0.8,50,1600
20240108,09:16:16,0.8,50,1600
20240108,09:16:18,0.8,200,1600
20240108,09:16:26,0.8,50,1600
20240108,09:16:28,0.8,50,1600
20240108,09:16:31,0.8,50,1600
20240108,09:16:33,0.8,50,1600
20240108,09:16:34,0.8,50,1600
20240108,09:16:37,0.8,50,1600
20240108,09:16:38,0.8,50,1600
20240108,09:16:42,0.8,400,1600
20240108,09:17:00,0.8,50,1600
20240108,09:17:04,0.8,50,1600
20240108,09:17:07,0.8,50,1600
20240108,09:17:12,0.75,150,1600
20240108,09:17:14,0.75,150,1600
20240108,09:17:28,0.75,300,1600
20240108,09:17:29,0.75,50,1600
20240108,09:17:30,0.75,50,1600
20240108,09:17:39,0.75,50,1600
20240108,09:18:05,0.75,50,1600
20240108,09:18:33,0.75,50,1600
20240108,09:18:46,0.75,50,1600
20240108,09:18:54,0.7,300,1600
20240108,09:19:01,0.7,250,1600
20240108,09:19:06,0.75,50,1600
20240108,09:19:07,0.7,250,1600
20240108,09:20:06,0.7,350,1600
20240108,09:20:51,0.75,50,3250
20240108,09:21:35,0.75,1350,3250
20240108,09:22:00,0.75,250,3250
20240108,09:22:01,0.75,250,3250
20240108,09:22:03,0.75,50,3250
20240108,09:22:06,0.75,50,3250
20240108,09:22:51,0.75,50,3250
20240108,09:22:52,0.75,50,3250
20240108,09:23:42,1.05,1900,3850
20240108,09:23:43,0.75,100,3850
20240108,09:23:44,0.75,250,3850
20240108,09:24:04,0.75,400,3850
20240108,09:24:13,0.75,1000,3850
20240108,09:24:33,0.75,50,3850
20240108,09:24:59,0.75,100,3850
20240108,09:25:15,0.75,50,3850
20240108,09:25:18,0.75,50,3850
20240108,09:25:19,0.75,50,3850
20240108,09:25:20,0.75,50,3850
20240108,09:25:38,0.75,50,3850
20240108,09:26:08,0.75,50,3850
20240108,09:27:02,0.75,50,3850
20240108,09:27:03,0.7,250,6200
20240108,09:27:05,0.75,50,6200
20240108,09:27:15,0.7,250,6200
20240108,09:28:47,0.7,50,6200
20240108,09:28:53,0.7,50,6200
20240108,09:29:13,0.75,1850,6200
20240108,09:29:16,0.75,350,6200
20240108,09:29:22,0.75,200,6200
20240108,09:29:26,0.75,150,7450
20240108,09:29:39,0.75,50,7450
20240108,09:29:53,0.75,150,7450
20240108,09:30:13,0.75,100,7450
20240108,09:30:14,0.75,100,7450
20240108,09:30:16,0.75,100,7450
20240108,09:30:58,0.75,100,7450
20240108,09:31:07,0.75,500,7450
20240108,09:31:36,0.75,300,7450
20240108,09:32:29,0.75,250,7700
20240108,09:32:50,0.75,250,7700
20240108,09:34:02,0.8,50,7700
20240108,09:34:04,0.7,1800,7700
20240108,09:34:46,0.8,200,7700
20240108,09:34:50,0.8,350,7700
20240108,09:34:51,0.8,800,7700
20240108,09:35:47,0.8,450,8400
20240108,09:35:56,0.8,200,8400
20240108,09:36:12,0.75,50,8400
20240108,09:37:27,0.8,250,8400
20240108,09:37:28,0.8,250,8400
20240108,09:37:28,0.8,50,8400
20240108,09:37:32,0.8,250,8400
20240108,09:37:43,0.8,50,8400
20240108,09:38:33,0.8,250,8400
20240108,09:38:59,0.8,300,8300
20240108,09:40:22,0.8,50,8300
20240108,09:40:28,0.8,250,8300
20240108,09:41:26,0.8,50,7950
20240108,09:41:30,0.8,50,7950
20240108,09:43:03,0.8,50,7950
20240108,09:43:11,0.75,500,7950
20240108,09:43:32,0.85,400,7950
20240108,09:45:19,0.8,50,7950
20240108,09:45:26,0.8,500,8600
20240108,09:45:29,0.8,250,8600
20240108,09:45:53,0.8,500,8600
20240108,09:45:54,0.8,100,8600
20240108,09:45:55,0.8,100,8600
20240108,09:46:25,0.8,300,8600
20240108,09:46:49,0.8,50,8600
20240108,09:47:45,0.75,500,8600
20240108,09:50:17,0.8,50,8800
20240108,09:50:46,0.75,750,9250
20240108,09:51:55,0.8,50,9250
20240108,09:53:15,0.75,600,9250
20240108,09:53:16,0.75,200,9250
20240108,09:53:18,0.75,100,9250
20240108,09:53:19,0.75,50,9250
20240108,09:54:32,0.75,50,9500
20240108,09:54:34,0.75,100,9500
20240108,09:54:35,0.75,50,9500
20240108,09:55:10,0.75,50,9500
20240108,09:57:36,0.7,50,9500
20240108,09:57:50,0.75,50,9600
20240108,09:58:10,0.7,50,9600
20240108,09:58:49,0.75,50,9600
20240108,09:59:54,0.75,50,9700
20240108,10:00:08,0.7,50,9700
20240108,10:00:42,0.7,250,9700
20240108,10:00:43,0.7,250,9700
20240108,10:00:50,0.7,300,9700
20240108,10:00:50,0.7,150,9700
20240108,10:00:51,0.7,50,9700
20240108,10:01:27,0.75,50,9700
20240108,10:03:32,0.75,50,9800
20240108,10:07:23,0.7,250,9850
20240108,10:08:08,0.75,150,9850
20240108,10:09:31,0.75,50,9950
20240108,10:12:26,0.75,350,9950
20240108,10:14:35,0.7,1800,9950
20240108,10:16:30,0.75,50,9950
20240108,10:18:36,0.75,500,11700
20240108,10:18:54,0.75,1500,11700
20240108,10:19:20,0.75,50,11700
20240108,10:19:25,0.7,250,11700
20240108,10:21:45,0.7,750,11700
20240108,10:21:49,0.7,2100,13700
20240108,10:22:06,0.7,1200,13700
20240108,10:23:35,0.65,50,13700
20240108,10:29:10,0.65,250,12600
20240108,10:30:41,0.7,50,12600
20240108,10:32:28,0.7,500,12800
20240108,10:34:15,0.65,250,12850
20240108,10:34:16,0.65,250,12850
20240108,10:34:48,0.65,250,12850
20240108,10:35:55,0.65,750,12850
20240108,10:37:24,0.65,250,13800
20240108,10:38:30,0.65,250,14050
20240108,10:38:56,0.65,250,14050
20240108,10:39:10,0.65,250,14050
20240108,10:44:07,0.7,1650,14800
20240108,10:44:13,0.75,100,14800
20240108,10:47:57,0.7,1750,16250
20240108,10:49:45,0.7,250,16250
20240108,10:52:55,0.75,550,16250
20240108,10:52:59,0.75,250,15450
20240108,10:53:01,0.7,250,15450
20240108,10:53:14,0.75,500,15450
20240108,10:54:47,0.75,50,15450
20240108,10:55:24,0.75,300,15500
20240108,10:55:25,0.75,300,15500
20240108,10:55:33,0.75,50,15500
20240108,10:56:21,0.75,50,15500
20240108,10:57:45,0.75,50,15500
20240108,10:57:51,0.75,50,14800
20240108,10:57:53,0.75,50,14800
20240108,10:58:29,0.75,500,14800
20240108,10:58:30,0.75,450,14800
20240108,10:58:36,0.75,50,14800
20240108,10:58:50,0.75,300,14800
20240108,10:58:51,0.75,250,14800
20240108,10:58:58,0.75,50,14800
20240108,11:00:02,0.85,4150,14800
20240108,11:00:03,0.8,50,14800
20240108,11:07:02,0.8,250,16100
20240108,11:08:04,0.8,50,16100
20240108,11:08:23,0.85,250,16100
20240108,11:08:24,0.85,50,16100
20240108,11:08:26,0.85,100,16100
20240108,11:09:09,0.85,750,16100
20240108,11:09:10,0.85,700,16100
20240108,11:09:30,0.85,2500,16100
20240108,11:09:34,0.8,200,16100
20240108,11:09:41,0.85,1550,16100
20240108,11:09:41,0.85,2000,16100
20240108,11:09:43,0.85,150,16100
20240108,11:09:53,0.9,2550,16100
20240108,11:09:58,0.85,50,16100
20240108,11:10:04,0.9,700,16100
20240108,11:10:20,0.85,50,16100
20240108,11:10:26,0.85,600,16100
20240108,11:10:27,0.85,250,16100
20240108,11:10:28,0.85,250,16100
20240108,11:10:32,0.85,250,16100
20240108,11:10:41,0.85,50,16100
20240108,11:10:44,0.85,50,16100
20240108,11:10:48,0.85,550,16100
20240108,11:11:33,0.85,50,16100
20240108,11:11:39,0.9,1050,25200
20240108,11:11:40,0.9,2450,25200
20240108,11:12:15,0.85,700,25200
20240108,11:12:19,0.85,800,25200
20240108,11:12:35,0.85,350,25200
20240108,11:13:03,0.85,50,25200
20240108,11:13:08,0.85,50,25200
20240108,11:13:10,0.85,50,25200
20240108,11:13:31,0.9,1900,25200
20240108,11:13:32,0.9,1050,25200
20240108,11:13:35,0.85,250,25200
20240108,11:13:51,0.8,50,25200
20240108,11:14:08,0.8,250,25200
20240108,11:14:31,0.85,100,25200
20240108,11:14:39,0.8,50,29150
20240108,11:14:59,0.8,450,29150
20240108,11:15:28,0.8,250,29150
20240108,11:16:04,0.8,150,29150
20240108,11:16:37,0.85,400,29150
20240108,11:16:52,0.8,50,29150
20240108,11:16:53,0.8,150,29150
20240108,11:16:54,0.8,250,29150
20240108,11:17:43,0.8,150,29250
20240108,11:17:44,0.8,350,29250
20240108,11:18:34,0.8,250,29250
20240108,11:18:38,0.8,250,29250
20240108,11:18:48,0.8,250,29250
20240108,11:20:52,0.8,50,29250
20240108,11:21:00,0.8,50,29750
20240108,11:23:44,0.75,50,29750
20240108,11:24:32,0.85,550,29750
20240108,11:24:43,0.8,500,29750
20240108,11:24:44,0.8,50,29750
20240108,11:28:58,0.8,50,30300
20240108,11:31:19,0.85,250,30300
20240108,11:31:38,0.8,100,30300
20240108,11:31:43,0.8,50,30300
20240108,11:31:48,0.8,150,30300
20240108,11:31:52,0.8,200,30300
20240108,11:31:52,0.75,500,30300
20240108,11:31:54,0.75,200,30300
20240108,11:32:06,0.75,800,30300
20240108,11:32:14,0.8,50,30300
20240108,11:32:15,0.75,150,30300
20240108,11:33:36,0.75,250,29650
20240108,11:36:15,0.85,50,29650
20240108,11:36:28,0.8,50,29400
20240108,11:38:14,0.8,50,29400
20240108,11:40:51,0.9,1400,29450
20240108,11:41:12,0.8,50,29450
20240108,11:41:46,0.85,50,29450
20240108,11:47:13,0.8,250,29900
20240108,11:51:12,0.8,50,29950
20240108,11:51:23,0.8,50,29700
20240108,11:51:32,0.8,50,29700
20240108,11:51:37,0.8,50,29700
20240108,11:52:37,0.8,50,29700
20240108,11:52:38,0.85,200,29700
20240108,11:52:57,0.85,50,29700
20240108,11:54:23,0.85,1000,30200
20240108,11:54:26,0.85,1500,30200
20240108,11:54:35,0.85,50,30200
20240108,11:55:00,0.85,50,30200
20240108,11:56:01,0.85,1200,30200
20240108,11:57:16,0.8,50,29050
20240108,11:57:24,0.9,1000,29050
20240108,11:57:37,0.9,450,29050
20240108,11:57:41,0.9,250,29050
20240108,11:57:42,0.9,250,29050
20240108,11:57:50,0.9,250,29050
20240108,11:57:51,0.9,250,29050
20240108,11:57:54,0.85,50,29050
20240108,11:57:56,0.9,400,29050
20240108,11:57:58,0.9,300,29050
20240108,11:57:59,0.9,700,29050
20240108,11:58:00,0.9,300,29050
20240108,11:58:02,0.9,250,29050
20240108,11:58:03,0.95,2200,29050
20240108,11:58:07,0.9,50,29050
20240108,11:58:09,0.9,50,29050
20240108,11:58:17,0.9,450,29050
20240108,11:58:20,0.9,400,29050
20240108,11:58:21,0.9,50,29050
20240108,11:58:24,0.85,500,29050
20240108,11:58:43,0.9,250,29050
20240108,11:58:46,0.9,250,29050
20240108,11:58:48,0.9,250,29050
20240108,11:58:49,0.9,300,29050
20240108,11:59:10,0.9,800,29050
20240108,12:01:18,0.85,1750,29050
20240108,12:01:29,0.8,250,32150
20240108,12:02:14,0.8,250,32150
20240108,12:02:17,0.8,50,32150
20240108,12:02:25,0.8,250,32150
20240108,12:02:26,0.8,400,32150
20240108,12:02:34,0.8,250,32150
20240108,12:02:36,0.8,1300,32150
20240108,12:02:39,0.8,450,32150
20240108,12:03:11,0.8,250,33350
20240108,12:03:20,0.8,250,33350
20240108,12:04:35,0.8,250,33350
20240108,12:05:04,0.8,350,33350
20240108,12:05:17,0.8,500,33350
20240108,12:06:14,0.8,500,33350
20240108,12:06:28,0.8,50,34300
20240108,12:06:32,0.8,50,34300
20240108,12:07:53,0.8,50,34300
20240108,12:08:21,0.75,550,34300
20240108,12:14:06,0.8,50,34300
20240108,12:18:15,0.8,300,34850
20240108,12:19:15,0.8,50,34850
20240108,12:23:00,0.8,50,34850
20240108,12:23:35,0.8,50,34900
20240108,12:23:47,0.8,50,34900
20240108,12:24:22,0.8,50,34900
20240108,12:25:10,0.8,50,34900
20240108,12:25:16,0.8,1750,34900
20240108,12:25:27,0.8,50,34900
20240108,12:25:28,0.8,50,34900
20240108,12:25:38,0.8,50,34900
20240108,12:25:50,0.8,200,34900
20240108,12:27:10,0.8,300,34000
20240108,12:28:04,0.8,250,34000
20240108,12:28:42,0.8,250,34000
20240108,12:28:43,0.8,50,34000
20240108,12:32:32,0.8,100,33500
20240108,12:32:54,0.75,250,33500
20240108,12:32:59,0.75,250,33400
20240108,12:33:00,0.75,250,33400
20240108,12:33:31,0.75,250,33400
20240108,12:34:02,0.75,250,33400
20240108,12:36:03,0.75,600,33400
20240108,12:40:24,0.75,1400,33650
20240108,12:42:03,0.75,1350,32250
20240108,12:42:33,0.7,50,32250
20240108,12:42:46,0.75,300,32250
20240108,12:47:02,0.75,1100,31250
20240108,12:53:13,0.85,1900,31250
20240108,12:53:24,0.8,900,31250
20240108,12:53:27,0.8,100,31250
20240108,12:54:00,0.8,650,31100
20240108,12:55:29,0.8,50,31100
20240108,12:57:38,0.8,750,31100
20240108,12:57:39,0.8,100,31150
20240108,12:57:40,0.8,50,31150
20240108,12:57:48,0.8,100,31150
20240108,12:57:58,0.8,100,31150
20240108,12:58:07,0.8,300,31150
20240108,12:58:11,0.8,250,31150
20240108,12:58:25,0.8,450,31150
20240108,13:00:47,0.8,250,31150
20240108,13:01:28,0.8,50,31500
20240108,13:02:26,0.8,150,31500
20240108,13:02:29,0.85,50,31500
20240108,13:03:09,0.8,250,31500
20240108,13:13:00,0.75,50,31550
20240108,13:13:09,0.75,100,31550
20240108,13:13:15,0.8,50,31550
20240108,13:13:46,0.75,250,31550
20240108,13:20:44,0.8,100,31500
20240108,13:21:44,0.75,450,31550
20240108,13:25:12,0.85,50,31550
20240108,13:25:27,0.8,100,31100
20240108,13:27:10,0.7,100,31100
20240108,13:27:24,0.75,50,31150
20240108,13:27:27,0.75,50,31150
20240108,13:27:37,0.75,50,31150
20240108,13:27:49,0.7,50,31150
20240108,13:28:00,0.75,100,31150
20240108,13:28:01,0.75,50,31150
20240108,13:28:04,0.75,100,31150
20240108,13:33:19,0.7,50,31150
20240108,13:33:27,0.75,50,31300
20240108,13:34:49,0.75,50,31300
20240108,13:35:19,0.8,100,31300
20240108,13:35:23,0.8,100,31300
20240108,13:35:24,0.8,50,31300
20240108,13:35:26,0.8,200,31300
20240108,13:35:29,0.8,100,31300
20240108,13:35:45,0.8,50,31300
20240108,13:37:49,0.75,50,31200
20240108,13:41:06,0.75,50,31200
20240108,13:41:08,0.75,50,31200
20240108,13:42:00,0.85,50,31200
20240108,13:43:16,0.8,50,31150
20240108,13:44:10,0.8,50,31150
20240108,13:44:14,0.8,50,31150
20240108,13:46:59,0.8,50,31200
20240108,13:47:00,0.8,50,31200
20240108,13:47:12,0.8,50,31200
20240108,13:49:20,0.8,100,31200
20240108,13:49:21,0.8,50,31300
20240108,13:50:30,0.8,50,31300
20240108,13:51:07,0.8,50,31400
20240108,13:56:04,0.8,50,31400
20240108,13:57:42,0.75,50,31400
20240108,13:59:45,0.8,50,31400
20240108,13:59:48,0.75,450,31400
20240108,14:00:41,0.8,50,31400
20240108,14:00:50,0.8,250,31400
20240108,14:03:43,0.75,50,31550
20240108,14:03:44,0.8,50,31550
20240108,14:06:14,0.75,50,31550
20240108,14:06:21,0.75,50,31550
20240108,14:08:43,0.8,50,31550
20240108,14:10:57,0.8,50,31550
20240108,14:11:35,0.75,250,31450
20240108,14:11:58,0.75,250,31450
20240108,14:13:08,0.8,150,31450
20240108,14:13:08,0.8,50,31500
20240108,14:13:09,0.8,50,31500
20240108,14:23:40,0.75,450,31500
20240108,14:23:42,0.75,250,31600
20240108,14:24:45,0.8,50,31600
20240108,14:26:11,0.8,300,31800
20240108,14:26:56,0.8,50,31800
20240108,14:27:13,0.8,50,31800
20240108,14:28:06,0.8,50,31550
20240108,14:29:03,0.8,50,31550
20240108,14:29:55,0.85,550,31550
20240108,14:31:51,0.85,250,31400
20240108,14:31:52,0.85,50,31400
20240108,14:31:53,0.85,1200,31400
20240108,14:32:04,0.85,100,31400
20240108,14:32:06,0.85,50,31400
20240108,14:32:07,0.85,50,31400
20240108,14:32:25,0.85,50,31400
20240108,14:32:30,0.85,50,31400
20240108,14:32:31,0.85,100,31400
20240108,14:32:44,0.85,50,31400
20240108,14:32:45,0.85,250,31400
20240108,14:33:47,0.85,50,31450
20240108,14:33:50,0.9,50,31450
20240108,14:34:18,0.9,100,31450
20240108,14:35:24,0.85,850,31450
20240108,14:35:31,0.9,4000,31450
20240108,14:35:39,0.9,50,31450
20240108,14:35:46,0.9,200,31450
20240108,14:36:02,0.9,250,33900
20240108,14:36:03,0.9,250,33900
20240108,14:36:32,0.9,250,33900
20240108,14:36:34,0.9,250,33900
20240108,14:36:37,0.9,50,33900
20240108,14:36:45,0.9,200,33900
20240108,14:36:46,0.9,100,33900
20240108,14:37:41,0.9,250,33900
20240108,14:37:50,0.9,250,33900
20240108,14:37:50,0.9,200,33900
20240108,14:37:51,0.9,300,33900
20240108,14:37:52,0.9,100,33900
20240108,14:37:54,0.9,50,33900
20240108,14:37:55,0.9,250,33900
20240108,14:38:02,0.9,250,33900
20240108,14:38:03,0.9,250,33900
20240108,14:38:10,0.9,950,33900
20240108,14:38:13,0.9,500,33900
20240108,14:38:15,0.95,1000,33900
20240108,14:38:26,1.0,1800,33900
20240108,14:38:27,0.9,50,33900
20240108,14:38:40,0.95,1000,33900
20240108,14:38:49,1.0,400,33900
20240108,14:39:09,0.95,100,35100
20240108,14:39:09,0.95,50,35100
20240108,14:39:25,1.0,1800,35100
20240108,14:39:32,0.95,50,35100
20240108,14:39:35,0.95,200,35100
20240108,14:39:37,0.95,50,35100
20240108,14:39:44,0.9,100,35100
20240108,14:39:57,0.9,1300,35100
20240108,14:39:58,0.9,250,35100
20240108,14:40:00,0.9,150,35100
20240108,14:40:03,0.95,1950,35100
20240108,14:40:12,0.95,250,35100
20240108,14:40:12,0.95,100,35100
20240108,14:40:19,0.95,500,35100
20240108,14:40:21,0.95,250,35100
20240108,14:40:28,0.95,250,35100
20240108,14:40:29,0.95,50,35100
20240108,14:40:42,0.95,250,35100
20240108,14:42:02,0.9,50,35100
20240108,14:42:10,0.95,50,35100
20240108,14:42:25,0.9,50,39550
20240108,14:42:40,0.9,50,39550
20240108,14:43:49,0.9,50,39550
20240108,14:43:58,0.9,100,39550
20240108,14:44:49,0.9,100,39550
20240108,14:45:01,0.9,500,39550
20240108,14:45:35,0.9,100,39800
20240108,14:45:57,0.9,300,39800
20240108,14:46:05,0.9,50,39800
20240108,14:47:17,0.9,200,39800
20240108,14:47:36,0.9,50,39800
20240108,14:48:00,0.9,50,39800
20240108,14:48:09,0.95,150,39700
20240108,14:50:36,0.95,50,39700
20240108,14:51:50,0.9,50,39700
20240108,14:52:38,0.9,200,39550
20240108,14:54:25,1.0,300,39300
20240108,14:54:59,0.95,2250,39300
20240108,14:55:02,0.95,150,39300
20240108,14:55:51,0.95,2050,39300
20240108,14:55:56,0.95,900,39300
20240108,14:57:23,0.95,50,38550
20240108,14:57:26,0.95,50,38550
20240108,14:57:27,0.95,50,38550
20240108,14:57:28,0.95,50,38550
20240108,14:58:07,0.9,50,38550
20240108,14:58:13,0.95,100,38550
20240108,14:58:15,0.95,500,38550
20240108,14:59:27,0.95,250,38550
20240108,14:59:35,0.95,1000,38550
20240108,14:59:55,0.95,1650,38550
20240108,15:00:03,1.0,50,38550
20240108,15:00:08,0.95,50,37650
20240108,15:00:09,0.95,250,37650
20240108,15:02:01,1.0,1850,37650
20240108,15:02:04,1.0,300,37650
20240108,15:02:06,1.0,1800,37650
20240108,15:02:09,1.0,100,37650
20240108,15:02:10,1.0,600,37650
20240108,15:02:20,1.0,550,37650
20240108,15:02:21,1.0,400,37650
20240108,15:02:23,1.0,1800,37650
20240108,15:02:39,1.0,50,37650
20240108,15:02:41,1.0,100,37650
20240108,15:03:01,1.0,250,37650
20240108,15:03:08,1.0,250,37650
20240108,15:03:30,1.0,350,35600
20240108,15:03:40,1.05,1500,35600
20240108,15:03:41,1.05,50,35600
20240108,15:04:13,1.0,50,35600
20240108,15:04:15,1.05,750,35600
20240108,15:04:16,1.0,700,35600
20240108,15:04:21,1.0,50,35600
20240108,15:04:27,1.05,250,35600
20240108,15:04:39,1.05,250,35600
20240108,15:05:35,1.05,400,35600
20240108,15:05:40,1.05,1400,35600
20240108,15:05:44,1.05,100,35600
20240108,15:05:51,1.05,50,35600
20240108,15:05:58,1.1,250,35600
20240108,15:05:59,1.1,200,35600
20240108,15:06:01,1.1,50,35600
20240108,15:06:09,1.1,850,35000
20240108,15:06:10,1.1,700,35000
20240108,15:06:12,1.1,250,35000
20240108,15:06:36,1.1,50,35000
20240108,15:07:39,1.15,650,35000
20240108,15:08:31,1.05,500,35000
20240108,15:09:58,1.05,250,35450
20240108,15:10:02,1.1,50,35450
20240108,15:10:05,1.05,500,35450
20240108,15:10:28,1.05,250,35450
20240108,15:11:51,1.1,250,35450
20240108,15:11:53,1.1,200,35450
20240108,15:11:55,1.1,100,35450
20240108,15:11:58,1.1,100,35450
20240108,15:12:00,1.1,450,35450
20240108,15:12:02,1.1,600,35450
20240108,15:12:02,1.05,300,35450
20240108,15:12:04,1.05,250,35450
20240108,15:13:05,1.15,600,35450
20240108,15:13:10,1.15,50,34550
20240108,15:13:11,1.2,1200,34550
20240108,15:13:13,1.2,50,34550
20240108,15:13:23,1.2,250,34550
20240108,15:13:59,1.2,2450,34550
20240108,15:14:00,1.2,1000,34550
20240108,15:14:03,1.2,450,34550
20240108,15:14:04,1.2,50,34550
20240108,15:14:07,1.2,750,34550
20240108,15:14:09,1.2,300,34550
20240108,15:14:22,1.2,200,34550
20240108,15:15:11,1.2,100,36150
20240108,15:15:12,1.2,400,36150
20240108,15:15:22,1.2,300,36150
20240108,15:15:32,1.2,1000,36150
20240108,15:15:40,1.2,250,36150
20240108,15:15:41,1.2,250,36150
20240108,15:15:49,1.2,2050,36150
20240108,15:16:02,1.25,150,36150
20240108,15:16:29,1.25,50,36150
20240108,15:16:32,1.25,50,36150
20240108,15:16:48,1.2,50,36150
20240108,15:17:08,1.2,100,36150
20240108,15:17:12,1.2,100,36150
20240108,15:17:14,1.25,250,36150
20240108,15:17:23,1.25,550,36150
20240108,15:17:46,1.25,200,36150
20240108,15:17:51,1.25,250,36150
20240108,15:18:00,1.25,950,36150
20240108,15:18:09,1.25,550,35000
20240108,15:18:10,1.25,650,35000
20240108,15:18:11,1.25,2200,35000
20240108,15:18:23,1.3,200,35000
20240108,15:18:42,1.3,1550,35000
20240108,15:18:47,1.3,250,35000
20240108,15:18:48,1.3,1000,35000
20240108,15:18:52,1.3,500,35000
20240108,15:19:04,1.3,700,35000
20240108,15:19:07,1.3,250,35000
20240108,15:19:11,1.25,50,35000
20240108,15:19:14,1.3,50,35000
20240108,15:19:15,1.3,50,35000
20240108,15:19:16,1.3,100,35000
20240108,15:19:23,1.3,250,35000
20240108,15:19:44,1.3,500,35000
20240108,15:19:47,1.3,500,35000
20240108,15:19:51,1.3,50,35000
20240108,15:19:53,1.3,300,35000
20240108,15:19:54,1.3,3850,35000
20240108,15:19:55,1.3,50,35000
20240108,15:20:05,1.35,50,35000
20240108,15:20:06,1.35,300,35000
20240108,15:20:09,1.3,300,35000
20240108,15:20:10,1.3,700,35000
20240108,15:20:14,1.3,1000,35000
20240108,15:21:40,1.3,750,35000
20240108,15:21:41,1.3,650,36450
20240108,15:21:47,1.3,1800,36450
20240108,15:22:08,1.3,200,36450
20240108,15:23:40,1.35,1150,36450
20240108,15:23:57,1.35,50,36450
20240108,15:24:07,1.3,1050,36450
20240108,15:25:03,1.3,500,36300
20240108,15:25:06,1.3,400,36300
20240108,15:25:07,1.3,400,36300
20240108,15:25:11,1.3,50,36300
20240108,15:25:31,1.3,150,36300
20240108,15:25:37,1.25,600,36300
20240108,15:25:48,1.25,150,36300
20240108,15:25:50,1.25,100,36300
20240108,15:25:54,1.25,250,36300
20240108,15:25:55,1.25,50,36300
20240108,15:26:06,1.25,250,36300
20240108,15:26:10,1.25,800,36300
20240108,15:26:11,1.25,200,36300
20240108,15:26:13,1.3,2150,36300
20240108,15:26:20,1.3,800,36300
20240108,15:26:21,1.35,50,36300
20240108,15:26:24,1.3,50,36300
20240108,15:26:40,1.25,150,36300
20240108,15:27:07,1.3,750,36300
20240108,15:27:19,1.35,600,34500
20240108,15:27:20,1.35,350,34500
20240108,15:27:24,1.35,850,34500
20240108,15:27:25,1.35,2250,34500
20240108,15:27:26,1.3,100,34500
20240108,15:27:35,1.3,900,34500
20240108,15:28:02,1.3,50,34500
20240108,15:28:18,1.3,100,34500
20240108,15:28:19,1.35,1850,34500
20240108,15:28:23,1.35,250,34500
20240108,15:28:45,1.25,100,34500
20240108,15:28:55,1.4,450,34500
20240108,15:29:25,1.4,50,34500
20240108,15:29:30,1.25,400,34500
20240108,15:29:34,1.25,250,34500
20240108,15:29:35,1.25,750,34500
20240108,15:29:37,1.25,100,34500
20240108,15:29:38,1.25,400,34500
20240108,15:29:40,1.2,50,34500
20240108,15:29:42,1.2,50,34500
20240108,15:29:52,1.1,150,34500
20240108,15:29:54,1.1,200,34500
20240108,15:29:55,1.15,50,34500
20240108,15:29:57,1.1,50,34500
20240109,09:15:01,1.2,1,39300
20240109,09:15:01,1.2,50,39300
20240109,09:15:02,1.2,150,39300
20240109,09:15:03,1.15,50,39300
20240109,09:15:04,0.55,1100,39300
20240109,09:15:05,0.55,2200,39300
20240109,09:15:06,1.1,2050,39300
20240109,09:15:07,1.15,100,39300
20240109,09:15:08,1.15,50,39300
20240109,09:15:12,1.05,450,39300
20240109,09:15:13,1.05,150,39300
20240109,09:15:16,1.0,50,39300
20240109,09:15:17,0.95,1000,39300
20240109,09:15:18,0.95,50,39300
20240109,09:15:19,0.95,50,39300
20240109,09:15:20,0.95,900,39300
20240109,09:15:21,0.95,50,39300
20240109,09:15:24,0.9,50,39300
20240109,09:15:26,1.0,400,39300
20240109,09:15:28,0.9,200,39300
20240109,09:15:31,0.9,500,39300
20240109,09:15:32,0.9,800,39300
20240109,09:15:33,0.85,100,39300
20240109,09:15:35,0.85,300,39300
20240109,09:15:36,0.85,150,39300
20240109,09:15:40,0.85,250,39300
20240109,09:15:41,0.85,50,39300
20240109,09:15:42,0.85,50,39300
20240109,09:15:45,0.9,2100,39300
20240109,09:15:51,0.85,250,39300
20240109,09:15:52,0.85,500,39300
20240109,09:15:53,0.85,50,39300
20240109,09:15:55,0.8,850,39300
20240109,09:15:56,0.8,50,39300
20240109,09:16:06,0.8,400,39300
20240109,09:16:07,0.8,600,39300
20240109,09:16:09,0.8,50,39300
20240109,09:16:10,0.8,50,39300
20240109,09:16:15,0.8,400,39300
20240109,09:16:18,0.85,500,39300
20240109,09:16:22,0.85,250,39300
20240109,09:16:31,0.8,650,39300
20240109,09:16:31,0.8,450,39300
20240109,09:16:32,0.8,350,39300
20240109,09:16:46,0.8,50,39300
20240109,09:16:58,0.8,250,39300
20240109,09:17:00,0.8,100,39300
20240109,09:17:10,0.8,400,39300
20240109,09:17:51,0.75,250,46900
20240109,09:18:05,0.75,50,46900
20240109,09:18:52,0.75,350,46900
20240109,09:18:58,0.75,300,46900
20240109,09:19:02,0.75,500,46900
20240109,09:19:04,0.75,250,46900
20240109,09:19:05,0.75,200,46900
20240109,09:19:20,0.75,1350,46900
20240109,09:19:29,0.7,250,46900
20240109,09:19:30,0.7,400,46900
20240109,09:20:06,0.8,50,46900
20240109,09:20:07,0.75,50,46900
20240109,09:20:13,0.75,400,46900
20240109,09:20:27,0.7,250,47900
20240109,09:20:31,0.7,1250,47900
20240109,09:20:58,0.7,50,47900
20240109,09:21:30,0.7,250,47900
20240109,09:23:20,0.75,1800,47900
20240109,09:23:45,0.7,1800,49500
20240109,09:23:52,0.7,50,49500
20240109,09:24:03,0.7,650,49500
20240109,09:25:03,0.65,50,49500
20240109,09:25:43,0.65,50,49500
20240109,09:26:06,0.7,100,49500
20240109,09:26:07,0.7,2200,49500
20240109,09:27:03,0.65,300,49500
20240109,09:27:08,0.65,250,50050
20240109,09:27:42,0.65,250,50050
20240109,09:27:49,0.65,250,50050
20240109,09:27:57,0.65,400,50050
20240109,09:28:22,0.65,250,50050
20240109,09:28:43,0.7,50,50050
20240109,09:29:02,0.65,350,50050
20240109,09:29:21,0.65,1800,50050
20240109,09:29:25,0.7,350,50050
20240109,09:30:02,0.65,550,50050
20240109,09:30:40,0.7,50,53900
20240109,09:30:52,0.65,250,53900
20240109,09:30:53,0.65,400,53900
20240109,09:31:07,0.65,250,53900
20240109,09:31:33,0.7,2650,53900
20240109,09:31:35,0.65,350,53900
20240109,09:31:38,0.7,50,53900
20240109,09:31:52,0.65,50,53900
20240109,09:32:06,0.65,1850,53900
20240109,09:32:16,0.6,50,53900
20240109,09:32:24,0.65,50,53900
20240109,09:33:06,0.65,50,53800
20240109,09:33:59,0.65,100,53800
20240109,09:34:17,0.65,50,53800
20240109,09:34:18,0.65,50,53800
20240109,09:35:18,0.65,100,53800
20240109,09:35:57,0.65,250,53800
20240109,09:36:06,0.65,1150,53800
20240109,09:36:55,0.7,250,53800
20240109,09:36:56,0.7,500,53800
20240109,09:36:57,0.7,400,53800
20240109,09:37:03,0.75,50,53800
20240109,09:37:38,0.7,1550,53800
20240109,09:37:39,0.7,500,53800
20240109,09:37:40,0.7,850,53800
20240109,09:39:20,0.7,100,53850
20240109,09:44:46,0.65,50,53950
20240109,09:45:45,0.7,50,53950
20240109,09:46:35,0.7,800,53950
20240109,09:46:37,0.7,600,53950
20240109,09:46:39,0.7,1100,53950
20240109,09:47:16,0.75,50,53950
20240109,09:49:04,0.7,400,53950
20240109,09:49:15,0.75,250,54700
20240109,09:49:31,0.7,250,54700
20240109,09:49:33,0.7,500,54700
20240109,09:50:16,0.7,50,54700
20240109,09:50:33,0.7,1000,54900
20240109,09:54:06,0.7,250,55000
20240109,09:54:07,0.7,50,55000
20240109,09:55:18,0.65,200,55000
20240109,09:56:29,0.7,50,55000
20240109,09:58:05,0.65,50,54850
20240109,10:00:10,0.7,50,54850
20240109,10:02:53,0.7,50,54850
20240109,10:04:04,0.7,1000,54850
20240109,10:08:51,0.7,250,54600
20240109,10:08:52,0.7,250,54600
20240109,10:10:41,0.7,50,54600
20240109,10:11:48,0.7,300,54600
20240109,10:12:05,0.7,50,54200
20240109,10:14:13,0.65,50,54200
20240109,10:16:24,0.65,100,54200
20240109,10:18:45,0.65,1800,54200
20240109,10:21:02,0.65,750,54200
20240109,10:23:05,0.65,50,52800
20240109,10:23:13,0.65,850,52800
20240109,10:29:17,0.65,450,52800
20240109,10:29:49,0.65,900,51750
20240109,10:29:56,0.65,50,51750
20240109,10:29:57,0.65,50,51750
20240109,10:29:59,0.65,150,51750
20240109,10:30:00,0.65,50,51750
20240109,10:30:28,0.65,50,51750
20240109,10:31:20,0.65,50,51750
20240109,10:32:32,0.65,1850,51750
20240109,10:33:07,0.6,100,51750
20240109,10:33:33,0.65,50,51550
20240109,10:35:40,0.65,550,51350
20240109,10:35:41,0.65,50,51350
20240109,10:36:42,0.65,950,51350
20240109,10:36:43,0.65,200,51350
20240109,10:36:48,0.65,50,51350
20240109,10:36:49,0.65,150,51350
20240109,10:41:50,0.65,50,51500
20240109,10:41:52,0.7,50,51500
20240109,10:43:18,0.65,50,51500
20240109,10:43:35,0.65,50,51500
20240109,10:44:14,0.65,50,51500
20240109,10:44:29,0.65,150,51500
20240109,10:46:05,0.6,50,51500
20240109,10:46:59,0.6,50,51650
20240109,10:47:10,0.6,600,51650
20240109,10:47:20,0.6,750,51650
20240109,10:47:20,0.6,500,51650
20240109,10:48:06,0.6,1900,53250
20240109,10:48:13,0.6,900,53250
20240109,10:48:13,0.6,5800,53250
20240109,10:49:48,0.55,50,53250
20240109,10:53:59,0.65,800,53250
20240109,10:56:57,0.65,700,56500
20240109,11:00:33,0.65,600,57100
20240109,11:01:08,0.65,50,57100
20240109,11:03:18,0.6,900,57650
20240109,11:03:23,0.6,900,57650
20240109,11:03:29,0.6,250,57650
20240109,11:03:30,0.6,50,57650
20240109,11:03:40,0.6,300,57650
20240109,11:05:53,0.6,800,57650
20240109,11:07:34,0.6,1250,58050
20240109,11:07:47,0.6,300,58050
20240109,11:08:11,0.65,3600,58050
20240109,11:08:39,0.65,50,58050
20240109,11:09:40,0.6,1250,61150
20240109,11:09:42,0.6,50,61150
20240109,11:10:28,0.65,1100,61150
20240109,11:13:08,0.55,50,61150
20240109,11:14:43,0.65,150,61750
20240109,11:19:14,0.55,50,61900
20240109,11:21:14,0.65,1500,61900
20240109,11:21:18,0.6,250,61900
20240109,11:21:36,0.55,50,61900
20240109,11:23:17,0.6,550,61900
20240109,11:23:31,0.65,300,61900
20240109,11:26:43,0.6,50,64400
20240109,11:35:28,0.55,800,64450
20240109,11:37:47,0.6,1200,64450
20240109,11:38:30,0.6,50,64450
20240109,11:47:18,0.6,50,65550
20240109,11:54:29,0.6,100,65550
20240109,11:55:28,0.55,50,65600
20240109,12:06:54,0.6,50,65600
20240109,12:10:33,0.6,1000,65650
20240109,12:17:54,0.6,350,65650
20240109,12:20:16,0.55,250,66000
20240109,12:29:17,0.55,3500,66250
20240109,12:29:21,0.55,350,66250
20240109,12:29:22,0.55,700,66250
20240109,12:37:35,0.55,300,67000
20240109,12:38:32,0.55,50,67000
20240109,12:42:30,0.6,100,67000
20240109,12:43:31,0.55,50,67000
20240109,12:54:51,0.55,100,67000
20240109,12:56:47,0.55,50,67000
20240109,12:57:13,0.55,50,66850
20240109,12:58:31,0.55,50,66850
20240109,12:59:41,0.55,50,66850
20240109,13:00:43,0.55,50,66850
20240109,13:05:19,0.55,50,66700
20240109,13:11:28,0.55,50,66700
20240109,13:11:38,0.55,50,66700
20240109,13:12:41,0.55,1100,66600
20240109,13:19:09,0.6,500,66600
20240109,13:25:38,0.55,1500,66100
20240109,13:33:02,0.55,1650,66100
20240109,13:39:38,0.55,1000,65100
20240109,13:39:51,0.55,150,65100
20240109,13:39:57,0.55,50,65100
20240109,13:40:01,0.55,50,65100
20240109,13:43:01,0.55,50,65100
20240109,13:46:17,0.5,1550,65200
20240109,13:47:14,0.55,50,65200
20240109,13:47:15,0.55,1000,65200
20240109,13:47:23,0.55,50,65200
20240109,13:53:56,0.55,50,64000
20240109,13:55:44,0.6,50,64000
20240109,13:59:09,0.55,500,64050
20240109,14:08:15,0.55,2550,64050
20240109,14:11:42,0.5,1500,64050
20240109,14:11:45,0.55,50,65300
20240109,14:15:13,0.6,1500,65300
20240109,14:15:43,0.6,900,64750
20240109,14:15:45,0.6,100,64750
20240109,14:16:24,0.6,550,64750
20240109,14:16:25,0.6,50,64750
20240109,14:16:44,0.6,1650,64750
20240109,14:17:03,0.6,50,64750
20240109,14:17:20,0.6,250,64750
20240109,14:21:42,0.65,250,64750
20240109,14:21:55,0.65,750,64750
20240109,14:22:06,0.65,50,64750
20240109,14:22:24,0.65,50,64750
20240109,14:22:29,0.65,900,64750
20240109,14:23:09,0.65,250,64750
20240109,14:23:40,0.65,100,64750
20240109,14:23:44,0.65,50,64750
20240109,14:23:55,0.65,50,64750
20240109,14:24:11,0.65,100,63800
20240109,14:25:03,0.75,1150,63800
20240109,14:25:09,0.7,1800,63800
20240109,14:25:10,0.75,4350,63800
20240109,14:25:11,0.7,300,63800
20240109,14:25:22,0.7,50,63800
20240109,14:25:44,0.65,100,63800
20240109,14:26:22,0.7,1250,63800
20240109,14:26:23,0.7,2150,63800
20240109,14:26:49,0.7,300,63800
20240109,14:26:50,0.7,50,63800
20240109,14:27:01,0.7,100,63800
20240109,14:27:17,0.7,50,77550
20240109,14:27:25,0.7,550,77550
20240109,14:27:37,0.7,1000,77550
20240109,14:27:38,0.75,1850,77550
20240109,14:27:59,0.75,250,77550
20240109,14:28:09,0.7,200,77550
20240109,14:28:38,0.7,300,77550
20240109,14:29:46,0.7,100,77550
20240109,14:30:27,0.75,1350,77550
20240109,14:32:14,0.75,850,76950
20240109,14:32:37,0.75,50,76950
20240109,14:33:13,0.75,1050,76950
20240109,14:33:14,0.7,1300,76950
20240109,14:33:20,0.75,250,76950
20240109,14:33:22,0.75,50,76950
20240109,14:34:08,0.7,200,76950
20240109,14:34:09,0.7,300,76950
20240109,14:34:14,0.7,50,76950
20240109,14:34:36,0.7,650,76950
20240109,14:34:46,0.7,50,76950
20240109,14:34:58,0.7,50,76950
20240109,14:35:07,0.7,1550,76950
20240109,14:35:14,0.7,600,76950
20240109,14:36:00,0.7,50,76950
20240109,14:36:01,0.7,50,76950
20240109,14:36:05,0.7,50,76950
20240109,14:36:06,0.7,50,76950
20240109,14:36:31,0.7,50,76850
20240109,14:36:32,0.7,50,76850
20240109,14:37:01,0.7,50,76850
20240109,14:37:14,0.7,50,76850
20240109,14:37:15,0.7,50,76850
20240109,14:37:26,0.7,50,76850
20240109,14:37:33,0.7,50,76850
20240109,14:37:46,0.7,50,76850
20240109,14:37:47,0.7,50,76850
20240109,14:38:10,0.7,200,76850
20240109,14:38:39,0.75,600,76850
20240109,14:38:44,0.7,50,76850
20240109,14:38:45,0.7,50,76850
20240109,14:39:18,0.7,50,76900
20240109,14:39:32,0.7,500,76900
20240109,14:39:35,0.7,50,76900
20240109,14:39:37,0.7,50,76900
20240109,14:39:49,0.7,100,76900
20240109,14:40:00,0.7,1300,76900
20240109,14:40:06,0.7,200,76900
20240109,14:40:11,0.65,500,76900
20240109,14:40:29,0.7,50,76900
20240109,14:40:47,0.7,50,76900
20240109,14:40:50,0.75,150,76900
20240109,14:41:35,0.7,100,76900
20240109,14:41:36,0.7,50,76900
20240109,14:43:22,0.7,250,76900
20240109,14:44:44,0.75,900,76750
20240109,14:45:41,0.75,200,76300
20240109,14:46:20,0.75,100,76300
20240109,14:46:27,0.75,50,76300
20240109,14:46:53,0.8,1500,76300
20240109,14:47:02,0.85,150,76300
20240109,14:47:09,0.8,50,76300
20240109,14:47:10,0.8,50,76300
20240109,14:47:22,0.8,50,76300
20240109,14:47:24,0.8,50,76300
20240109,14:47:28,0.8,50,76300
20240109,14:47:38,0.75,1000,76300
20240109,14:47:39,0.8,150,76300
20240109,14:48:45,0.75,550,77700
20240109,14:48:57,0.75,300,77700
20240109,14:49:06,0.75,250,77700
20240109,14:49:28,0.75,300,77700
20240109,14:49:28,0.75,50,77700
20240109,14:49:37,0.75,300,77700
20240109,14:49:38,0.75,50,77700
20240109,14:49:43,0.75,250,77700
20240109,14:49:46,0.75,1900,77700
20240109,14:49:47,0.75,1950,77700
20240109,14:49:51,0.75,1950,77700
20240109,14:49:53,0.7,50,77700
20240109,14:49:54,0.7,50,77700
20240109,14:49:54,0.75,650,77700
20240109,14:49:55,0.75,1950,77700
20240109,14:50:27,0.75,950,77700
20240109,14:51:44,0.75,100,77700
20240109,14:51:51,0.75,100,77700
20240109,14:52:12,0.75,100,77700
20240109,14:52:58,0.75,450,77700
20240109,14:53:01,0.75,400,77700
20240109,14:53:06,0.75,100,77700
20240109,14:53:07,0.75,200,77700
20240109,14:53:15,0.75,300,77700
20240109,14:53:36,0.75,600,77700
20240109,14:57:24,0.75,1300,77700
20240109,14:58:15,0.75,500,77700
20240109,14:58:24,0.7,1500,77700
20240109,14:58:43,0.75,400,77700
20240109,14:58:47,0.75,250,77700
20240109,14:58:49,0.75,50,77700
20240109,14:59:49,0.75,500,77700
20240109,15:00:07,0.75,3100,77700
20240109,15:00:08,0.75,2400,77700
20240109,15:00:10,0.8,1500,77700
20240109,15:01:43,0.75,400,77700
20240109,15:01:47,0.75,50,76200
20240109,15:01:51,0.75,200,76200
20240109,15:01:54,0.75,200,76200
20240109,15:01:58,0.75,200,76200
20240109,15:02:04,0.8,250,76200
20240109,15:02:08,0.7,50,76200
20240109,15:07:50,0.75,1200,77000
20240109,15:07:51,0.75,1500,77000
20240109,15:08:30,0.75,300,77000
20240109,15:08:31,0.75,300,77000
20240109,15:08:55,0.75,50,77000
20240109,15:09:08,0.75,50,77000
20240109,15:09:19,0.8,50,77000
20240109,15:10:01,0.75,50,77900
20240109,15:10:56,0.75,4650,77900
20240109,15:11:21,0.75,50,77900
20240109,15:11:38,0.75,50,77900
20240109,15:11:41,0.7,50,77900
20240109,15:11:42,0.75,100,77900
20240109,15:11:44,0.75,100,77900
20240109,15:12:00,0.7,250,77900
20240109,15:12:42,0.75,1400,77900
20240109,15:12:46,0.75,1000,79000
20240109,15:12:55,0.75,50,79000
20240109,15:12:56,0.75,50,79000
20240109,15:13:11,0.75,50,79000
20240109,15:13:18,0.75,250,79000
20240109,15:13:32,0.75,100,79000
20240109,15:13:34,0.75,400,79000
20240109,15:13:57,0.75,50,79000
20240109,15:14:39,0.75,1250,79000
20240109,15:14:39,0.75,1800,79000
20240109,15:14:40,0.75,2000,79000
20240109,15:14:46,0.75,1200,79000
20240109,15:14:46,0.75,400,79000
20240109,15:14:47,0.75,600,79000
20240109,15:14:48,0.75,550,79000
20240109,15:14:49,0.75,250,79000
20240109,15:14:50,0.75,950,79000
20240109,15:14:51,0.75,250,79000
20240109,15:15:02,0.75,50,79000
20240109,15:15:05,0.8,650,79000
20240109,15:15:52,0.75,500,79650
20240109,15:16:15,0.75,300,79650
20240109,15:17:09,0.8,800,79650
20240109,15:17:26,0.75,750,79650
20240109,15:17:27,0.75,300,79650
20240109,15:17:31,0.75,200,79650
20240109,15:17:46,0.75,200,79650
20240109,15:17:47,0.75,50,79650
20240109,15:18:15,0.8,50,78200
20240109,15:18:23,0.7,250,78200
20240109,15:19:58,0.8,5300,78200
20240109,15:20:20,0.85,350,78200
20240109,15:20:21,0.85,150,78200
20240109,15:20:22,0.85,50,78200
20240109,15:20:23,0.8,50,78200
20240109,15:20:36,0.85,1850,78200
20240109,15:20:37,0.95,3450,78200
20240109,15:20:39,0.85,50,78200
20240109,15:20:46,0.85,50,78200
20240109,15:20:49,0.85,50,78200
20240109,15:21:01,0.85,50,78200
20240109,15:21:02,0.85,850,78200
20240109,15:21:03,0.85,50,78200
20240109,15:21:39,0.9,2550,78200
20240109,15:21:40,0.9,500,79000
20240109,15:22:19,0.85,1200,79000
20240109,15:22:26,0.85,100,79000
20240109,15:22:30,0.8,50,79000
20240109,15:23:11,0.9,150,79000
20240109,15:23:28,0.8,150,79000
20240109,15:23:42,0.8,150,79000
20240109,15:24:26,0.8,200,79000
20240109,15:24:38,0.8,450,80200
20240109,15:26:04,0.75,500,80200
20240109,15:28:06,0.75,750,80750
20240109,15:28:13,0.8,500,80750
20240109,15:28:18,0.75,100,80750
20240109,15:28:32,0.75,1200,80750
20240109,15:28:50,0.8,100,80750
20240109,15:28:51,0.8,200,80750
20240109,15:28:52,0.8,100,80750
20240109,15:28:57,0.8,50,80750
20240109,15:28:59,0.8,100,80750
20240109,15:29:00,0.8,2300,80750
20240109,15:29:01,0.8,550,80750
20240109,15:29:03,0.8,250,80750
20240109,15:29:22,0.8,600,80750
20240109,15:29:24,0.8,50,80750
20240109,15:29:25,0.75,50,80750
20240109,15:29:26,0.8,250,80750
20240109,15:29:27,0.8,50,80750
20240109,15:29:29,0.8,50,80750
20240109,15:29:35,0.8,50,80750
20240109,15:29:41,0.8,50,80750
20240109,15:29:49,0.85,150,80750
20240110,09:15:01,0.85,1,79800
20240110,09:15:01,0.85,50,79800
20240110,09:15:02,0.8,800,79800
20240110,09:15:04,1.45,1500,79800
20240110,09:15:05,0.7,250,79800
20240110,09:15:06,0.7,150,79800
20240110,09:15:07,0.7,50,79800
20240110,09:15:08,0.7,50,79800
20240110,09:15:14,0.8,50,79800
20240110,09:15:20,0.75,550,79800
20240110,09:15:32,0.7,50,79800
20240110,09:15:34,0.7,250,79800
20240110,09:15:35,0.7,250,79800
20240110,09:15:36,0.7,200,79800
20240110,09:15:37,0.7,250,79800
20240110,09:15:39,0.7,200,79800
20240110,09:15:40,0.7,50,79800
20240110,09:15:42,0.7,50,79800
20240110,09:15:45,0.65,400,79800
20240110,09:15:47,0.7,100,79800
20240110,09:15:53,0.7,200,79800
20240110,09:15:57,0.7,50,79800
20240110,09:16:00,0.7,1000,79800
20240110,09:16:01,0.7,1500,79800
20240110,09:16:05,0.7,2350,79800
20240110,09:16:06,0.7,350,79800
20240110,09:16:07,0.7,400,79800
20240110,09:16:11,0.7,250,79800
20240110,09:16:13,0.7,250,79800
20240110,09:16:16,0.7,250,79800
20240110,09:16:18,0.7,250,79800
20240110,09:16:22,0.7,2400,79800
20240110,09:16:23,0.7,450,79800
20240110,09:16:31,0.7,800,79800
20240110,09:16:39,0.7,300,79800
20240110,09:16:42,0.7,950,79800
20240110,09:16:43,0.7,250,79800
20240110,09:16:45,0.7,400,79800
20240110,09:16:46,0.7,50,79800
20240110,09:16:47,0.7,100,79800
20240110,09:16:48,0.7,1150,79800
20240110,09:16:49,0.7,1300,79800
20240110,09:16:50,0.7,600,79800
20240110,09:16:51,0.7,100,79800
20240110,09:16:52,0.7,3400,79800
20240110,09:16:53,0.7,250,79800
20240110,09:16:54,0.65,4500,79800
20240110,09:16:55,0.65,1300,79800
20240110,09:16:56,0.65,400,79800
20240110,09:16:57,0.65,1550,79800
20240110,09:16:58,0.65,350,79800
20240110,09:17:00,0.65,50,79800
20240110,09:17:00,0.65,1100,79800
20240110,09:17:02,0.65,600,79800
20240110,09:17:03,0.65,500,79800
20240110,09:17:04,0.65,500,79800
20240110,09:17:05,0.65,400,79800
20240110,09:17:06,0.65,300,79800
20240110,09:17:09,0.65,500,79800
20240110,09:17:15,0.65,450,79800
20240110,09:17:21,0.65,100,79800
20240110,09:17:22,0.65,2050,79800
20240110,09:17:26,0.65,250,79800
20240110,09:17:30,0.65,350,83800
20240110,09:17:30,0.65,450,83800
20240110,09:17:47,0.65,400,83800
20240110,09:17:53,0.65,200,83800
20240110,09:17:59,0.7,1000,83800
20240110,09:18:33,0.65,100,83800
20240110,09:18:39,0.65,1800,83800
20240110,09:18:51,0.6,50,83800
20240110,09:19:05,0.6,1500,83800
20240110,09:19:50,0.6,50,83800
20240110,09:19:58,0.65,50,83800
20240110,09:20:29,0.65,50,83800
20240110,09:20:30,0.65,300,84950
20240110,09:20:38,0.65,100,84950
20240110,09:20:46,0.65,550,84950
20240110,09:20:51,0.65,100,84950
20240110,09:20:52,0.65,1100,84950
20240110,09:20:59,0.65,300,84950
20240110,09:21:06,0.65,300,84950
20240110,09:21:13,0.65,1000,84950
20240110,09:21:14,0.65,50,84950
20240110,09:21:22,0.65,700,84950
20240110,09:21:46,0.6,250,84950
20240110,09:22:01,0.65,100,84950
20240110,09:22:03,0.65,900,84950
20240110,09:22:55,0.7,650,84950
20240110,09:23:06,0.65,100,84950
20240110,09:23:07,0.65,100,84950
20240110,09:23:15,0.65,100,84950
20240110,09:23:55,0.65,5900,85100
20240110,09:25:22,0.65,100,85100
20240110,09:25:26,0.65,1950,85100
20240110,09:25:27,0.65,100,85100
20240110,09:25:28,0.7,1050,85100
20240110,09:25:38,0.65,50,85100
20240110,09:25:39,0.65,50,85100
20240110,09:25:54,0.7,900,85100
20240110,09:25:57,0.7,1800,85100
20240110,09:25:59,0.7,1200,85100
20240110,09:26:14,0.7,1200,85100
20240110,09:26:15,0.7,900,85100
20240110,09:26:16,0.7,1600,85100
20240110,09:26:24,0.7,50,85100
20240110,09:26:56,0.7,50,86350
20240110,09:26:57,0.7,100,86350
20240110,09:26:58,0.7,50,86350
20240110,09:27:37,0.7,50,86350
20240110,09:27:43,0.7,950,86350
20240110,09:27:44,0.7,750,86350
20240110,09:27:52,0.7,300,86350
20240110,09:27:53,0.75,50,86350
20240110,09:28:05,0.75,1800,86350
20240110,09:28:06,0.7,50,86350
20240110,09:28:07,0.75,850,86350
20240110,09:28:08,0.75,300,86350
20240110,09:28:59,0.75,1050,86350
20240110,09:29:00,0.75,1500,86350
20240110,09:29:01,0.75,1850,86350
20240110,09:29:03,0.75,250,86350
20240110,09:29:04,0.75,850,86350
20240110,09:29:05,0.75,2000,86350
20240110,09:29:21,0.8,800,86350
20240110,09:29:32,0.75,50,86350
20240110,09:30:07,0.8,50,87400
20240110,09:30:08,0.75,350,87400
20240110,09:30:10,0.8,1000,87400
20240110,09:30:14,0.8,250,87400
20240110,09:30:15,0.8,600,87400
20240110,09:30:17,0.85,950,87400
20240110,09:30:17,0.85,200,87400
20240110,09:30:18,0.85,50,87400
20240110,09:30:21,0.85,100,87400
20240110,09:30:22,0.85,50,87400
20240110,09:30:23,0.85,250,87400
20240110,09:30:24,0.9,1350,87400
20240110,09:30:26,0.8,250,87400
20240110,09:30:29,0.8,150,87400
20240110,09:30:32,0.85,1650,87400
20240110,09:30:41,0.8,1750,87400
20240110,09:30:47,0.8,400,87400
20240110,09:30:48,0.8,50,87400
20240110,09:31:03,0.8,50,87400
20240110,09:31:18,0.85,50,87400
20240110,09:31:21,0.8,250,87400
20240110,09:31:23,0.8,550,87400
20240110,09:31:33,0.8,50,87400
20240110,09:32:05,0.8,50,87400
20240110,09:33:35,0.75,50,87550
20240110,09:33:41,0.75,50,87550
20240110,09:33:44,0.75,150,87550
20240110,09:34:30,0.7,1550,87550
20240110,09:34:34,0.7,250,87550
20240110,09:34:42,0.65,600,87550
20240110,09:35:04,0.65,300,87550
20240110,09:35:51,0.7,150,87550
20240110,09:36:17,0.7,50,89150
20240110,09:36:41,0.7,1450,89150
20240110,09:36:42,0.7,450,89150
20240110,09:36:48,0.7,50,89150
20240110,09:37:03,0.7,250,89150
20240110,09:37:04,0.7,400,89150
20240110,09:37:57,0.7,600,89150
20240110,09:40:53,0.7,50,89150
20240110,09:41:09,0.65,1450,88850
20240110,09:41:14,0.65,350,88850
20240110,09:41:16,0.65,50,88850
20240110,09:41:24,0.7,100,88850
20240110,09:42:37,0.7,50,88850
20240110,09:42:55,0.7,100,89750
20240110,09:46:28,0.6,50,89850
20240110,09:46:48,0.6,50,89850
20240110,09:47:12,0.6,250,89850
20240110,09:47:14,0.6,1500,89850
20240110,09:47:53,0.65,50,89850
20240110,09:50:28,0.65,50,91700
20240110,09:51:50,0.65,900,91700
20240110,09:52:11,0.6,300,91750
20240110,09:53:28,0.65,50,91750
20240110,09:55:13,0.65,50,91750
20240110,09:55:44,0.6,950,92100
20240110,09:56:03,0.65,50,92100
20240110,09:58:52,0.65,50,92100
20240110,10:01:34,0.65,500,93050
20240110,10:02:14,0.65,150,93100
20240110,10:02:15,0.65,100,93100
20240110,10:02:31,0.65,1000,93100
20240110,10:02:32,0.65,50,93100
20240110,10:02:35,0.65,50,93450
20240110,10:03:08,0.65,50,93450
20240110,10:03:31,0.65,200,93450
20240110,10:04:15,0.65,200,93450
20240110,10:05:40,0.65,300,93450
20240110,10:06:06,0.65,50,93350
20240110,10:06:10,0.65,100,93350
20240110,10:06:11,0.65,100,93350
20240110,10:06:36,0.65,50,93350
20240110,10:06:40,0.65,50,93350
20240110,10:06:45,0.65,50,93350
20240110,10:06:46,0.65,300,93350
20240110,10:07:21,0.65,50,93350
20240110,10:11:26,0.6,250,93200
20240110,10:12:34,0.65,400,93200
20240110,10:12:46,0.6,50,93450
20240110,10:12:57,0.65,50,93450
20240110,10:12:59,0.65,450,93450
20240110,10:13:05,0.65,150,93450
20240110,10:13:06,0.65,100,93450
20240110,10:13:13,0.6,100,93450
20240110,10:14:04,0.6,50,93450
20240110,10:14:07,0.65,50,93450
20240110,10:14:43,0.65,50,93700
20240110,10:15:05,0.6,50,93700
20240110,10:17:28,0.6,250,93700
20240110,10:17:29,0.6,300,93700
20240110,10:17:30,0.6,250,93700
20240110,10:17:34,0.6,4600,93700
20240110,10:18:50,0.6,250,95500
20240110,10:18:51,0.6,250,95500
20240110,10:18:53,0.6,300,95500
20240110,10:18:54,0.6,50,95500
20240110,10:18:58,0.6,50,95500
20240110,10:19:00,0.6,50,95500
20240110,10:19:01,0.6,50,95500
20240110,10:19:06,0.6,100,95500
20240110,10:20:07,0.55,750,95500
20240110,10:20:08,0.55,50,95500
20240110,10:21:07,0.55,50,96050
20240110,10:21:19,0.55,50,96050
20240110,10:22:12,0.55,50,96050
20240110,10:22:26,0.55,950,96050
20240110,10:22:28,0.55,50,96050
20240110,10:22:29,0.55,50,96050
20240110,10:22:31,0.55,50,96050
20240110,10:22:32,0.55,50,96050
20240110,10:22:35,0.55,50,96050
20240110,10:22:37,0.55,50,96050
20240110,10:22:40,0.55,50,96050
20240110,10:22:49,0.55,450,96050
20240110,10:22:57,0.55,50,96050
20240110,10:23:11,0.55,100,96050
20240110,10:23:39,0.5,100,96800
20240110,10:23:59,0.5,250,96800
20240110,10:24:53,0.5,600,96800
20240110,10:25:11,0.55,50,96800
20240110,10:26:43,0.55,1900,96450
20240110,10:26:47,0.55,50,96450
20240110,10:26:55,0.55,50,96450
20240110,10:27:14,0.55,50,96450
20240110,10:28:31,0.55,250,96450
20240110,10:28:32,0.55,150,96450
20240110,10:29:05,0.55,50,96450
20240110,10:29:06,0.55,50,96450
20240110,10:29:48,0.55,50,97100
20240110,10:29:49,0.55,100,97100
20240110,10:30:00,0.55,50,97100
20240110,10:30:25,0.55,50,97100
20240110,10:30:51,0.55,300,97100
20240110,10:31:27,0.55,50,97100
20240110,10:31:29,0.55,250,97100
20240110,10:32:00,0.55,50,97100
20240110,10:32:17,0.55,50,97100
20240110,10:33:00,0.55,50,97100
20240110,10:33:11,0.55,250,97200
20240110,10:33:14,0.5,300,97200
20240110,10:33:14,0.55,250,97200
20240110,10:33:46,0.55,100,97200
20240110,10:33:53,0.5,50,97200
20240110,10:34:07,0.55,350,97200
20240110,10:34:25,0.55,250,97200
20240110,10:34:42,0.5,1800,97200
20240110,10:35:00,0.55,2050,97200
20240110,10:35:02,0.5,50,97200
20240110,10:36:36,0.5,350,97200
20240110,10:36:45,0.5,200,97000
20240110,10:38:00,0.55,50,97000
20240110,10:38:42,0.5,50,97250
20240110,10:40:34,0.45,700,97250
20240110,10:40:35,0.5,50,97250
20240110,10:41:58,0.5,100,96800
20240110,10:43:26,0.5,50,96800
20240110,10:43:27,0.5,50,96800
20240110,10:49:12,0.55,400,96800
20240110,10:49:17,0.55,300,96950
20240110,10:49:25,0.55,450,96950
20240110,10:49:31,0.55,250,96950
20240110,10:49:40,0.55,350,96950
20240110,10:49:46,0.5,750,96950
20240110,10:51:16,0.55,500,95100
20240110,10:51:18,0.55,50,95100
20240110,10:51:34,0.55,50,95100
20240110,10:51:46,0.55,400,95100
20240110,10:51:48,0.55,50,95100
20240110,10:51:56,0.55,50,95100
20240110,10:52:20,0.55,150,95100
20240110,10:52:33,0.55,50,95100
20240110,10:52:41,0.55,50,95100
20240110,10:52:44,0.55,50,95100
20240110,10:52:47,0.55,50,95100
20240110,10:52:51,0.55,250,95100
20240110,10:53:11,0.55,50,95100
20240110,10:53:31,0.55,350,95100
20240110,10:54:34,0.55,1700,95100
20240110,10:58:24,0.55,100,94800
20240110,11:00:54,0.55,100,94550
20240110,11:00:55,0.55,100,94650
20240110,11:01:50,0.55,100,94650
20240110,11:02:02,0.55,50,94650
20240110,11:03:34,0.5,50,94350
20240110,11:03:49,0.55,250,94350
20240110,11:03:59,0.5,50,94350
20240110,11:05:00,0.5,1000,94350
20240110,11:05:33,0.55,50,94350
20240110,11:05:42,0.5,50,94350
20240110,11:07:12,0.55,50,93950
20240110,11:08:55,0.5,50,93950
20240110,11:09:42,0.55,50,93950
20240110,11:10:46,0.5,50,93950
20240110,11:12:46,0.5,250,93950
20240110,11:14:35,0.55,650,93850
20240110,11:15:06,0.5,550,93350
20240110,11:15:28,0.55,50,93350
20240110,11:15:30,0.5,50,93350
20240110,11:15:59,0.55,50,93350
20240110,11:19:56,0.55,50,93200
20240110,11:20:26,0.55,1850,93200
20240110,11:20:34,0.6,50,93200
20240110,11:20:35,0.55,50,93200
20240110,11:21:10,0.55,300,91900
20240110,11:21:35,0.55,350,91900
20240110,11:21:40,0.55,50,91900
20240110,11:22:17,0.55,50,91900
20240110,11:22:28,0.55,400,91900
20240110,11:22:34,0.6,50,91900
20240110,11:22:51,0.55,50,91900
20240110,11:22:53,0.55,300,91900
20240110,11:23:03,0.55,50,91900
20240110,11:23:06,0.55,50,91900
20240110,11:23:20,0.6,50,91900
20240110,11:23:41,0.55,50,91900
20240110,11:23:59,0.55,100,91900
20240110,11:24:12,0.55,100,91800
20240110,11:24:30,0.55,50,91800
20240110,11:25:29,0.55,100,91800
20240110,11:26:04,0.55,100,91800
20240110,11:26:09,0.6,50,91800
20240110,11:27:19,0.55,50,91800
20240110,11:29:06,0.55,600,91750
20240110,11:29:19,0.55,250,91750
20240110,11:31:13,0.55,150,91750
20240110,11:31:15,0.55,50,92500
20240110,11:31:36,0.55,700,92500
20240110,11:32:39,0.55,250,92500
20240110,11:33:20,0.55,1300,93450
20240110,11:33:21,0.5,250,93450
20240110,11:33:53,0.55,50,93450
20240110,11:34:22,0.5,500,93450
20240110,11:35:10,0.55,50,93450
20240110,11:39:15,0.55,150,93450
20240110,11:40:14,0.6,1000,94000
20240110,11:41:58,0.55,250,93150
20240110,11:42:00,0.55,50,93150
20240110,11:42:11,0.55,50,93150
20240110,11:42:39,0.55,50,93150
20240110,11:42:42,0.55,50,93150
20240110,11:44:59,0.55,450,93350
20240110,11:45:04,0.55,50,93350
20240110,11:45:10,0.55,250,93350
20240110,11:46:13,0.55,50,93350
20240110,11:47:02,0.55,50,93350
20240110,11:47:13,0.55,50,93350
20240110,11:47:53,0.55,50,94100
20240110,11:48:11,0.5,100,94100
20240110,11:48:55,0.55,50,94100
20240110,11:49:17,0.55,50,94100
20240110,11:51:47,0.55,50,93950
20240110,11:53:08,0.55,50,93950
20240110,11:53:10,0.55,50,93950
20240110,11:56:03,0.55,50,93900
20240110,11:59:21,0.55,50,93900
20240110,12:05:04,0.55,50,93900
20240110,12:05:36,0.6,250,93900
20240110,12:05:55,0.6,400,93900
20240110,12:05:56,0.6,200,93600
20240110,12:05:58,0.6,50,93600
20240110,12:06:07,0.6,50,93600
20240110,12:06:16,0.6,50,93600
20240110,12:06:33,0.55,100,93600
20240110,12:07:21,0.6,50,93600
20240110,12:07:22,0.6,50,93600
20240110,12:09:29,0.65,50,93050
20240110,12:09:41,0.65,50,93050
20240110,12:10:37,0.6,50,93050
20240110,12:10:41,0.6,50,93050
20240110,12:10:43,0.6,50,93050
20240110,12:13:24,0.6,50,93050
20240110,12:13:26,0.6,100,92900
20240110,12:14:41,0.6,300,92900
20240110,12:14:42,0.6,50,92900
20240110,12:14:45,0.6,750,92900
20240110,12:14:49,0.6,50,92900
20240110,12:14:52,0.6,50,92900
20240110,12:14:53,0.6,50,92800
20240110,12:15:11,0.6,50,92800
20240110,12:16:59,0.6,350,92800
20240110,12:20:02,0.6,50,92800
20240110,12:26:42,0.55,300,92800
20240110,12:27:30,0.55,50,92800
20240110,12:32:14,0.55,50,93000
20240110,12:33:51,0.6,50,93000
20240110,12:34:00,0.6,300,93000
20240110,12:37:02,0.55,500,92800
20240110,12:41:19,0.55,250,93100
20240110,12:41:39,0.55,50,93100
20240110,12:41:48,0.6,250,93100
20240110,12:42:19,0.6,50,93000
20240110,12:43:12,0.6,50,93000
20240110,12:43:16,0.6,150,93000
20240110,12:44:54,0.6,50,93000
20240110,12:45:08,0.65,100,93000
20240110,12:45:22,0.65,400,93000
20240110,12:45:51,0.7,400,93000
20240110,12:45:56,0.65,450,93000
20240110,12:46:13,0.6,150,93000
20240110,12:46:36,0.65,300,93000
20240110,12:46:37,0.65,150,93000
20240110,12:46:38,0.65,200,93000
20240110,12:46:46,0.65,50,93000
20240110,12:47:07,0.65,50,93000
20240110,12:47:13,0.65,250,93000
20240110,12:47:14,0.65,300,93000
20240110,12:47:43,0.65,50,93000
20240110,12:47:50,0.65,250,93000
20240110,12:47:51,0.65,50,93000
20240110,12:48:36,0.6,250,92700
20240110,12:48:55,0.65,150,92700
20240110,12:48:59,0.6,400,92700
20240110,12:49:04,0.65,2550,92700
20240110,12:49:07,0.6,100,92700
20240110,12:49:10,0.6,50,92700
20240110,12:49:13,0.6,50,92700
20240110,12:49:16,0.6,350,92700
20240110,12:49:20,0.6,50,92700
20240110,12:50:02,0.6,50,92700
20240110,12:50:07,0.6,50,92700
20240110,12:50:10,0.65,100,92700
20240110,12:50:50,0.6,550,92700
20240110,12:50:57,0.6,100,92700
20240110,12:51:01,0.6,300,93150
20240110,12:51:06,0.6,200,93150
20240110,12:53:00,0.6,50,93150
20240110,12:53:23,0.65,200,93150
20240110,12:54:06,0.6,50,93150
20240110,12:54:11,0.6,300,92850
20240110,12:54:33,0.6,50,92850
20240110,12:54:36,0.6,50,92850
20240110,12:59:37,0.6,50,93100
20240110,13:02:29,0.6,50,93100
20240110,13:02:43,0.6,250,93050
20240110,13:05:20,0.6,650,93050
20240110,13:07:18,0.6,950,93100
20240110,13:11:36,0.6,250,93650
20240110,13:12:52,0.55,250,93800
20240110,13:13:36,0.55,250,93550
20240110,13:16:25,0.55,250,93550
20240110,13:16:50,0.55,50,93550
20240110,13:16:53,0.55,50,93550
20240110,13:16:55,0.55,50,93550
20240110,13:17:25,0.55,50,93550
20240110,13:17:41,0.55,300,93550
20240110,13:17:56,0.55,50,93550
20240110,13:18:00,0.55,50,93550
20240110,13:18:01,0.55,150,93550
20240110,13:18:03,0.55,100,94200
20240110,13:21:03,0.55,500,94150
20240110,13:24:11,0.5,50,93650
20240110,13:28:23,0.5,300,93650
20240110,13:29:36,0.5,450,93650
20240110,13:34:42,0.55,100,93450
20240110,13:38:42,0.55,250,93350
20240110,13:38:43,0.55,100,93350
20240110,13:39:00,0.5,500,93350
20240110,13:39:24,0.5,350,92900
20240110,13:41:43,0.55,150,92900
20240110,13:41:51,0.55,150,92900
20240110,13:42:06,0.6,100,92900
20240110,13:42:08,0.55,250,92900
20240110,13:42:12,0.55,50,92600
20240110,13:43:39,0.5,250,92600
20240110,13:43:44,0.55,50,92600
20240110,13:43:48,0.55,150,92600
20240110,13:46:48,0.5,250,92950
20240110,13:48:08,0.55,250,92950
20240110,13:49:40,0.55,250,93200
20240110,13:50:15,0.55,100,93200
20240110,13:50:26,0.55,50,93200
20240110,13:50:30,0.55,50,93200
20240110,13:50:33,0.55,50,93200
20240110,13:50:36,0.55,50,93200
20240110,13:50:38,0.55,50,93200
20240110,13:51:40,0.5,1800,93200
20240110,13:51:51,0.55,50,92350
20240110,13:51:54,0.55,50,92350
20240110,13:51:56,0.55,50,92350
20240110,13:51:58,0.55,50,92350
20240110,13:51:59,0.55,50,92350
20240110,13:52:01,0.55,50,92350
20240110,13:52:03,0.55,50,92350
20240110,13:52:05,0.55,50,92350
20240110,13:52:11,0.55,50,92350
20240110,13:56:05,0.5,300,93700
20240110,13:56:26,0.5,1350,93700
20240110,13:56:33,0.5,300,93700
20240110,14:00:12,0.5,300,92400
20240110,14:00:18,0.4,4100,92400
20240110,14:00:18,0.4,100,92400
20240110,14:02:46,0.4,600,92400
20240110,14:11:20,0.45,250,88600
20240110,14:12:30,0.45,250,88600
20240110,14:13:12,0.45,350,88600
20240110,14:13:13,0.45,250,88600
20240110,14:14:39,0.5,50,88600
20240110,14:15:10,0.4,50,88600
20240110,14:17:13,0.4,250,88600
20240110,14:19:32,0.4,300,88950
20240110,14:19:34,0.4,450,88950
20240110,14:23:07,0.4,550,89400
20240110,14:24:01,0.4,500,89400
20240110,14:24:25,0.4,50,89400
20240110,14:26:39,0.35,450,89400
20240110,14:27:43,0.35,450,89400
20240110,14:35:57,0.35,1400,89400
20240110,14:38:50,0.4,100,89000
20240110,14:42:01,0.4,300,88500
20240110,14:44:02,0.4,50,88200
20240110,14:45:40,0.3,250,88200
20240110,14:45:41,0.3,750,88200
20240110,14:45:42,0.3,50,88200
20240110,14:45:45,0.35,600,88200
20240110,14:45:50,0.35,600,88200
20240110,14:45:54,0.35,550,88200
20240110,14:46:04,0.3,250,88200
20240110,14:46:37,0.3,550,88200
20240110,14:46:49,0.3,50,88200
20240110,14:46:55,0.35,250,88200
20240110,14:47:34,0.35,4600,88200
20240110,14:47:35,0.35,250,88200
20240110,14:47:39,0.35,800,88200
20240110,14:47:42,0.35,500,88200
20240110,14:47:44,0.35,100,88200
20240110,14:48:42,0.35,300,90150
20240110,14:49:22,0.35,250,90150
20240110,14:49:26,0.35,750,90150
20240110,14:49:48,0.35,50,90150
20240110,14:49:50,0.35,100,90150
20240110,14:50:05,0.35,2250,90150
20240110,14:50:07,0.35,350,90150
20240110,14:52:30,0.4,250,88500
20240110,14:52:36,0.4,50,88500
20240110,14:58:55,0.35,250,88500
20240110,14:59:28,0.35,1450,88550
20240110,15:00:31,0.35,50,88550
20240110,15:01:23,0.35,1600,88550
20240110,15:01:31,0.35,250,88550
20240110,15:01:36,0.35,300,88550
20240110,15:01:36,0.4,750,88550
20240110,15:01:37,0.35,300,88550
20240110,15:01:43,0.35,450,88550
20240110,15:04:51,0.3,300,88600
20240110,15:04:54,0.3,1200,88600
20240110,15:05:14,0.25,150,88600
20240110,15:05:34,0.25,250,88600
20240110,15:07:58,0.35,1000,87250
20240110,15:08:01,0.35,600,87250
20240110,15:09:16,0.4,600,87250
20240110,15:09:17,0.4,700,87250
20240110,15:09:29,0.3,2450,87150
20240110,15:09:36,0.3,2800,87150
20240110,15:09:41,0.3,2800,87150
20240110,15:09:58,0.3,500,87150
20240110,15:09:59,0.3,1800,87150
20240110,15:10:03,0.3,1900,87150
20240110,15:10:06,0.3,1350,87150
20240110,15:14:43,0.3,500,87150
20240110,15:15:01,0.25,150,87000
20240110,15:15:03,0.25,1800,87000
20240110,15:15:43,0.25,150,88800
20240110,15:15:43,0.25,1800,88800
20240110,15:15:56,0.25,50,88800
20240110,15:15:58,0.25,1000,88800
20240110,15:16:45,0.3,500,88800
20240110,15:18:21,0.3,2650,88800
20240110,15:22:42,0.25,850,86850
20240110,15:24:35,0.25,150,85100
20240110,15:25:06,0.25,450,85050
20240110,15:25:09,0.3,100,85050
20240110,15:25:22,0.25,2050,85050
20240110,15:25:46,0.3,50,85050
20240110,15:26:26,0.3,150,85050
20240110,15:27:09,0.3,50,85050
20240110,15:27:30,0.3,50,85050
20240110,15:28:50,0.3,50,82950
20240110,15:29:31,0.2,50,82950
20240110,15:29:32,0.2,200,82950
20240111,09:15:02,0.2,1,82800
20240111,09:15:02,0.2,750,82800
20240111,09:15:03,0.3,500,82800
20240111,09:15:05,0.3,1100,82800
20240111,09:15:06,0.3,100,82800
20240111,09:15:09,0.25,100,82800
20240111,09:15:26,0.25,50,82800
20240111,09:15:36,0.2,1350,82800
20240111,09:15:51,0.2,300,82800
20240111,09:15:54,0.2,150,82800
20240111,09:16:04,0.25,250,82800
20240111,09:16:13,0.2,1300,82800
20240111,09:16:16,0.25,50,82800
20240111,09:17:13,0.2,50,82800
20240111,09:18:23,0.25,500,82800
20240111,09:18:36,0.2,150,86250
20240111,09:18:40,0.15,150,86250
20240111,09:18:42,0.15,100,86250
20240111,09:18:48,0.2,50,86250
20240111,09:18:48,0.2,100,86250
20240111,09:18:49,0.2,300,86250
20240111,09:19:05,0.2,1100,86250
20240111,09:19:07,0.2,150,86250
20240111,09:19:09,0.2,50,86250
20240111,09:19:11,0.2,100,86250
20240111,09:19:20,0.2,50,86250
20240111,09:19:48,0.2,50,86250
20240111,09:19:53,0.2,700,86250
20240111,09:19:54,0.2,750,86250
20240111,09:20:02,0.2,650,86250
20240111,09:20:04,0.2,250,86250
20240111,09:21:03,0.25,100,86250
20240111,09:21:20,0.2,200,86550
20240111,09:21:24,0.2,900,86550
20240111,09:21:26,0.2,900,86550
20240111,09:21:38,0.2,2850,86550
20240111,09:21:43,0.2,150,86550
20240111,09:22:23,0.25,1800,86550
20240111,09:23:51,0.25,100,86550
20240111,09:24:02,0.2,900,86650
20240111,09:24:03,0.2,1800,86650
20240111,09:24:06,0.2,100,86650
20240111,09:24:06,0.2,1000,86650
20240111,09:24:54,0.2,100,86650
20240111,09:24:56,0.2,1000,86650
20240111,09:24:56,0.2,2150,86650
20240111,09:25:49,0.2,100,86650
20240111,09:27:37,0.25,50,90200
20240111,09:28:31,0.2,150,90200
20240111,09:28:32,0.2,100,90200
20240111,09:28:34,0.2,2800,90200
20240111,09:28:50,0.2,1700,90200
20240111,09:29:03,0.2,3500,90200
20240111,09:29:03,0.2,1650,90200
20240111,09:31:02,0.15,50,90950
20240111,09:31:36,0.15,250,90950
20240111,09:31:41,0.2,50,90950
20240111,09:31:44,0.15,100,90950
20240111,09:31:45,0.15,600,90950
20240111,09:32:16,0.15,100,90950
20240111,09:32:20,0.15,100,90950
20240111,09:32:35,0.15,100,90950
20240111,09:32:43,0.15,50,90800
20240111,09:33:42,0.15,50,90800
20240111,09:35:15,0.15,50,90800
20240111,09:35:20,0.15,100,90800
20240111,09:35:27,0.2,300,90800
20240111,09:35:50,0.2,250,90900
20240111,09:35:50,0.2,700,90900
20240111,09:35:52,0.2,1800,90900
20240111,09:36:01,0.2,450,90900
20240111,09:36:20,0.2,250,90900
20240111,09:36:42,0.15,11700,90900
20240111,09:37:18,0.15,500,90900
20240111,09:37:41,0.15,50,90900
20240111,09:37:48,0.15,100,90900
20240111,09:37:52,0.15,100,90900
20240111,09:40:28,0.2,50,101800
20240111,09:43:06,0.15,50,101850
20240111,09:43:46,0.15,50,101850
20240111,09:44:22,0.2,100,101850
20240111,09:44:47,0.2,50,101950
20240111,09:48:06,0.15,50,101950
20240111,09:50:28,0.2,1500,102000
20240111,09:50:31,0.2,300,102050
20240111,09:50:55,0.2,50,102050
20240111,09:51:14,0.2,1500,102050
20240111,09:52:27,0.2,650,102050
20240111,09:53:14,0.15,650,102050
20240111,09:53:29,0.15,1800,102050
20240111,09:53:31,0.15,1800,102350
20240111,09:53:33,0.15,1800,102350
20240111,09:54:37,0.15,5700,102350
20240111,09:54:40,0.15,600,102350
20240111,09:54:42,0.15,50,102350
20240111,09:55:06,0.2,1300,102350
20240111,09:55:34,0.2,50,102350
20240111,09:55:35,0.15,3600,102350
20240111,09:55:36,0.15,2250,102350
20240111,09:55:39,0.15,1300,102350
20240111,09:55:42,0.15,700,102350
20240111,09:55:43,0.1,1800,102350
20240111,09:55:46,0.1,1800,102350
20240111,09:56:43,0.15,3600,105550
20240111,09:56:44,0.15,2200,105550
20240111,09:56:45,0.15,100,105550
20240111,09:58:09,0.15,750,105550
20240111,09:58:33,0.15,400,105550
20240111,09:58:34,0.15,250,105550
20240111,09:58:35,0.15,50,105550
20240111,09:58:37,0.15,50,105550
20240111,09:59:00,0.15,50,105550
20240111,09:59:03,0.15,50,105550
20240111,09:59:06,0.15,250,105550
20240111,09:59:12,0.15,250,105550
20240111,09:59:17,0.15,300,105550
20240111,09:59:18,0.15,50,105550
20240111,09:59:20,0.15,250,105550
20240111,09:59:23,0.15,300,105550
20240111,09:59:31,0.15,300,96650
20240111,09:59:40,0.15,50,96650
20240111,09:59:41,0.15,50,96650
20240111,09:59:59,0.15,50,96650
20240111,10:00:08,0.15,250,96650
20240111,10:02:19,0.15,50,96650
20240111,10:02:20,0.15,50,96650
20240111,10:02:22,0.15,50,96650
20240111,10:02:24,0.15,50,96650
20240111,10:02:25,0.15,50,96650
20240111,10:02:27,0.15,50,96650
20240111,10:02:37,0.15,50,95800
20240111,10:02:52,0.15,350,95800
20240111,10:08:11,0.15,250,95800
20240111,10:08:42,0.15,250,95200
20240111,10:10:41,0.15,300,95200
20240111,10:11:25,0.15,750,95200
20240111,10:13:22,0.15,50,94950
20240111,10:13:41,0.15,50,94950
20240111,10:14:06,0.15,50,94950
20240111,10:14:24,0.15,50,94950
20240111,10:15:00,0.15,50,94950
20240111,10:15:01,0.15,50,94950
20240111,10:15:53,0.15,250,94950
20240111,10:16:31,0.15,300,94950
20240111,10:18:45,0.15,1800,94950
20240111,10:18:47,0.15,1150,94400
20240111,10:20:02,0.15,350,94400
20240111,10:20:32,0.15,1800,94400
20240111,10:24:21,0.1,1850,97350
20240111,10:24:54,0.15,50,97350
20240111,10:24:59,0.1,2050,97350
20240111,10:25:02,0.15,250,97350
20240111,10:25:11,0.1,2050,97350
20240111,10:25:46,0.1,1850,97350
20240111,10:25:49,0.15,50,97350
20240111,10:25:53,0.1,1850,97350
20240111,10:25:56,0.15,50,97350
20240111,10:26:05,0.15,250,97350
20240111,10:26:14,0.15,50,97350
20240111,10:26:39,0.15,350,87900
20240111,10:26:40,0.15,250,87900
20240111,10:26:46,0.15,250,87900
20240111,10:26:50,0.1,1800,87900
20240111,10:26:52,0.1,1800,87900
20240111,10:26:55,0.15,1800,87900
20240111,10:27:12,0.15,50,87900
20240111,10:27:35,0.15,50,87900
20240111,10:27:37,0.15,50,87900
20240111,10:29:14,0.15,250,87900
20240111,10:29:20,0.15,50,87900
20240111,10:29:22,0.1,1850,87900
20240111,10:29:25,0.1,1850,87900
20240111,10:29:30,0.15,50,87900
20240111,10:29:48,0.15,50,87900
20240111,10:29:55,0.15,50,83650
20240111,10:30:10,0.1,1850,83650
20240111,10:30:32,0.1,1800,83650
20240111,10:30:34,0.1,1800,83650
20240111,10:30:36,0.1,1800,83650
20240111,10:30:38,0.1,1800,83650
20240111,10:30:42,0.1,1800,83650
20240111,10:30:45,0.1,1800,83650
20240111,10:30:47,0.1,1800,83650
20240111,10:30:49,0.1,1800,83650
20240111,10:30:54,0.15,100,83650
20240111,10:30:57,0.1,1800,83650
20240111,10:31:01,0.1,1800,83650
20240111,10:31:02,0.15,50,83650
20240111,10:31:08,0.15,50,83650
20240111,10:31:17,0.15,50,83650
20240111,10:31:41,0.15,50,83650
20240111,10:32:24,0.1,50,83650
20240111,10:33:12,0.15,50,83650
20240111,10:33:13,0.15,50,83650
20240111,10:33:17,0.15,50,83650
20240111,10:38:39,0.15,550,83650
20240111,10:39:11,0.15,250,83650
20240111,10:39:14,0.15,300,83650
20240111,10:39:29,0.15,250,83650
20240111,10:39:43,0.15,900,83650
20240111,10:39:47,0.15,150,83650
20240111,10:39:48,0.15,350,83650
20240111,10:39:49,0.15,250,83650
20240111,10:40:31,0.15,250,83650
20240111,10:40:32,0.15,250,83650
20240111,10:40:44,0.1,150,83650
20240111,10:42:02,0.1,5400,83650
20240111,10:43:12,0.1,1800,83650
20240111,10:43:17,0.1,50,83650
20240111,10:43:17,0.1,1800,83650
20240111,10:43:22,0.1,1800,83650
20240111,10:43:23,0.1,1800,83650
20240111,10:43:24,0.1,1800,83650
20240111,10:43:25,0.1,350,83650
20240111,10:43:26,0.1,3600,83650
20240111,10:43:27,0.1,1550,83650
20240111,10:43:28,0.1,150,83650
20240111,10:43:29,0.1,250,83650
20240111,10:45:02,0.15,50,83650
20240111,10:45:03,0.15,1000,83650
20240111,10:49:48,0.15,400,84700
20240111,10:50:41,0.15,350,85100
20240111,10:50:52,0.15,1050,85100
20240111,10:53:16,0.1,500,85100
20240111,10:54:32,0.15,500,85100
20240111,10:55:14,0.15,2500,86500
20240111,10:55:23,0.15,150,86500
20240111,10:55:31,0.1,50,86500
20240111,10:56:29,0.15,50,86500
20240111,10:56:54,0.15,250,88000
20240111,10:57:05,0.15,250,88000
20240111,10:57:12,0.1,1500,88000
20240111,10:57:14,0.15,50,88000
20240111,10:57:41,0.15,900,88000
20240111,10:58:05,0.15,750,88000
20240111,10:58:06,0.1,500,88000
20240111,10:58:15,0.15,50,88000
20240111,10:58:17,0.15,1200,88000
20240111,10:59:50,0.15,200,85500
20240111,10:59:57,0.1,50,85500
20240111,11:00:05,0.15,1000,85500
20240111,11:00:33,0.1,50,85500
20240111,11:01:20,0.15,450,85500
20240111,11:01:22,0.15,50,85500
20240111,11:03:02,0.1,50,85500
20240111,11:03:03,0.1,250,85500
20240111,11:03:04,0.1,150,85500
20240111,11:03:10,0.15,250,85500
20240111,11:03:11,0.15,250,85500
20240111,11:05:26,0.1,1800,85500
20240111,11:05:27,0.1,1800,85500
20240111,11:05:28,0.1,1800,85500
20240111,11:05:30,0.1,1800,85500
20240111,11:05:31,0.1,1800,85500
20240111,11:05:32,0.1,1800,85500
20240111,11:05:33,0.1,1800,85500
20240111,11:05:34,0.1,1800,85500
20240111,11:05:35,0.1,1800,85500
20240111,11:05:36,0.1,1800,85500
20240111,11:06:02,0.1,50,85500
20240111,11:13:34,0.15,4200,80000
20240111,11:13:43,0.1,4200,80000
20240111,11:13:44,0.1,250,80000
20240111,11:13:48,0.1,1800,80000
20240111,11:13:51,0.1,1500,80000
20240111,11:17:26,0.15,50,78100
20240111,11:17:56,0.1,500,78100
20240111,11:17:57,0.1,500,78100
20240111,11:17:59,0.1,1800,78100
20240111,11:18:05,0.1,1000,78100
20240111,11:18:33,0.15,500,78100
20240111,11:26:15,0.15,600,78100
20240111,11:26:17,0.15,550,75550
20240111,11:26:26,0.15,250,75550
20240111,11:26:27,0.15,350,75550
20240111,11:28:21,0.15,300,75550
20240111,11:28:51,0.15,300,75550
20240111,11:28:52,0.15,1300,75550
20240111,11:30:01,0.15,250,74250
20240111,11:30:12,0.15,400,74250
20240111,11:30:20,0.15,250,74250
20240111,11:34:48,0.15,50,74250
20240111,11:39:58,0.15,50,74000
20240111,11:40:21,0.1,50,74000
20240111,11:40:36,0.15,2100,74000
20240111,11:40:37,0.15,6850,74000
20240111,11:40:38,0.15,900,74000
20240111,11:40:39,0.15,900,74000
20240111,11:40:41,0.15,1100,74000
20240111,11:41:21,0.15,400,74000
20240111,11:41:25,0.15,200,74000
20240111,11:41:33,0.15,400,74000
20240111,11:41:39,0.15,50,74000
20240111,11:43:31,0.15,50,74000
20240111,11:43:45,0.15,450,61100
20240111,11:43:47,0.15,350,61100
20240111,11:47:29,0.1,7200,60250
20240111,11:51:31,0.1,50,60250
20240111,11:52:11,0.15,300,60250
20240111,11:52:38,0.15,1700,60250
20240111,11:53:08,0.15,1800,60250
20240111,11:53:46,0.15,50,60250
20240111,11:57:53,0.15,50,57500
20240111,11:58:00,0.15,50,57500
20240111,11:58:04,0.15,1200,57500
20240111,12:00:07,0.15,750,57500
20240111,12:00:42,0.1,50,56200
20240111,12:03:08,0.15,100,56200
20240111,12:03:50,0.1,100,56000
20240111,12:05:21,0.15,100,56000
20240111,12:05:55,0.1,50,56000
20240111,12:10:15,0.15,50,56000
20240111,12:14:22,0.1,700,56000
20240111,12:14:51,0.15,50,56000
20240111,12:15:10,0.15,50,56000
20240111,12:15:28,0.1,50,56000
20240111,12:15:41,0.15,50,56000
20240111,12:19:51,0.15,50,56000
20240111,12:20:10,0.1,50,56000
20240111,12:20:33,0.1,100,56000
20240111,12:21:01,0.1,250,56000
20240111,12:21:26,0.1,50,56000
20240111,12:21:56,0.1,800,56000
20240111,12:21:59,0.1,150,56000
20240111,12:22:51,0.1,300,56000
20240111,12:23:02,0.1,850,56000
20240111,12:23:10,0.1,50,56000
20240111,12:26:32,0.15,150,56000
20240111,12:31:21,0.15,50,56000
20240111,12:32:53,0.1,50,56000
20240111,12:33:49,0.15,50,56000
20240111,12:33:52,0.1,50,56000
20240111,12:35:57,0.1,50,56000
20240111,12:37:18,0.1,500,56000
20240111,12:37:55,0.1,950,56000
20240111,12:37:55,0.1,350,56000
20240111,12:40:55,0.1,100,56000
20240111,12:40:56,0.1,100,56500
20240111,12:40:57,0.1,50,56500
20240111,12:40:59,0.1,100,56500
20240111,12:41:00,0.1,250,56500
20240111,12:44:48,0.1,250,56500
20240111,12:45:31,0.1,450,56550
20240111,12:48:33,0.1,1000,56550
20240111,12:48:37,0.1,1200,56550
20240111,12:48:37,0.1,3000,56550
20240111,12:48:38,0.1,50,56550
20240111,12:48:40,0.1,50,56550
20240111,12:49:11,0.1,100,56550
20240111,12:50:10,0.1,600,56550
20240111,12:55:54,0.1,100,56550
20240111,12:56:01,0.05,1000,51900
20240111,12:56:01,0.05,700,51900
20240111,12:56:02,0.1,100,51900
20240111,12:56:03,0.05,50,51900
20240111,12:56:11,0.1,100,51900
20240111,12:56:23,0.1,1050,51900
20240111,12:56:46,0.1,50,51900
20240111,12:56:49,0.1,100,51900
20240111,12:56:51,0.1,100,51900
20240111,12:56:59,0.1,100,50400
20240111,12:57:04,0.1,50,50400
20240111,12:57:09,0.1,50,50400
20240111,12:57:24,0.1,200,50400
20240111,12:58:51,0.05,200,50400
20240111,12:59:01,0.1,300,50400
20240111,12:59:25,0.1,150,50400
20240111,13:04:31,0.05,350,50400
20240111,13:05:19,0.1,1200,50300
20240111,13:16:55,0.1,50,50450
20240111,13:17:27,0.05,50,50450
20240111,13:18:12,0.1,1300,50450
20240111,13:18:34,0.05,700,50400
20240111,13:18:43,0.1,1350,50400
20240111,13:19:23,0.05,3000,50400
20240111,13:19:43,0.1,1450,50400
20240111,13:21:13,0.05,100,50400
20240111,13:21:16,0.1,50,49800
20240111,13:23:25,0.05,1050,49800
20240111,13:23:28,0.1,50,49800
20240111,13:25:33,0.1,50,49900
20240111,13:25:37,0.1,250,49900
20240111,13:29:45,0.05,50,49650
20240111,13:30:23,0.05,50,49650
20240111,13:31:45,0.1,50,49650
20240111,13:32:10,0.05,50,49650
20240111,13:34:40,0.1,50,49650
20240111,13:35:12,0.1,50,49650
20240111,13:43:16,0.05,50,49650
20240111,13:44:07,0.1,50,49650
20240111,13:47:17,0.1,50,49650
20240111,13:48:14,0.05,250,49650
20240111,13:48:46,0.05,250,49650
20240111,13:50:28,0.05,650,49650
20240111,13:50:29,0.05,250,49650
20240111,13:50:50,0.05,50,49650
20240111,13:50:51,0.05,800,49650
20240111,13:51:02,0.05,450,49650
20240111,13:51:24,0.05,1300,49650
20240111,13:52:50,0.1,50,49650
20240111,13:53:38,0.1,50,49650
20240111,13:53:48,0.05,50,49650
20240111,13:54:36,0.05,50,49650
20240111,13:56:37,0.05,250,49650
20240111,13:56:48,0.05,300,49650
20240111,13:58:50,0.1,2500,49650
20240111,14:01:44,0.05,250,49350
20240111,14:03:35,0.05,50,49350
20240111,14:06:05,0.05,50,49100
20240111,14:06:38,0.1,50,49100
20240111,14:06:49,0.05,4800,49100
20240111,14:07:06,0.05,1300,49100
20240111,14:08:51,0.05,250,49100
20240111,14:09:11,0.05,250,45400
20240111,14:09:27,0.05,300,45400
20240111,14:09:41,0.05,250,45400
20240111,14:10:25,0.05,250,45400
20240111,14:10:35,0.05,350,45400
20240111,14:11:04,0.05,550,45400
20240111,14:11:05,0.05,300,45400
20240111,14:11:38,0.05,250,45400
20240111,14:12:02,0.05,400,45400
20240111,14:12:13,0.1,1000,44900
20240111,14:12:19,0.05,300,44900
20240111,14:14:10,0.05,700,44900
20240111,14:14:11,0.05,250,44900
20240111,14:14:13,0.05,350,44900
20240111,14:14:14,0.05,250,44900
20240111,14:14:16,0.05,500,44900
20240111,14:14:18,0.05,50,44900
20240111,14:14:19,0.05,300,44900
20240111,14:14:21,0.05,300,44900
20240111,14:14:24,0.05,800,44900
20240111,14:14:24,0.05,300,44900
20240111,14:22:36,0.1,350,46600
20240111,14:22:38,0.1,300,46600
20240111,14:24:27,0.05,100,45950
20240111,14:25:14,0.05,50,45950
20240111,14:25:38,0.1,500,45950
20240111,14:25:40,0.1,50,45950
20240111,14:25:42,0.1,50,45950
20240111,14:25:43,0.1,50,45950
20240111,14:25:44,0.1,50,45950
20240111,14:25:45,0.1,100,45950
20240111,14:25:46,0.1,100,45950
20240111,14:25:47,0.1,100,45950
20240111,14:25:48,0.1,150,45950
20240111,14:25:50,0.1,50,45950
20240111,14:25:51,0.1,50,45950
20240111,14:25:52,0.1,50,45950
20240111,14:25:53,0.1,50,45950
20240111,14:25:54,0.1,50,45950
20240111,14:25:55,0.1,50,45950
20240111,14:25:56,0.1,150,45950
20240111,14:25:57,0.1,150,45950
20240111,14:25:58,0.1,150,45950
20240111,14:25:59,0.1,150,45950
20240111,14:26:10,0.1,50,45950
20240111,14:26:11,0.1,150,45950
20240111,14:26:12,0.1,150,45950
20240111,14:26:13,0.1,150,45950
20240111,14:26:14,0.1,150,45950
20240111,14:27:13,0.1,150,45950
20240111,14:27:14,0.1,150,45800
20240111,14:27:15,0.1,150,45800
20240111,14:27:16,0.1,150,45800
20240111,14:27:17,0.1,150,45800
20240111,14:27:18,0.1,150,45800
20240111,14:27:19,0.1,150,45800
20240111,14:27:28,0.1,50,45800
20240111,14:27:29,0.1,50,45800
20240111,14:28:09,0.1,50,45800
20240111,14:28:10,0.1,150,45800
20240111,14:28:11,0.1,150,45800
20240111,14:28:12,0.1,150,45800
20240111,14:28:13,0.1,150,45800
20240111,14:28:14,0.1,150,45800
20240111,14:28:15,0.1,150,45800
20240111,14:28:25,0.05,1200,45800
20240111,14:28:27,0.05,150,45800
20240111,14:28:38,0.05,300,45800
20240111,14:28:39,0.05,400,45800
20240111,14:28:53,0.05,100,45800
20240111,14:29:12,0.05,100,45800
20240111,14:30:02,0.05,100,45800
20240111,14:30:23,0.05,100,45800
20240111,14:30:51,0.05,100,43900
20240111,14:31:41,0.05,100,43900
20240111,14:36:53,0.05,1500,43900
20240111,14:36:54,0.05,250,43900
20240111,14:36:55,0.05,50,43900
20240111,14:36:58,0.05,350,43900
20240111,14:37:00,0.05,350,43900
20240111,14:37:48,0.05,850,43900
20240111,14:37:50,0.05,150,43900
20240111,14:37:54,0.05,150,43900
20240111,14:37:58,0.05,150,43900
20240111,14:38:17,0.05,150,43900
20240111,14:38:54,0.05,150,43900
20240111,14:38:56,0.05,150,43900
20240111,14:38:59,0.05,150,43900
20240111,14:41:22,0.05,450,43900
20240111,14:41:44,0.05,650,44050
20240111,14:41:46,0.05,550,44050
20240111,14:41:47,0.05,550,44050
20240111,14:41:48,0.05,500,44050
20240111,14:43:21,0.05,150,41350
20240111,14:46:17,0.1,250,41350
20240111,14:54:31,0.1,50,41100
20240111,14:54:41,0.05,150,41100
20240111,14:54:48,0.05,250,41100
20240111,14:55:03,0.05,300,41100
20240111,14:55:12,0.05,250,41100
20240111,14:55:18,0.05,150,41100
20240111,14:55:29,0.05,150,41100
20240111,14:55:45,0.05,150,41100
20240111,14:57:22,0.05,350,41100
20240111,14:57:23,0.05,150,41000
20240111,15:05:33,0.1,3600,41150
20240111,15:05:33,0.1,21400,41150
20240111,15:05:36,0.05,850,41150
20240111,15:05:43,0.05,250,41150
20240111,15:05:47,0.05,50,41150
20240111,15:06:03,0.05,50,41150
20240111,15:06:04,0.05,50,41150
20240111,15:06:05,0.05,200,41150
20240111,15:06:06,0.05,200,41150
20240111,15:06:07,0.05,200,41150
20240111,15:06:08,0.05,200,41150
20240111,15:06:09,0.05,200,41150
20240111,15:06:10,0.05,50,41150
20240111,15:06:11,0.05,50,41150
20240111,15:06:12,0.05,50,41150
20240111,15:06:13,0.05,50,41150
20240111,15:06:14,0.05,50,41150
20240111,15:06:15,0.05,200,61350
20240111,15:06:16,0.05,200,61350
20240111,15:06:17,0.05,200,61350
20240111,15:06:18,0.05,200,61350
20240111,15:06:19,0.05,200,61350
20240111,15:06:21,0.05,50,61350
20240111,15:06:22,0.05,50,61350
20240111,15:06:23,0.05,50,61350
20240111,15:06:24,0.05,50,61350
20240111,15:06:25,0.05,50,61350
20240111,15:06:26,0.05,50,61350
20240111,15:06:27,0.05,50,61350
20240111,15:06:28,0.05,50,61350
20240111,15:06:29,0.05,3600,61350
20240111,15:06:31,0.05,50,61350
20240111,15:06:32,0.05,100,61350
20240111,15:06:33,0.05,150,61350
20240111,15:06:34,0.05,150,61350
20240111,15:06:35,0.05,100,61350
20240111,15:06:47,0.05,50,61350
20240111,15:06:48,0.05,50,61350
20240111,15:07:32,0.05,1800,61350
20240111,15:07:33,0.05,1800,61350
20240111,15:07:34,0.05,500,61350
20240111,15:08:47,0.05,50,61350
20240111,15:12:19,0.05,50,61350
20240111,15:15:00,0.05,100,61850
20240111,15:17:05,0.05,50,61900
20240111,15:17:09,0.05,500,61900
20240111,15:20:12,0.05,400,62450
20240111,15:22:17,0.05,50,62850
20240111,15:23:43,0.05,400,62850
20240111,15:29:19,0.05,1850,62850
