date,time,tick_price,volume,open_interest
20240226,10:31:48,2.0,1500,2750
20240226,10:32:01,2.05,1000,2750
20240226,10:33:08,2.1,250,2750
20240226,10:46:53,2.1,250,2750
20240226,11:13:35,2.1,100,3000
20240226,11:17:32,2.1,100,3100
20240226,11:58:38,2.1,250,3200
20240226,12:02:28,2.1,250,3450
20240226,12:18:41,2.1,250,3700
20240226,12:21:51,2.1,50,3950
20240226,12:22:12,2.05,1000,3950
20240226,12:58:12,2.05,50,5000
20240226,13:32:52,2.5,1600,5000
20240226,13:34:09,2.5,1600,5000
20240226,13:36:06,1.85,250,5700
20240226,13:38:26,1.85,350,5700
20240226,13:47:11,1.9,250,5700
20240226,13:50:10,1.9,250,5700
20240226,13:51:54,1.9,50,5700
20240226,14:25:00,2.4,50,5750
20240226,14:30:03,2.25,450,5750
20240226,14:39:06,1.9,50,5750
20240226,14:52:57,2.4,50,5750
20240226,15:09:12,2.85,50,5750
20240226,15:11:13,2.85,50,5800
20240226,15:25:54,1.65,100,5750
20240226,15:27:43,1.65,50,5750
20240227,09:20:55,2.45,1,5700
20240227,09:20:55,2.45,50,5700
20240227,09:25:55,1.85,1250,5700
20240227,09:26:04,1.85,650,5700
20240227,10:21:18,2.0,500,5700
20240227,10:22:08,2.1,1000,6200
20240227,11:06:21,2.1,100,5700
20240227,11:34:56,1.8,100,5700
20240227,11:47:19,1.8,100,5700
20240227,11:47:59,2.2,200,5700
20240227,11:50:42,1.8,200,5700
20240227,11:56:51,2.4,1000,5700
20240227,11:58:24,2.4,400,5700
20240227,11:59:19,2.4,700,5700
20240227,12:00:30,2.4,50,5700
20240227,12:01:25,2.2,800,5800
20240227,12:02:23,2.1,550,5800
20240227,12:12:07,2.05,1400,6250
20240227,12:22:50,2.25,550,6250
20240227,13:03:29,2.5,50,5700
20240227,13:08:01,2.5,50,5750
20240227,14:26:49,2.4,150,5700
20240227,14:30:33,1.9,150,5700
20240227,15:13:04,2.4,450,5700
20240227,15:19:55,2.2,450,6150
20240227,15:28:02,1.8,100,5700
20240228,09:15:20,2.25,1,5700
20240228,09:15:20,2.25,50,5700
20240228,09:23:37,2.1,250,5700
20240228,10:06:33,1.9,1300,5850
20240228,10:10:43,1.75,50,5850
20240228,10:10:49,1.7,450,5850
20240228,10:13:25,1.7,450,6350
20240228,10:36:08,1.7,250,6350
20240228,10:56:45,1.65,250,6550
20240228,11:25:42,1.65,250,6800
20240228,11:26:39,2.1,50,6800
20240228,11:50:10,1.95,50,6850
20240228,12:19:13,2.25,50,6850
20240228,13:07:22,1.65,450,6850
20240228,13:13:01,2.1,2800,6850
20240228,13:13:07,1.95,450,6850
20240228,13:13:40,2.0,2800,8200
20240228,13:13:54,2.0,250,8200
20240228,13:14:50,2.0,250,8200
20240228,13:15:32,2.1,150,8200
20240228,13:20:37,1.65,5650,11050
20240228,13:21:09,1.95,5000,11050
20240228,13:31:00,1.9,50,12450
20240228,13:32:59,1.7,250,12500
20240228,13:35:02,2.15,5000,12550
20240228,13:35:09,1.85,250,12550
20240228,13:35:44,1.95,250,12550
20240228,13:37:14,1.95,50,12550
20240228,13:41:13,2.0,50,16700
20240228,13:41:21,2.0,200,16700
20240228,13:41:48,2.05,200,16700
20240228,13:46:02,2.0,200,16650
20240228,13:48:34,2.0,150,16550
20240228,13:49:30,2.0,850,16550
20240228,13:50:09,2.0,50,16400
20240228,13:50:43,2.05,600,16400
20240228,13:51:23,2.05,200,16400
20240228,14:00:21,2.05,100,16350
20240228,14:00:41,2.0,50,16350
20240228,14:00:47,2.05,50,16350
20240228,14:35:02,2.05,200,16400
20240228,14:35:36,1.95,50,16400
20240228,14:35:51,1.8,200,16400
20240228,14:40:32,1.85,50,16400
20240228,14:46:13,1.9,250,16450
20240228,14:52:49,1.85,50,16450
20240228,14:56:18,1.95,50,16450
20240228,14:59:58,1.8,50,16450
20240228,15:02:18,1.7,50,16450
20240228,15:05:18,1.95,100,16450
20240228,15:06:55,1.95,50,16450
20240228,15:14:03,1.95,200,16550
20240228,15:21:31,1.9,500,16550
20240228,15:25:38,2.05,150,16550
20240228,15:25:59,2.25,500,16550
20240228,15:26:19,2.15,250,16900
20240228,15:27:38,2.0,100,16900
20240228,15:29:54,2.4,150,17150
20240229,09:16:42,1.9,1,17100
20240229,09:16:42,1.9,800,17100
20240229,09:16:50,1.9,100,17100
20240229,09:19:36,1.75,50,17300
20240229,09:19:51,1.75,250,17300
20240229,09:19:59,1.9,50,17300
20240229,09:20:07,1.9,50,17300
20240229,09:20:14,1.9,50,17300
20240229,09:22:53,1.9,50,17650
20240229,09:23:16,2.05,50,17650
20240229,09:23:23,2.25,1250,17650
20240229,09:23:31,2.05,1600,17650
20240229,09:23:45,2.1,600,17650
20240229,09:23:59,2.1,300,17650
20240229,09:24:15,2.15,150,17650
20240229,09:24:22,2.2,1250,17650
20240229,09:24:45,2.05,50,17650
20240229,09:24:52,2.05,50,17650
20240229,09:25:00,2.15,150,17650
20240229,09:25:46,2.0,1950,20700
20240229,09:27:25,1.95,150,20700
20240229,09:27:32,1.95,100,20700
20240229,09:28:15,1.9,200,22400
20240229,09:28:26,1.85,450,22400
20240229,09:28:47,1.85,50,22400
20240229,09:28:57,1.85,50,22400
20240229,09:29:45,1.9,300,22400
20240229,09:32:03,1.85,200,22550
20240229,09:32:45,1.85,850,22550
20240229,09:33:07,1.85,100,22550
20240229,09:33:14,1.85,150,22550
20240229,09:33:30,1.85,50,22550
20240229,09:33:40,1.85,3000,22550
20240229,09:34:52,1.8,300,24650
20240229,09:35:24,1.75,100,24650
20240229,09:35:40,1.7,450,24650
20240229,09:35:56,1.7,300,24650
20240229,09:36:11,1.85,450,24650
20240229,09:36:33,1.85,50,24650
20240229,09:36:40,1.8,50,24650
20240229,09:36:48,1.75,550,24650
20240229,09:36:55,1.65,3200,24650
20240229,09:37:11,1.75,250,21050
20240229,09:38:29,1.75,50,21050
20240229,09:38:37,1.75,200,21050
20240229,09:39:07,1.8,50,21050
20240229,09:39:28,1.8,50,21050
20240229,09:39:54,1.75,50,21050
20240229,09:40:00,1.75,350,21050
20240229,09:40:06,1.8,1800,21050
20240229,09:40:57,1.7,400,22550
20240229,09:41:18,1.7,250,22550
20240229,09:41:25,1.7,450,22550
20240229,09:41:32,1.7,50,22550
20240229,09:41:39,1.7,300,22550
20240229,09:41:46,1.6,600,22550
20240229,09:41:54,1.65,300,22550
20240229,09:42:01,1.65,300,22550
20240229,09:42:15,1.6,150,22550
20240229,09:42:46,1.65,50,22550
20240229,09:43:42,1.65,50,21950
20240229,09:44:51,1.7,1200,21950
20240229,09:45:17,1.75,500,21950
20240229,09:45:26,1.7,1800,21950
20240229,09:47:45,1.75,450,22450
20240229,09:49:55,1.75,500,22450
20240229,09:50:04,1.75,100,22450
20240229,09:53:28,1.75,50,22750
20240229,09:53:39,1.75,100,22750
20240229,09:54:00,1.8,1000,22750
20240229,09:54:09,1.8,100,22750
20240229,09:54:47,1.8,50,22750
20240229,09:54:58,1.8,150,22750
20240229,09:55:50,1.8,100,22600
20240229,09:56:13,1.8,100,22600
20240229,09:56:24,1.75,550,22600
20240229,09:56:34,1.75,250,22600
20240229,09:56:43,1.75,250,22600
20240229,09:59:09,1.75,500,23150
20240229,09:59:20,1.75,550,23150
20240229,10:00:52,1.75,1000,23150
20240229,10:01:11,1.7,150,23150
20240229,10:02:09,1.75,1150,24850
20240229,10:02:46,1.8,1700,24850
20240229,10:02:55,1.8,150,24850
20240229,10:03:59,1.8,250,24850
20240229,10:04:16,1.8,250,23450
20240229,10:04:34,1.8,300,23450
20240229,10:05:11,1.8,400,23450
20240229,10:05:28,1.8,800,23450
20240229,10:06:11,1.8,500,23450
20240229,10:06:57,1.8,100,23450
20240229,10:07:16,1.85,50,24350
20240229,10:08:12,1.8,350,24350
20240229,10:08:30,1.8,100,24350
20240229,10:09:52,1.85,350,24350
20240229,10:10:00,1.85,650,24350
20240229,10:10:08,1.9,200,24350
20240229,10:10:24,1.95,250,24050
20240229,10:10:41,1.9,100,24050
20240229,10:11:07,1.9,50,24050
20240229,10:13:35,1.85,50,24350
20240229,10:14:49,1.85,50,24350
20240229,10:15:12,1.9,50,24350
20240229,10:15:29,1.85,300,24350
20240229,10:16:09,1.85,300,24350
20240229,10:16:25,1.9,550,24100
20240229,10:16:33,1.9,750,24100
20240229,10:16:41,1.9,250,24100
20240229,10:16:49,1.9,300,24100
20240229,10:17:06,2.0,50,24100
20240229,10:17:14,2.0,100,24100
20240229,10:17:31,1.9,250,24100
20240229,10:17:39,1.9,250,24100
20240229,10:17:47,1.95,150,24100
20240229,10:18:26,2.0,150,24100
20240229,10:19:17,1.95,50,24100
20240229,10:19:47,2.0,50,24100
20240229,10:20:19,1.95,200,24100
20240229,10:20:27,1.95,50,24100
20240229,10:21:27,1.95,50,24100
20240229,10:21:36,1.95,50,24100
20240229,10:21:43,1.9,600,24100
20240229,10:23:47,1.9,500,24850
20240229,10:24:06,1.9,100,24850
20240229,10:24:22,1.9,150,24850
20240229,10:25:18,1.8,14650,24850
20240229,10:25:25,1.8,3200,33800
20240229,10:25:32,1.8,250,33800
20240229,10:27:13,1.75,500,33800
20240229,10:28:35,1.8,50,36500
20240229,10:29:28,1.75,50,36500
20240229,10:30:04,1.75,100,36500
20240229,10:30:11,1.75,50,36500
20240229,10:30:19,1.75,300,36500
20240229,10:30:28,1.75,250,36500
20240229,10:30:56,1.8,100,36500
20240229,10:31:11,1.75,200,36500
20240229,10:31:57,1.75,350,36350
20240229,10:33:16,1.8,250,36350
20240229,10:34:45,1.75,300,36750
20240229,10:37:04,1.75,250,36750
20240229,10:37:19,1.75,350,36650
20240229,10:37:27,1.8,100,36650
20240229,10:37:42,1.8,50,36650
20240229,10:37:57,1.7,450,36650
20240229,10:38:26,1.75,100,36650
20240229,10:39:33,1.75,250,36650
20240229,10:39:46,1.75,400,36650
20240229,10:40:00,1.75,150,36650
20240229,10:40:07,1.75,200,36650
20240229,10:40:26,1.75,50,36200
20240229,10:41:11,1.75,50,36200
20240229,10:41:57,1.7,200,36200
20240229,10:42:17,1.75,50,36200
20240229,10:42:44,1.75,50,36200
20240229,10:42:51,1.75,50,36200
20240229,10:42:59,1.75,50,36200
20240229,10:43:14,1.75,250,36200
20240229,10:45:21,1.75,300,35750
20240229,10:45:43,1.75,50,35750
20240229,10:45:50,1.75,50,35750
20240229,10:45:58,1.75,100,35750
20240229,10:49:46,1.75,50,35400
20240229,10:50:08,1.75,50,35400
20240229,10:50:40,1.75,150,35400
20240229,10:50:46,1.75,100,35400
20240229,10:50:52,1.75,250,35400
20240229,10:50:59,1.75,100,35400
20240229,10:51:07,1.75,50,35400
20240229,10:51:45,1.75,100,35400
20240229,10:53:27,1.75,50,35650
20240229,10:58:00,1.75,50,35600
20240229,10:59:32,1.75,50,35600
20240229,10:59:44,1.75,200,35600
20240229,10:59:51,1.75,150,35600
20240229,10:59:58,1.75,50,35600
20240229,11:00:42,1.8,11400,35600
20240229,11:00:59,1.75,250,35600
20240229,11:01:04,1.8,100,35600
20240229,11:04:41,1.8,600,38800
20240229,11:05:56,1.75,500,38800
20240229,11:08:47,1.8,500,39350
20240229,11:11:09,1.75,50,39450
20240229,11:13:58,1.8,700,39500
20240229,11:15:42,1.75,250,39500
20240229,11:15:52,1.8,200,39500
20240229,11:16:36,1.75,100,40650
20240229,11:16:45,1.8,100,40650
20240229,11:17:41,1.75,450,40650
20240229,11:17:51,1.75,250,40650
20240229,11:18:34,1.75,450,40650
20240229,11:22:21,1.75,400,40450
20240229,11:22:29,1.75,450,40050
20240229,11:22:37,1.65,6850,40050
20240229,11:22:54,1.65,1250,40050
20240229,11:23:30,1.65,1350,40050
20240229,11:23:36,1.65,800,40050
20240229,11:23:42,1.6,3000,40050
20240229,11:24:24,1.65,100,40050
20240229,11:25:48,1.6,1650,48600
20240229,11:26:05,1.6,150,48600
20240229,11:26:39,1.6,150,48600
20240229,11:26:59,1.6,50,48600
20240229,11:27:22,1.6,50,48600
20240229,11:28:14,1.6,100,48600
20240229,11:28:26,1.6,250,48600
20240229,11:28:48,1.55,400,49200
20240229,11:29:31,1.55,50,49200
20240229,11:31:46,1.6,600,49200
20240229,11:33:44,1.5,9000,49200
20240229,11:34:34,1.5,3000,57700
20240229,11:38:26,1.5,250,60700
20240229,11:38:33,1.5,900,60700
20240229,11:38:48,1.5,3000,60700
20240229,11:38:56,1.55,50,60700
20240229,11:40:13,1.55,1250,60700
20240229,11:41:57,1.55,50,62200
20240229,11:44:11,1.55,400,62150
20240229,11:48:34,1.5,50,61950
20240229,11:49:57,1.55,50,61950
20240229,11:50:11,1.55,150,61950
20240229,11:51:00,1.55,50,61950
20240229,11:51:38,1.55,450,61950
20240229,11:51:43,1.5,3000,61950
20240229,11:51:48,1.55,950,61950
20240229,11:51:53,1.5,3000,61950
20240229,11:52:12,1.5,3050,61950
20240229,11:52:17,1.55,50,61950
20240229,11:52:39,1.55,50,68850
20240229,11:52:49,1.6,50,68850
20240229,11:53:10,1.55,50,68850
20240229,11:53:28,1.6,3150,68850
20240229,11:54:28,1.5,3000,68850
20240229,11:54:35,1.55,1450,68850
20240229,11:54:54,1.55,50,68850
20240229,11:55:02,1.55,50,68850
20240229,11:56:09,1.6,1500,74700
20240229,11:56:34,1.6,700,74700
20240229,11:57:16,1.55,50,74700
20240229,11:59:42,1.55,1100,75200
20240229,11:59:47,1.5,100,75200
20240229,11:59:56,1.55,50,75200
20240229,12:00:00,1.5,50,75200
20240229,12:01:03,1.55,450,75200
20240229,12:03:02,1.55,550,74950
20240229,12:03:12,1.55,50,74950
20240229,12:03:22,1.55,2700,74950
20240229,12:03:27,1.55,2300,74950
20240229,12:03:32,1.6,7250,74950
20240229,12:03:37,1.6,2050,74950
20240229,12:03:47,1.6,250,74950
20240229,12:04:59,1.65,150,81350
20240229,12:05:08,1.65,150,81350
20240229,12:05:27,1.65,50,81350
20240229,12:07:02,1.6,900,81350
20240229,12:07:09,1.6,450,81350
20240229,12:07:48,1.6,250,81350
20240229,12:07:57,1.6,1600,81350
20240229,12:08:06,1.6,100,81350
20240229,12:09:18,1.65,1000,81350
20240229,12:11:12,1.6,100,79300
20240229,12:11:17,1.6,150,79300
20240229,12:12:49,1.65,250,79300
20240229,12:20:20,1.6,1000,79200
20240229,12:22:13,1.6,150,79200
20240229,12:24:04,1.6,50,78600
20240229,12:24:18,1.6,500,78600
20240229,12:24:25,1.6,50,78600
20240229,12:25:33,1.6,1250,78600
20240229,12:25:38,1.6,2150,79650
20240229,12:26:02,1.6,50,79650
20240229,12:26:07,1.6,50,79650
20240229,12:29:30,1.65,50,79650
20240229,12:29:36,1.6,150,79650
20240229,12:30:05,1.65,50,79650
20240229,12:30:23,1.6,50,79650
20240229,12:31:09,1.65,100,79650
20240229,12:31:30,1.6,300,79650
20240229,12:33:20,1.6,200,79950
20240229,12:33:25,1.6,400,79950
20240229,12:33:52,1.6,50,79950
20240229,12:35:00,1.6,50,79950
20240229,12:42:56,1.65,100,79950
20240229,12:44:45,1.6,50,79950
20240229,12:46:35,1.6,2500,79950
20240229,12:46:43,1.55,6500,83550
20240229,12:46:49,1.55,1000,83550
20240229,12:47:12,1.6,6100,83550
20240229,12:47:21,1.55,100,83550
20240229,12:47:38,1.6,1800,83550
20240229,12:47:46,1.6,8300,83550
20240229,12:47:54,1.6,12350,83550
20240229,12:48:02,1.6,3200,83550
20240229,12:48:34,1.6,8400,83550
20240229,12:48:42,1.6,9500,83550
20240229,12:48:58,1.6,16550,83550
20240229,12:49:06,1.6,5000,83550
20240229,12:49:14,1.6,2250,83550
20240229,12:49:52,1.6,2050,156100
20240229,12:49:59,1.6,4150,156100
20240229,12:50:07,1.6,2900,156100
20240229,12:50:21,1.6,250,156100
20240229,12:50:36,1.6,6000,156100
20240229,12:50:42,1.6,1500,156100
20240229,12:50:49,1.6,1500,156100
20240229,12:50:57,1.6,13000,156100
20240229,12:51:05,1.6,7200,156100
20240229,12:51:12,1.6,4050,156100
20240229,12:51:35,1.6,1600,156100
20240229,12:51:42,1.6,4150,156100
20240229,12:51:50,1.6,600,156100
20240229,12:52:20,1.6,10450,156100
20240229,12:52:28,1.6,50,156100
20240229,12:52:43,1.6,5200,212700
20240229,12:52:51,1.6,2150,212700
20240229,12:52:58,1.6,6000,212700
20240229,12:53:06,1.6,1000,212700
20240229,12:53:14,1.6,1100,212700
20240229,12:53:46,1.6,3100,212700
20240229,12:53:54,1.6,8150,212700
20240229,12:54:02,1.6,3850,212700
20240229,12:54:09,1.6,2400,212700
20240229,12:54:24,1.6,4150,212700
20240229,12:54:32,1.6,8900,212700
20240229,12:54:40,1.6,4500,212700
20240229,12:54:48,1.6,2850,212700
20240229,12:56:33,1.6,450,263950
20240229,12:58:28,1.6,150,263950
20240229,12:58:35,1.6,150,263950
20240229,12:58:42,1.6,100,263950
20240229,12:59:03,1.6,50,264300
20240229,13:00:55,1.55,50,264300
20240229,13:02:22,1.6,100,264350
20240229,13:05:00,1.55,250,264450
20240229,13:05:08,1.55,300,264450
20240229,13:05:40,1.55,300,264450
20240229,13:06:59,1.55,250,264450
20240229,13:12:38,1.55,250,265100
20240229,13:12:55,1.6,50,265100
20240229,13:14:58,1.55,250,265400
20240229,13:16:05,1.55,500,265400
20240229,13:18:16,1.55,5050,266150
20240229,13:18:36,1.55,250,266150
20240229,13:18:45,1.55,550,266150
20240229,13:19:40,1.55,6650,266150
20240229,13:19:49,1.55,1800,267550
20240229,13:19:57,1.55,1700,267550
20240229,13:20:06,1.55,750,267550
20240229,13:20:14,1.6,50,267550
20240229,13:20:47,1.5,11050,267550
20240229,13:21:01,1.55,8000,267550
20240229,13:21:09,1.55,2150,267550
20240229,13:21:45,1.55,4100,267550
20240229,13:21:52,1.5,16350,267550
20240229,13:21:59,1.55,1800,267550
20240229,13:22:05,1.55,1800,267550
20240229,13:22:11,1.55,2000,267550
20240229,13:22:16,1.55,600,267550
20240229,13:22:23,1.55,400,267550
20240229,13:24:31,1.5,450,296050
20240229,13:24:59,1.55,50,296050
20240229,13:25:52,1.5,9300,296100
20240229,13:27:17,1.45,50,296100
20240229,13:27:29,1.45,4450,296100
20240229,13:27:52,1.5,50,296100
20240229,13:28:51,1.55,3050,296100
20240229,13:31:05,1.6,300,302650
20240229,13:31:11,1.55,300,302650
20240229,13:36:17,1.55,50,305450
20240229,13:36:33,1.55,50,305450
20240229,13:37:20,1.55,50,305450
20240229,13:39:48,1.55,50,305450
20240229,13:40:09,1.55,250,305450
20240229,13:40:27,1.6,400,305450
20240229,13:40:38,1.55,250,305450
20240229,13:41:32,1.55,50,306100
20240229,13:44:10,1.5,27350,306050
20240229,13:44:15,1.5,1250,306050
20240229,13:44:25,1.5,4900,306050
20240229,13:44:30,1.5,3000,306050
20240229,13:44:35,1.5,6100,306050
20240229,13:44:40,1.5,3050,306050
20240229,13:44:44,1.5,3050,306050
20240229,13:44:48,1.5,3000,306050
20240229,13:44:53,1.55,5050,306050
20240229,13:44:58,1.5,1100,306050
20240229,13:45:06,1.45,8050,306050
20240229,13:45:11,1.45,3750,306050
20240229,13:45:15,1.45,3200,306050
20240229,13:45:19,1.45,6300,306050
20240229,13:45:23,1.45,3100,306050
20240229,13:45:28,1.45,3200,306050
20240229,13:45:40,1.45,3050,306050
20240229,13:45:45,1.45,6100,306050
20240229,13:45:49,1.45,3050,306050
20240229,13:45:58,1.45,3000,306050
20240229,13:46:03,1.45,6200,306050
20240229,13:46:09,1.45,3700,306050
20240229,13:46:23,1.45,3000,306050
20240229,13:46:47,1.45,4100,306050
20240229,13:46:53,1.45,8800,402750
20240229,13:46:58,1.45,8150,402750
20240229,13:47:02,1.45,8150,402750
20240229,13:47:07,1.45,6150,402750
20240229,13:48:01,1.45,300,402750
20240229,13:49:25,1.45,4600,402750
20240229,13:49:46,1.45,50,402750
20240229,13:49:57,1.45,100,430950
20240229,13:50:17,1.4,50,430950
20240229,13:50:28,1.4,50,430950
20240229,13:50:38,1.45,50,430950
20240229,13:51:08,1.45,7450,430950
20240229,13:51:17,1.45,3800,430950
20240229,13:51:36,1.45,8150,430950
20240229,13:51:45,1.45,10200,430950
20240229,13:51:54,1.45,2000,430950
20240229,13:52:03,1.45,12200,430950
20240229,13:52:12,1.45,1500,430950
20240229,13:52:30,1.45,5050,430950
20240229,13:53:23,1.45,100,475150
20240229,13:53:41,1.45,7350,475150
20240229,13:53:49,1.45,1900,475150
20240229,13:54:05,1.45,5350,475150
20240229,13:55:43,1.45,50,475150
20240229,13:55:56,1.45,300,489700
20240229,13:56:20,1.45,7350,489700
20240229,13:56:29,1.45,7250,489700
20240229,13:56:54,1.4,6050,489700
20240229,14:00:14,1.4,250,508850
20240229,14:00:36,1.4,50,508850
20240229,14:00:54,1.4,9100,508850
20240229,14:00:59,1.4,8300,508850
20240229,14:01:04,1.4,550,508850
20240229,14:02:42,1.4,150,521200
20240229,14:03:10,1.4,100,521200
20240229,14:03:25,1.4,1100,521200
20240229,14:03:53,1.4,50,521200
20240229,14:04:07,1.4,250,521200
20240229,14:04:18,1.4,50,521200
20240229,14:04:49,1.4,6300,521200
20240229,14:05:18,1.4,4550,528750
20240229,14:05:22,1.4,10600,528750
20240229,14:05:26,1.4,100,528750
20240229,14:06:39,1.4,250,528750
20240229,14:07:47,1.4,1800,528750
20240229,14:08:51,1.45,400,545200
20240229,14:09:14,1.4,250,545200
20240229,14:09:43,1.4,5100,545200
20240229,14:09:48,1.4,200,545200
20240229,14:11:21,1.35,1150,550250
20240229,14:11:26,1.35,600,550250
20240229,14:11:36,1.3,200,550250
20240229,14:11:41,1.3,200,550250
20240229,14:11:45,1.3,750,550250
20240229,14:11:50,1.3,150,550250
20240229,14:11:59,1.3,150,550250
20240229,14:14:29,1.3,50,553400
20240229,14:14:35,1.35,100,553400
20240229,14:14:45,1.3,800,553400
20240229,14:14:51,1.3,250,553400
20240229,14:14:56,1.3,300,553400
20240229,14:15:01,1.3,250,553400
20240229,14:15:06,1.3,300,553400
20240229,14:15:12,1.3,100,553400
20240229,14:15:17,1.35,150,553400
20240229,14:15:22,1.3,100,553400
20240229,14:15:55,1.35,50,553400
20240229,14:16:14,1.3,50,553400
20240229,14:19:58,1.35,9050,554950
20240229,14:20:02,1.35,6600,554950
20240229,14:20:12,1.35,200,554950
20240229,14:20:20,1.35,300,554950
20240229,14:20:24,1.35,450,554950
20240229,14:20:30,1.35,200,554950
20240229,14:20:34,1.35,150,554950
20240229,14:20:39,1.35,50,554950
20240229,14:20:45,1.35,100,554950
20240229,14:21:21,1.35,250,554950
20240229,14:21:42,1.35,50,554950
20240229,14:21:47,1.35,4650,554950
20240229,14:22:08,1.35,50,554950
20240229,14:22:53,1.35,500,554950
20240229,14:24:09,1.35,250,574450
20240229,14:24:35,1.4,18650,574450
20240229,14:24:39,1.4,4650,574450
20240229,14:24:44,1.4,600,574450
20240229,14:24:55,1.4,700,574450
20240229,14:27:29,1.4,50,589450
20240229,14:28:02,1.4,50,589450
20240229,14:28:21,1.4,100,589450
20240229,14:30:14,1.4,9050,589550
20240229,14:30:18,1.4,9050,589550
20240229,14:30:23,1.4,4600,589550
20240229,14:30:32,1.4,450,589550
20240229,14:30:37,1.4,200,589550
20240229,14:31:09,1.4,300,589550
20240229,14:31:15,1.4,300,589550
20240229,14:31:22,1.4,250,589550
20240229,14:31:37,1.4,50,589550
20240229,14:31:42,1.4,950,589550
20240229,14:31:48,1.4,250,589550
20240229,14:31:53,1.45,300,589550
20240229,14:32:11,1.45,200,608550
20240229,14:32:18,1.4,650,608550
20240229,14:32:30,1.4,250,608550
20240229,14:32:57,1.45,300,608550
20240229,14:33:26,1.4,900,608550
20240229,14:34:20,1.45,200,608550
20240229,14:34:26,1.45,300,608550
20240229,14:35:26,1.4,200,609300
20240229,14:36:04,1.4,500,609300
20240229,14:36:49,1.4,300,609300
20240229,14:37:00,1.4,300,609300
20240229,14:37:07,1.4,250,609300
20240229,14:37:47,1.4,300,609300
20240229,14:38:20,1.4,300,610700
20240229,14:40:57,1.4,50,610700
20240229,14:41:03,1.4,50,610700
20240229,14:41:18,1.4,450,610700
20240229,14:41:49,1.4,1400,610700
20240229,14:42:08,1.4,2550,610700
20240229,14:42:14,1.4,200,610700
20240229,14:42:27,1.45,200,610700
20240229,14:42:41,1.4,50,610700
20240229,14:43:08,1.45,5500,610700
20240229,14:43:31,1.45,400,610700
20240229,14:45:17,1.45,50,616000
20240229,14:45:40,1.45,100,616000
20240229,14:45:51,1.45,50,616000
20240229,14:46:11,1.4,6000,616000
20240229,14:46:21,1.4,450,616000
20240229,14:46:31,1.35,2650,616000
20240229,14:46:41,1.25,10200,616000
20240229,14:46:50,1.25,3950,616000
20240229,14:47:00,1.2,3350,637650
20240229,14:47:10,1.2,2800,637650
20240229,14:47:19,1.15,1500,637650
20240229,14:47:29,1.15,1650,637650
20240229,14:47:38,1.15,900,637650
20240229,14:48:34,1.2,5400,637650
20240229,14:49:09,1.15,2000,637650
20240229,14:49:18,1.15,200,637650
20240229,14:49:28,1.15,750,637650
20240229,14:49:35,1.2,10750,637650
20240229,14:49:42,1.25,9500,637650
20240229,14:49:50,1.25,700,637650
20240229,14:50:29,1.25,250,647600
20240229,14:51:20,1.25,1800,647600
20240229,14:51:59,1.25,3000,647600
20240229,14:52:09,1.25,2200,647600
20240229,14:52:18,1.25,1150,647600
20240229,14:52:27,1.25,1350,647600
20240229,14:52:37,1.25,500,647600
20240229,14:53:04,1.35,1400,653600
20240229,14:53:23,1.3,150,653600
20240229,14:54:39,1.3,550,653600
20240229,14:54:52,1.3,250,653600
20240229,14:54:58,1.3,500,653600
20240229,14:55:13,1.3,800,653600
20240229,14:55:20,1.3,250,653600
20240229,14:55:26,1.3,950,653600
20240229,14:55:32,1.3,250,653600
20240229,14:56:10,1.3,200,657550
20240229,14:57:23,1.3,500,657550
20240229,14:57:37,1.25,13400,657550
20240229,14:57:56,1.25,1700,657550
20240229,14:58:15,1.25,3250,657550
20240229,14:58:29,1.25,50,657550
20240229,14:58:57,1.25,5200,657550
20240229,14:59:03,1.25,250,676050
20240229,14:59:10,1.25,500,676050
20240229,14:59:17,1.25,600,676050
20240229,14:59:25,1.25,1250,676050
20240229,15:00:06,1.25,25900,676050
20240229,15:00:14,1.25,2300,676050
20240229,15:00:21,1.25,4550,676050
20240229,15:00:27,1.3,1800,676050
20240229,15:00:34,1.25,150,676050
20240229,15:00:48,1.3,9000,676050
20240229,15:01:03,1.3,10850,676050
20240229,15:01:10,1.3,18000,676050
20240229,15:01:17,1.25,50,676050
20240229,15:01:41,1.3,11400,676050
20240229,15:01:46,1.3,10600,676050
20240229,15:01:52,1.3,4800,676050
20240229,15:01:57,1.3,6000,676050
20240229,15:02:03,1.3,12400,775050
20240229,15:02:10,1.3,6700,775050
20240229,15:02:17,1.3,5250,775050
20240229,15:02:24,1.3,14700,775050
20240229,15:02:30,1.3,12150,775050
20240229,15:02:36,1.3,500,775050
20240229,15:02:53,1.3,250,775050
20240229,15:03:04,1.3,250,775050
20240229,15:03:09,1.3,250,775050
20240229,15:03:16,1.3,750,775050
20240229,15:03:23,1.3,750,775050
20240229,15:03:54,1.3,250,775050
20240229,15:04:00,1.35,11100,775050
20240229,15:04:06,1.35,600,775050
20240229,15:04:12,1.35,1100,775050
20240229,15:04:19,1.35,100,775050
20240229,15:04:25,1.35,100,775050
20240229,15:04:52,1.4,7050,775050
20240229,15:04:57,1.45,10950,775050
20240229,15:05:03,1.45,9500,832050
20240229,15:05:09,1.45,800,832050
20240229,15:05:14,1.45,600,832050
20240229,15:05:20,1.45,700,832050
20240229,15:05:25,1.45,200,832050
20240229,15:05:31,1.45,300,832050
20240229,15:05:42,1.45,150,832050
20240229,15:05:48,1.45,200,832050
20240229,15:05:53,1.45,100,832050
20240229,15:05:59,1.45,150,832050
20240229,15:06:05,1.45,1900,832050
20240229,15:06:10,1.45,450,832050
20240229,15:06:17,1.45,1100,832050
20240229,15:06:30,1.45,1700,832050
20240229,15:06:36,1.45,200,832050
20240229,15:06:48,1.45,1200,832050
20240229,15:06:54,1.4,1700,832050
20240229,15:07:00,1.35,150,832050
20240229,15:07:07,1.45,8150,832050
20240229,15:07:13,1.45,1200,832050
20240229,15:07:19,1.45,650,832050
20240229,15:07:25,1.45,700,832050
20240229,15:07:31,1.3,21800,832050
20240229,15:07:37,1.4,350,832050
20240229,15:07:49,1.3,5900,832050
20240229,15:07:55,1.35,300,832050
20240229,15:08:00,1.3,950,832050
20240229,15:08:06,1.3,500,867400
20240229,15:08:13,1.3,3550,867400
20240229,15:08:19,1.35,13800,867400
20240229,15:08:25,1.4,16400,867400
20240229,15:08:32,1.4,2100,867400
20240229,15:08:38,1.45,16500,867400
20240229,15:09:28,1.4,100,867400
20240229,15:09:40,1.4,700,867400
20240229,15:09:46,1.4,50,867400
20240229,15:09:51,1.4,1200,867400
20240229,15:09:57,1.45,6500,867400
20240229,15:10:03,1.45,900,867400
20240229,15:10:09,1.5,400,867400
20240229,15:10:15,1.45,1350,867400
20240229,15:10:22,1.45,1000,867400
20240229,15:10:35,1.45,200,867400
20240229,15:10:41,1.45,700,867400
20240229,15:10:47,1.5,850,867400
20240229,15:11:20,1.45,1300,918500
20240229,15:11:27,1.45,100,918500
20240229,15:11:34,1.45,100,918500
20240229,15:11:47,1.45,900,918500
20240229,15:11:54,1.45,2050,918500
20240229,15:12:00,1.45,1350,918500
20240229,15:12:07,1.45,300,918500
20240229,15:12:14,1.45,600,918500
20240229,15:12:20,1.45,7250,918500
20240229,15:12:33,1.45,900,918500
20240229,15:12:40,1.45,900,918500
20240229,15:12:46,1.45,50,918500
20240229,15:13:06,1.45,1800,918500
20240229,15:13:26,1.45,500,918500
20240229,15:13:33,1.45,550,918500
20240229,15:13:59,1.5,500,918500
20240229,15:14:19,1.45,4100,925600
20240229,15:14:27,1.45,400,925600
20240229,15:14:34,1.45,1800,925600
20240229,15:14:41,1.45,250,925600
20240229,15:14:47,1.45,1000,925600
20240229,15:15:03,1.45,1850,925600
20240229,15:15:18,1.45,350,925600
20240229,15:15:35,1.45,1850,925600
20240229,15:15:43,1.45,1500,925600
20240229,15:15:51,1.4,1700,925600
20240229,15:16:00,1.4,1650,925600
20240229,15:16:10,1.4,250,925600
20240229,15:16:19,1.45,500,925600
20240229,15:16:28,1.45,900,925600
20240229,15:16:38,1.45,4400,925600
20240229,15:16:49,1.4,1900,925600
20240229,15:16:57,1.45,200,925600
20240229,15:17:04,1.45,1000,931200
20240229,15:17:11,1.5,400,931200
20240229,15:17:18,1.45,1450,931200
20240229,15:17:25,1.45,700,931200
20240229,15:17:32,1.45,150,931200
20240229,15:17:45,1.45,600,931200
20240229,15:17:57,1.45,1900,931200
20240229,15:18:10,1.45,3600,931200
20240229,15:18:16,1.45,150,931200
20240229,15:18:21,1.45,28050,931200
20240229,15:18:27,1.4,3250,931200
20240229,15:19:08,1.4,50,931200
20240229,15:19:14,1.45,3050,931200
20240229,15:19:21,1.4,1800,931200
20240229,15:19:27,1.45,1600,931200
20240229,15:19:39,1.45,14500,931200
20240229,15:19:45,1.4,900,931200
20240229,15:19:52,1.45,5450,931200
20240229,15:19:58,1.45,2350,931200
20240229,15:20:05,1.45,50,931200
20240229,15:20:21,1.5,1700,987750
20240229,15:20:30,1.45,50,987750
20240229,15:20:40,1.5,1700,987750
20240229,15:20:50,1.5,2650,987750
20240229,15:20:59,1.5,3250,987750
20240229,15:21:09,1.5,50,987750
20240229,15:21:28,1.45,100,987750
20240229,15:21:38,1.45,100,987750
20240229,15:21:48,1.45,4650,987750
20240229,15:21:58,1.45,5350,987750
20240229,15:22:08,1.45,400,987750
20240229,15:22:18,1.45,1300,987750
20240229,15:22:28,1.4,1150,987750
20240229,15:22:37,1.4,100,987750
20240229,15:22:47,1.4,2500,987750
20240229,15:22:57,1.4,2100,987750
20240229,15:23:17,1.4,1100,991950
20240229,15:23:27,1.35,2300,991950
20240229,15:23:36,1.4,200,991950
20240229,15:24:05,1.4,3150,991950
20240229,15:24:14,1.35,9200,991950
20240229,15:24:33,1.35,3450,991950
20240229,15:24:43,1.4,1700,991950
20240229,15:24:52,1.35,2000,991950
20240229,15:25:02,1.35,1250,991950
20240229,15:25:43,1.35,8650,991950
20240229,15:25:54,1.35,1000,991950
20240229,15:26:05,1.4,7300,1014900
20240229,15:26:17,1.4,1950,1014900
20240229,15:26:28,1.4,700,1014900
20240229,15:26:39,1.4,2500,1014900
20240229,15:26:51,1.4,700,1014900
20240229,15:27:02,1.4,2350,1014900
20240229,15:27:13,1.4,1600,1014900
20240229,15:27:24,1.4,400,1014900
20240229,15:27:33,1.4,100,1014900
20240229,15:27:43,1.4,1250,1014900
20240229,15:28:02,1.4,100,1014900
20240229,15:28:22,1.4,400,1014900
20240229,15:28:41,1.4,1050,1014900
20240229,15:28:51,1.35,900,1014900
20240229,15:29:01,1.35,200,1014900
20240229,15:29:10,1.4,1150,1026400
20240229,15:29:20,1.4,650,1026400
20240229,15:29:29,1.4,550,1026400
20240229,15:29:38,1.4,2100,1026400
20240229,15:29:48,1.4,300,1026400
20240229,15:29:59,1.5,350,1026400
