date,time,tick_price,volume,open_interest
20231201,10:55:52,72.35,200,600
20231201,10:55:59,72.35,150,600
20231201,10:56:14,71.9,200,600
20231201,10:56:28,71.9,50,600
20231201,10:57:58,72.3,100,600
20231201,10:58:14,73.0,150,600
20231201,12:14:53,73.0,50,850
20231201,13:06:32,76.4,50,900
20231201,14:41:05,76.4,50,950
20231201,15:25:44,70.5,300,1000
20231204,09:50:22,148.45,1,1300
20231204,09:50:22,148.45,450,1300
20231204,09:57:37,142.8,50,1500
20231204,10:41:14,140.0,300,1500
20231204,10:44:22,140.0,50,1500
20231204,10:48:27,146.6,50,1500
20231204,11:00:25,150.0,50,1550
20231204,11:16:38,157.55,800,1550
20231204,11:58:20,157.55,50,2100
20231204,12:16:47,161.45,50,2150
20231204,12:27:23,161.45,100,2150
20231204,12:53:35,162.25,50,2250
20231204,13:09:01,162.25,50,2250
20231204,13:09:27,163.4,750,2250
20231204,13:09:52,163.4,400,2250
20231204,13:10:00,162.4,50,2250
20231204,13:16:25,167.7,300,2250
20231204,13:16:34,168.9,300,2950
20231204,13:21:56,188.2,50,3350
20231204,13:26:51,190.45,2300,3400
20231204,13:27:25,186.5,900,5250
20231204,13:33:11,187.0,100,5100
20231204,13:34:56,187.6,50,5100
20231204,13:37:53,187.8,100,4950
20231204,13:38:18,188.1,200,4950
20231204,13:39:15,186.6,750,5200
20231204,13:41:10,185.55,150,5200
20231204,13:42:28,187.2,50,4500
20231204,13:51:56,187.2,50,4500
20231204,13:52:32,187.2,50,4500
20231204,13:52:50,183.45,50,4500
20231204,13:55:16,187.5,150,4550
20231204,14:04:15,197.55,50,4450
20231204,14:05:19,197.55,600,4450
20231204,14:05:28,197.55,900,4450
20231204,14:05:37,197.55,100,4450
20231204,14:06:12,197.55,250,4450
20231204,14:06:21,197.55,500,4500
20231204,14:24:13,208.75,500,4500
20231204,14:28:15,208.75,250,4950
20231204,14:28:23,208.65,50,4950
20231204,14:35:28,216.55,50,4650
20231204,14:35:54,216.6,500,4650
20231204,14:38:16,220.5,100,4450
20231204,14:38:25,221.85,150,4450
20231204,14:38:33,221.85,100,4450
20231204,14:53:04,223.85,50,4450
20231204,14:55:35,225.95,50,4400
20231204,14:57:00,225.95,100,4400
20231204,15:04:12,215.0,100,4450
20231204,15:21:58,224.95,900,4450
20231204,15:22:36,222.85,450,4450
20231204,15:28:03,226.45,50,5300
20231205,09:17:54,251.15,1,5250
20231205,09:17:54,251.15,50,5250
20231205,09:18:23,237.95,50,5250
20231205,09:21:19,224.45,50,5200
20231205,10:09:18,224.45,50,5250
20231205,10:17:49,286.0,50,5250
20231205,10:19:49,297.95,50,5250
20231205,10:20:11,299.1,500,5250
20231205,10:20:45,304.6,50,5200
20231205,10:20:56,304.6,100,5200
20231205,10:21:19,308.5,50,5200
20231205,10:28:14,308.5,100,5000
20231205,10:33:16,299.6,400,5000
20231205,10:34:19,299.15,400,5000
20231205,10:36:34,293.4,300,4800
20231205,11:02:50,313.5,200,4800
20231205,11:04:45,313.5,800,4800
20231205,11:22:51,284.5,200,4000
20231205,11:32:32,265.3,50,4150
20231205,11:46:58,259.15,100,4150
20231205,13:09:11,273.8,50,4200
20231205,13:39:53,304.4,500,4200
20231205,13:40:46,304.15,150,4200
20231205,13:43:17,298.0,50,4450
20231205,14:05:16,270.05,50,4450
20231205,14:18:57,275.9,400,4500
20231205,14:39:29,296.95,50,4500
20231205,14:39:39,295.85,550,4500
20231205,14:39:50,294.7,150,4500
20231205,14:54:27,296.0,50,4350
20231205,14:58:55,298.0,50,4400
20231205,15:15:02,303.35,50,4450
20231205,15:20:40,304.55,100,4450
20231205,15:21:30,307.95,50,4350
20231205,15:25:00,307.4,100,4350
20231205,15:29:41,314.05,100,4300
20231206,09:17:30,356.65,1,4400
20231206,09:17:30,356.65,50,4400
20231206,09:17:38,353.25,100,4400
20231206,09:18:27,353.25,50,4400
20231206,09:19:25,364.55,50,4400
20231206,09:21:50,364.55,50,4350
20231206,09:24:20,364.55,300,4300
20231206,09:25:44,361.65,300,4300
20231206,09:26:05,360.85,150,4300
20231206,09:40:02,360.0,100,3550
20231206,09:43:26,360.0,50,3450
20231206,09:43:59,362.05,50,3450
20231206,09:48:37,365.0,50,3550
20231206,09:48:58,365.0,350,3550
20231206,09:53:45,365.0,50,3150
20231206,10:09:14,352.0,150,3150
20231206,11:53:38,352.0,50,3150
20231206,12:32:01,357.45,50,3150
20231206,12:34:56,343.65,300,3200
20231206,12:44:50,340.85,150,2900
20231206,12:55:19,331.0,200,2750
20231206,13:09:20,327.0,50,2750
20231206,13:21:54,327.0,50,2750
20231206,13:24:43,312.85,100,2800
20231206,13:39:13,312.85,900,2750
20231206,15:14:29,365.55,50,3600
20231206,15:20:29,365.55,50,3600
20231206,15:21:52,360.4,300,3550
20231206,15:30:02,375.0,50,3500
20231207,09:18:36,317.2,1,3550
20231207,09:18:36,309.4,1000,3550
20231207,09:19:17,321.65,900,3550
20231207,09:20:19,321.65,50,3550
20231207,09:20:59,322.0,100,4000
20231207,09:21:59,322.0,50,4000
20231207,09:22:09,322.0,50,4000
20231207,09:22:29,315.2,100,4000
20231207,09:23:31,319.5,50,4000
20231207,09:24:42,309.4,50,4300
20231207,09:25:02,317.2,50,4300
20231207,09:25:33,312.4,50,4300
20231207,09:27:14,313.25,50,4350
20231207,09:31:07,321.2,150,4300
20231207,09:32:43,321.25,50,4150
20231207,09:33:13,321.7,100,4150
20231207,09:33:43,323.0,50,4150
20231207,09:34:55,324.5,400,4150
20231207,09:36:38,324.5,150,3750
20231207,09:37:20,332.85,100,3750
20231207,09:38:45,336.0,50,3650
20231207,09:41:33,339.25,50,3650
20231207,09:41:54,339.25,150,3600
20231207,09:53:13,324.9,400,3650
20231207,10:03:31,311.6,500,3650
20231207,10:08:11,321.65,500,3650
20231207,10:08:58,315.1,50,3550
20231207,10:13:07,313.2,350,3600
20231207,10:16:09,311.0,50,3600
20231207,10:24:06,313.15,50,3650
20231207,10:48:09,332.25,50,3650
20231207,10:50:54,330.4,50,3650
20231207,10:53:03,339.85,50,3650
20231207,10:53:07,339.9,100,3650
20231207,11:52:27,348.0,50,3650
20231207,11:57:55,348.0,50,3600
20231207,12:08:37,348.0,50,3550
20231207,13:09:41,338.0,50,3500
20231207,13:42:30,342.0,50,3500
20231207,13:42:37,341.4,100,3500
20231207,13:42:40,343.15,50,3500
20231207,13:42:41,343.35,300,3500
20231207,13:42:42,344.0,100,3500
20231207,13:42:44,344.25,100,3500
20231207,13:42:46,344.05,50,3500
20231207,13:43:07,344.5,50,3500
20231207,13:43:08,345.2,50,3500
20231207,13:43:48,345.25,50,3500
20231207,13:45:25,347.45,100,4200
20231207,13:45:34,346.85,50,4200
20231207,13:45:58,345.85,50,4200
20231207,13:47:37,345.3,50,4200
20231207,13:47:46,344.95,50,4200
20231207,14:20:53,342.8,50,4500
20231207,14:25:51,341.75,50,4500
20231207,14:25:53,341.55,250,4500
20231207,14:27:52,343.95,50,4550
20231207,14:28:35,345.3,50,4550
20231207,14:29:01,343.55,50,4550
20231207,14:29:31,344.55,250,4550
20231207,14:33:51,345.5,250,4550
20231207,14:42:59,346.8,100,4700
20231207,14:43:09,346.6,50,4700
20231207,14:43:19,346.85,100,4700
20231207,14:44:29,345.9,100,4700
20231207,14:46:05,343.5,50,4950
20231207,14:46:07,343.5,300,4950
20231207,14:46:08,343.5,200,4950
20231207,14:46:13,343.45,150,4950
20231207,14:46:14,343.55,400,4950
20231207,14:46:15,343.75,300,4950
20231207,14:46:16,343.75,50,4950
20231207,14:46:18,343.2,300,4950
20231207,14:46:19,343.2,250,4950
20231207,14:46:20,343.7,250,4950
20231207,14:46:21,343.7,100,4950
20231207,14:46:22,343.0,150,4950
20231207,14:46:23,343.0,200,4950
20231207,14:46:24,343.15,250,4950
20231207,14:46:26,343.2,350,4950
20231207,14:46:27,343.15,150,4950
20231207,14:46:28,343.2,200,4950
20231207,14:46:29,343.2,50,4950
20231207,14:46:30,343.2,250,4950
20231207,14:46:31,343.2,100,4950
20231207,14:46:32,343.2,200,4950
20231207,14:46:33,343.35,100,4950
20231207,14:46:34,343.3,200,4950
20231207,14:46:35,343.35,250,4950
20231207,14:46:36,343.35,200,4950
20231207,14:46:37,343.35,50,4950
20231207,14:46:39,343.4,300,4950
20231207,14:46:40,343.4,50,4950
20231207,14:46:41,343.35,200,4950
20231207,14:46:42,343.45,300,4950
20231207,14:46:43,343.8,350,4950
20231207,14:46:44,343.85,300,4950
20231207,14:46:45,343.85,200,4950
20231207,14:46:48,344.2,100,4950
20231207,14:46:49,344.6,200,4950
20231207,14:46:50,344.85,50,4950
20231207,14:46:54,344.7,300,4950
20231207,14:46:55,344.8,150,4950
20231207,14:46:57,344.75,250,4950
20231207,14:46:58,344.85,250,4950
20231207,14:47:04,344.35,100,4950
20231207,14:47:09,344.5,50,4950
20231207,14:47:14,344.4,150,4950
20231207,14:47:15,344.5,100,4950
20231207,14:47:16,344.5,250,4950
20231207,14:47:24,342.45,50,4950
20231207,14:47:30,340.65,200,4950
20231207,14:47:30,340.7,100,4950
20231207,14:47:31,341.35,400,4950
20231207,14:47:32,341.8,50,4950
20231207,14:47:33,342.05,150,4950
20231207,14:47:36,342.05,200,4950
20231207,14:47:37,342.05,250,4950
20231207,14:47:38,342.15,300,4950
20231207,14:47:39,342.1,250,4950
20231207,14:47:40,342.15,350,4950
20231207,14:47:41,342.15,200,4950
20231207,14:47:42,342.0,250,4950
20231207,14:47:43,341.85,200,4950
20231207,14:47:44,342.0,300,4950
20231207,14:47:45,341.95,200,4950
20231207,14:47:46,341.2,200,4950
20231207,14:47:47,341.35,250,4950
20231207,14:47:48,341.5,300,4950
20231207,14:47:49,341.6,250,4950
20231207,14:47:50,341.9,350,4950
20231207,14:47:51,341.9,250,4950
20231207,14:47:52,342.0,200,4950
20231207,14:47:54,342.0,50,4950
20231207,14:47:54,341.9,150,4950
20231207,14:47:56,341.85,150,4950
20231207,14:47:56,341.9,100,4950
20231207,14:47:57,341.95,150,4950
20231207,14:47:58,341.95,300,4950
20231207,14:47:59,341.8,350,4950
20231207,14:48:01,341.9,300,4950
20231207,14:48:03,341.75,300,4950
20231207,14:48:05,341.85,50,4950
20231207,14:48:11,339.8,100,4950
20231207,14:48:13,337.0,150,4950
20231207,14:48:14,339.5,100,4950
20231207,14:48:15,340.4,250,4950
20231207,14:48:16,340.4,300,21000
20231207,14:48:19,341.6,50,21000
20231207,14:48:24,341.2,250,21000
20231207,14:48:25,341.1,150,21000
20231207,14:48:26,340.2,350,21000
20231207,14:48:27,340.2,650,21000
20231207,14:48:28,341.4,150,21000
20231207,14:48:29,341.3,50,21000
20231207,14:48:30,341.3,50,21000
20231207,14:48:32,340.95,150,21000
20231207,14:48:33,340.3,250,21000
20231207,14:48:33,340.3,50,21000
20231207,14:48:34,340.3,350,21000
20231207,14:48:35,339.5,400,21000
20231207,14:48:36,341.0,350,21000
20231207,14:48:38,341.0,500,21000
20231207,14:48:39,340.9,600,21000
20231207,14:48:39,340.95,50,21000
20231207,14:48:41,341.05,500,21000
20231207,14:48:42,340.7,200,21000
20231207,14:48:43,340.75,250,21000
20231207,14:48:44,341.1,250,21000
20231207,14:48:45,341.5,250,21000
20231207,14:48:46,341.5,250,21000
20231207,14:48:47,341.5,250,21000
20231207,14:48:48,341.5,50,21000
20231207,14:48:49,341.45,200,21000
20231207,14:48:50,340.9,50,21000
20231207,14:48:53,340.9,250,21000
20231207,14:48:53,340.9,50,21000
20231207,14:48:54,340.85,100,21000
20231207,14:48:55,340.9,50,21000
20231207,14:48:56,340.9,250,21000
20231207,14:48:57,341.2,100,21000
20231207,14:48:59,340.9,300,21000
20231207,14:49:00,340.9,300,21000
20231207,14:49:02,341.25,100,21000
20231207,14:49:03,341.3,300,21000
20231207,14:49:04,341.3,250,21000
20231207,14:49:05,341.55,600,21000
20231207,14:49:06,341.55,100,21000
20231207,14:49:07,341.6,300,21000
20231207,14:49:22,342.1,50,21000
20231207,14:54:04,342.15,200,29400
20231207,14:54:39,342.1,50,29500
20231207,14:55:47,343.3,300,29500
20231207,14:55:57,343.2,300,29500
20231207,14:56:06,344.0,750,29500
20231207,15:01:32,344.0,50,30300
20231207,15:02:44,344.0,50,30300
20231207,15:07:35,341.15,100,30300
20231207,15:11:05,347.35,50,30400
20231207,15:11:55,347.15,100,30400
20231207,15:11:58,346.6,50,30400
20231207,15:16:38,345.85,50,30450
20231207,15:23:20,348.5,50,30450
20231207,15:25:30,349.5,50,30400
20231207,15:25:51,349.5,50,30400
20231207,15:26:04,350.0,50,30400
20231207,15:26:09,350.0,50,30400
20231207,15:26:10,350.0,200,30400
20231207,15:26:19,350.0,350,30400
20231207,15:26:20,350.0,100,30400
20231207,15:27:11,350.1,50,30400
20231207,15:27:46,350.95,50,29550
20231207,15:27:53,350.95,50,29550
20231207,15:27:56,351.0,50,29550
20231208,09:15:15,359.9,1,29450
20231208,09:15:15,359.9,100,29450
20231208,09:17:52,357.9,50,29450
20231208,09:18:51,357.9,100,29450
20231208,09:22:07,355.7,300,29500
20231208,09:24:24,362.25,100,29800
20231208,09:24:48,371.9,50,29800
20231208,09:38:12,371.9,50,29900
20231208,09:41:34,365.0,50,29900
20231208,09:42:19,365.9,50,29900
20231208,09:43:18,371.65,50,29900
20231208,09:47:33,374.05,50,29750
20231208,09:48:53,374.1,50,29750
20231208,09:55:10,379.55,50,29650
20231208,09:55:29,382.6,100,29650
20231208,09:55:48,382.6,500,29650
20231208,10:02:47,386.45,50,30000
20231208,10:03:06,387.9,50,30000
20231208,10:03:54,387.9,500,30000
20231208,10:04:58,386.2,600,30000
20231208,10:06:15,383.75,600,30150
20231208,10:35:02,380.6,200,29750
20231208,10:36:49,385.9,50,29700
20231208,10:45:18,385.9,50,29750
20231208,10:47:23,387.0,500,29750
20231208,10:52:05,380.0,50,30250
20231208,10:52:46,376.05,100,30250
20231208,10:55:02,370.0,50,30300
20231208,11:01:28,366.0,50,30350
20231208,11:10:15,330.3,100,30350
20231208,11:10:43,330.3,1000,30350
20231208,11:13:01,332.8,1000,31450
20231208,11:13:58,340.0,50,31450
20231208,11:31:24,353.05,50,30500
20231208,11:37:05,361.45,50,30500
20231208,11:38:17,364.0,50,30500
20231208,12:18:10,354.6,50,30550
20231208,12:39:52,340.85,300,30600
20231208,12:40:22,336.05,400,30600
20231208,12:40:54,336.55,50,30600
20231208,12:43:01,334.65,50,30950
20231208,12:44:23,331.0,50,30950
20231208,12:46:28,330.95,50,31050
20231208,12:47:10,324.35,100,31050
20231208,12:48:53,323.15,100,31200
20231208,12:50:14,323.1,50,31200
20231208,12:54:10,318.35,100,31200
20231208,13:02:38,312.95,50,31350
20231208,13:03:23,310.3,50,31350
20231208,13:05:25,309.2,100,31350
20231208,13:08:12,309.2,200,31400
20231208,13:09:07,314.15,50,31400
20231208,13:09:25,314.15,50,31400
20231208,13:10:00,312.0,50,31400
20231208,13:11:39,313.7,100,31400
20231208,13:12:31,313.65,50,31450
20231208,13:14:32,324.9,50,31450
20231208,13:15:08,325.35,50,31500
20231208,13:15:26,325.15,50,31500
20231208,13:16:11,326.0,100,31500
20231208,13:16:20,326.0,100,31500
20231208,13:18:00,320.3,50,31500
20231208,13:23:03,313.8,50,31750
20231208,13:29:06,310.0,200,31750
20231208,13:31:43,309.6,50,31950
20231208,13:33:46,315.35,50,32000
20231208,13:34:05,317.0,150,32000
20231208,13:39:25,300.0,50,32050
20231208,13:42:18,296.75,150,32100
20231208,13:42:46,294.2,200,32100
20231208,13:43:06,293.6,100,32100
20231208,13:43:16,293.1,100,32100
20231208,13:43:35,293.1,50,32100
20231208,13:44:53,287.2,600,32100
20231208,13:45:42,287.2,100,32000
20231208,13:45:52,292.3,150,32000
20231208,13:46:12,295.7,250,32000
20231208,13:48:07,294.2,50,32150
20231208,13:48:26,290.0,300,32150
20231208,13:55:00,297.0,50,32150
20231208,13:56:21,301.4,250,32150
20231208,13:57:49,300.15,50,32200
20231208,14:00:48,303.0,50,32200
20231208,14:01:16,304.8,50,32200
20231208,14:01:26,306.0,350,32200
20231208,14:05:29,306.0,50,32250
20231208,14:05:58,306.0,50,32250
20231208,14:06:26,313.25,150,32150
20231208,14:16:48,317.25,50,32300
20231208,14:38:06,325.0,200,32350
20231208,14:41:45,326.9,50,32150
20231208,15:01:27,343.8,50,32100
20231208,15:03:07,356.85,50,32100
20231208,15:08:25,362.3,1250,32200
20231208,15:09:43,359.55,50,33450
20231208,15:15:27,364.5,250,33400
20231208,15:16:17,364.35,1250,33400
20231208,15:25:02,376.0,50,32100
20231208,15:25:40,373.65,200,32100
20231208,15:27:49,371.65,50,31950
20231208,15:29:24,374.65,50,31950
20231211,09:15:39,363.95,1,31500
20231211,09:15:39,363.95,100,31500
20231211,09:16:10,363.65,50,31500
20231211,09:17:40,358.65,50,31650
20231211,09:17:53,358.65,50,31650
20231211,09:20:41,362.0,50,31650
20231211,09:23:15,371.0,50,31650
20231211,09:24:42,391.8,50,31650
20231211,09:24:50,391.8,150,31650
20231211,09:26:24,371.5,50,31650
20231211,09:27:56,356.45,50,31500
20231211,09:28:39,356.45,50,31500
20231211,09:28:59,355.25,100,31500
20231211,09:29:39,353.0,50,31400
20231211,09:32:09,353.0,100,31400
20231211,09:41:06,365.0,50,31350
20231211,09:43:11,363.95,100,31400
20231211,09:57:15,373.55,100,31500
20231211,09:58:04,366.25,150,31500
20231211,09:58:14,367.3,50,31500
20231211,09:58:52,371.05,50,31500
20231211,09:59:29,375.4,50,31500
20231211,09:59:57,374.1,50,31200
20231211,10:07:33,367.1,350,31150
20231211,10:16:39,377.1,50,31500
20231211,10:23:26,381.95,50,31450
20231211,10:24:37,386.0,50,31500
20231211,10:24:48,392.0,50,31500
20231211,10:28:36,392.0,350,31400
20231211,10:31:46,385.0,50,31750
20231211,10:34:58,383.85,1000,31700
20231211,10:42:27,350.35,100,30700
20231211,10:42:58,343.25,50,30700
20231211,10:44:38,343.25,100,30700
20231211,10:44:48,352.5,50,30850
20231211,10:45:17,355.45,350,30850
20231211,10:46:56,357.2,350,30850
20231211,10:49:25,354.0,50,31600
20231211,10:51:28,350.0,50,31650
20231211,10:53:33,344.45,100,31650
20231211,10:54:23,345.0,950,31800
20231211,10:54:34,348.45,900,31800
20231211,11:06:39,374.0,50,31850
20231211,11:08:44,372.9,200,31800
20231211,11:21:25,370.25,50,31650
20231211,11:22:22,375.0,50,31650
20231211,11:27:58,372.9,50,31600
20231211,11:30:30,367.0,50,31600
20231211,11:33:49,373.5,200,31600
20231211,11:37:47,364.0,50,31800
20231211,11:46:50,368.0,100,31850
20231211,11:46:58,367.0,100,31850
20231211,11:53:54,355.0,50,32050
20231211,12:15:13,360.0,50,32100
20231211,12:16:19,361.25,50,32100
20231211,12:26:29,353.6,50,32150
20231211,12:26:30,353.65,50,32150
20231211,12:26:40,352.95,100,32150
20231211,12:26:45,352.9,150,32150
20231211,12:27:15,352.75,150,32250
20231211,12:28:57,350.25,150,32250
20231211,12:29:42,350.65,150,32250
20231211,12:35:13,352.1,50,32700
20231211,12:35:39,352.85,550,32700
20231211,12:35:41,353.5,300,32700
20231211,12:35:43,353.5,50,32700
20231211,12:35:45,353.3,150,32700
20231211,12:35:47,353.5,150,32700
20231211,12:36:44,346.35,150,33950
20231211,12:41:25,355.35,500,34100
20231211,12:47:05,355.65,50,34600
20231211,12:47:11,355.2,350,34600
20231211,12:48:01,360.65,200,34600
20231211,12:48:01,359.5,100,34600
20231211,12:48:23,359.4,50,34600
20231211,12:48:32,358.95,250,34600
20231211,12:49:18,358.0,50,34600
20231211,12:49:27,358.0,50,34600
20231211,12:51:14,357.65,50,35300
20231211,12:52:49,353.9,150,35300
20231211,12:56:36,353.0,50,35450
20231211,13:02:14,354.5,50,35500
20231211,13:28:25,360.0,300,35500
20231211,13:28:52,360.15,250,35550
20231211,13:29:49,359.0,50,35550
20231211,13:30:47,359.0,50,36150
20231211,13:37:27,364.4,250,36200
20231211,13:41:04,365.0,50,35950
20231211,13:42:43,366.65,100,35900
20231211,13:43:05,365.5,100,35900
20231211,13:43:06,365.65,100,35900
20231211,13:53:04,358.05,750,35900
20231211,14:01:28,360.2,750,36950
20231211,14:07:07,364.9,50,36450
20231211,14:09:46,368.0,50,36450
20231211,14:10:44,368.65,200,36500
20231211,14:12:56,368.95,50,36650
20231211,14:13:03,368.85,50,36650
20231211,14:13:07,369.85,100,36650
20231211,14:13:12,369.5,50,36650
20231211,14:13:13,369.5,50,36650
20231211,14:13:21,370.8,50,36650
20231211,14:13:22,370.8,100,36650
20231211,14:13:41,370.0,50,36650
20231211,14:22:25,371.75,50,36650
20231211,14:24:39,370.95,100,37150
20231211,14:24:41,370.95,100,37150
20231211,14:24:43,370.9,100,37150
20231211,14:24:46,370.65,100,37150
20231211,14:24:49,370.4,100,37150
20231211,14:24:53,371.0,100,37150
20231211,14:24:55,370.05,100,37150
20231211,14:25:01,369.5,100,37150
20231211,14:25:06,369.25,100,37150
20231211,14:25:08,369.55,50,37150
20231211,14:25:09,369.8,50,37150
20231211,14:25:13,369.8,100,37150
20231211,14:25:14,369.9,50,37150
20231211,14:25:22,370.0,50,37150
20231211,14:27:19,365.8,100,38350
20231211,14:27:29,365.85,50,38350
20231211,14:27:33,365.75,50,38350
20231211,14:27:38,365.75,100,38350
20231211,14:27:39,365.75,100,38350
20231211,14:27:43,365.8,50,38350
20231211,14:27:46,365.95,100,38350
20231211,14:27:47,366.35,150,38350
20231211,14:27:49,366.1,150,38350
20231211,14:27:55,366.5,100,38350
20231211,14:27:56,366.25,100,38350
20231211,14:31:32,370.3,50,39400
20231211,14:31:33,369.7,100,39400
20231211,14:31:43,369.6,200,39400
20231211,14:31:46,369.85,150,39400
20231211,14:32:01,369.5,50,39400
20231211,14:33:15,368.25,250,39950
20231211,14:33:57,368.25,50,39950
20231211,14:35:12,374.0,50,39950
20231211,14:46:21,370.0,50,40150
20231211,14:46:51,373.5,50,40150
20231211,14:49:00,375.25,500,40050
20231211,14:55:32,369.5,50,40550
20231211,14:56:19,371.5,550,40550
20231211,14:57:57,371.0,50,40550
20231211,15:01:21,369.25,100,40500
20231211,15:03:12,375.0,150,40500
20231211,15:06:29,377.1,50,40300
20231211,15:07:36,375.35,50,40300
20231211,15:07:45,374.95,50,40300
20231211,15:08:47,372.85,50,40300
20231211,15:16:54,360.0,50,40250
20231211,15:20:39,361.0,50,40300
20231211,15:25:32,363.3,50,40350
20231211,15:28:32,362.65,200,40350
20231211,15:29:21,362.5,350,40350
20231212,09:24:03,390.0,1,40350
20231212,09:24:03,390.0,50,40350
20231212,09:33:20,391.0,50,40300
20231212,09:33:29,393.0,100,40300
20231212,09:34:16,393.15,50,40300
20231212,09:38:07,399.2,50,40250
20231212,09:38:17,399.2,50,40250
20231212,09:42:15,386.95,50,40250
20231212,09:45:44,386.4,100,40250
20231212,09:47:16,385.6,100,40250
20231212,09:47:42,385.6,50,40250
20231212,09:47:59,386.05,150,40250
20231212,09:48:08,388.6,900,40250
20231212,09:48:17,388.45,50,40250
20231212,09:48:51,387.85,250,40250
20231212,09:49:00,389.05,100,40250
20231212,09:49:25,386.3,50,40250
20231212,09:49:35,385.65,50,40250
20231212,09:49:45,388.0,100,40250
20231212,09:50:30,387.4,900,40250
20231212,09:51:14,386.95,50,40250
20231212,09:51:23,386.05,50,40250
20231212,09:58:16,386.1,500,40250
20231212,10:02:28,378.15,100,39750
20231212,10:15:08,377.75,50,39700
20231212,10:19:58,360.0,50,39750
20231212,10:20:29,360.0,50,39750
20231212,10:21:11,367.35,50,39850
20231212,10:21:21,363.85,100,39850
20231212,10:34:07,372.85,50,40000
20231212,11:08:31,381.95,50,40000
20231212,11:36:04,364.3,100,40050
20231212,11:50:12,373.85,50,39950
20231212,12:48:08,365.0,50,40000
20231212,12:50:03,363.45,50,40000
20231212,12:51:46,354.3,50,40100
20231212,12:52:56,354.3,100,40100
20231212,12:53:25,355.45,50,40100
20231212,13:02:06,349.6,50,40150
20231212,13:03:04,349.6,100,40150
20231212,13:14:17,349.6,100,40250
20231212,13:18:02,349.4,50,40250
20231212,13:38:32,349.4,50,40300
20231212,13:39:15,357.8,100,40300
20231212,13:39:16,357.8,100,40350
20231212,13:44:42,360.65,100,40550
20231212,13:45:07,359.2,100,40550
20231212,13:45:53,356.55,100,40650
20231212,13:48:09,359.3,100,40650
20231212,13:55:09,358.8,50,40750
20231212,13:56:23,354.85,50,40750
20231212,13:58:57,352.55,100,40750
20231212,13:59:40,349.0,50,40750
20231212,14:00:17,349.0,50,40750
20231212,14:00:37,348.4,300,40800
20231212,14:00:57,351.25,100,40800
20231212,14:03:06,351.0,50,40800
20231212,14:03:07,351.15,50,40800
20231212,14:03:56,352.0,200,41150
20231212,14:03:58,352.0,100,41150
20231212,14:07:45,351.05,50,40850
20231212,14:07:55,351.0,550,40850
20231212,14:08:15,351.0,1250,40850
20231212,14:18:51,347.0,50,42700
20231212,14:29:52,340.0,150,42650
20231212,14:44:41,320.0,50,42800
20231212,14:45:52,320.0,150,42850
20231212,14:46:23,326.75,50,42850
20231212,14:51:41,317.15,50,42800
20231212,14:52:03,315.0,50,42800
20231212,14:52:45,313.0,100,42800
20231212,14:53:19,312.75,100,42800
20231212,14:54:21,312.75,50,42800
20231212,14:54:31,317.7,50,42850
20231212,14:54:41,317.7,100,42850
20231212,14:56:09,318.4,100,42850
20231212,14:56:41,317.7,250,42850
20231212,14:58:12,317.7,100,43150
20231212,14:59:09,317.85,100,43150
20231212,15:03:16,329.25,100,42950
20231212,15:05:14,329.25,50,42900
20231212,15:05:36,331.25,150,42900
20231212,15:05:57,330.55,50,42900
20231212,15:07:24,334.0,50,42850
20231212,15:09:25,334.0,600,42850
20231212,15:10:09,334.0,250,42300
20231212,15:11:34,330.75,50,42300
20231212,15:12:29,325.55,50,42100
20231212,15:13:45,325.55,950,42100
20231212,15:18:03,329.25,50,41150
20231212,15:19:45,333.85,50,41150
20231212,15:23:15,329.75,50,41200
20231212,15:25:29,325.85,50,41200
20231212,15:26:43,321.4,50,41200
20231212,15:27:51,319.4,50,41250
20231213,09:16:08,315.35,1,41250
20231213,09:16:08,315.35,100,41250
20231213,09:16:48,311.55,50,41300
20231213,09:19:39,311.55,50,41400
20231213,09:21:10,319.0,50,41400
20231213,09:22:09,316.8,50,41400
20231213,09:24:37,316.75,250,41450
20231213,09:25:15,318.9,50,41450
20231213,09:25:25,321.25,50,41450
20231213,09:26:25,321.25,100,41450
20231213,09:26:45,321.9,100,41850
20231213,09:27:15,323.7,50,41850
20231213,09:27:25,323.7,50,41850
20231213,09:27:36,324.15,50,41850
20231213,09:27:46,324.15,100,41850
20231213,09:27:56,328.75,50,41850
20231213,09:28:26,329.3,100,41850
20231213,09:30:06,335.15,50,42300
20231213,09:32:06,335.15,50,42300
20231213,09:32:47,329.15,50,42400
20231213,09:33:07,321.9,50,42400
20231213,09:37:42,320.5,100,42400
20231213,09:37:53,320.5,50,42400
20231213,09:38:53,322.6,50,42550
20231213,09:39:33,322.6,100,42550
20231213,09:39:43,322.7,50,42550
20231213,09:39:53,323.05,100,42550
20231213,09:40:13,324.9,750,42550
20231213,09:40:44,325.3,250,42550
20231213,09:41:34,322.95,50,42550
20231213,09:44:37,315.75,50,43200
20231213,09:48:57,317.15,100,43250
20231213,09:53:30,304.7,50,43250
20231213,09:55:14,299.25,300,43250
20231213,09:55:25,295.15,50,43250
20231213,09:55:47,293.8,50,43250
20231213,09:56:18,293.8,150,43250
20231213,09:56:38,292.0,250,43250
20231213,09:56:59,292.0,200,42850
20231213,09:57:09,292.0,50,42850
20231213,09:57:20,292.0,50,42850
20231213,09:57:41,289.85,50,42850
20231213,09:58:22,286.5,50,42850
20231213,09:58:32,284.5,50,42850
20231213,09:59:04,284.5,50,42850
20231213,10:01:21,286.7,50,42850
20231213,10:02:03,282.0,50,42850
20231213,10:02:25,278.25,100,42850
20231213,10:02:56,277.75,50,42850
20231213,10:03:17,277.75,1050,42850
20231213,10:03:28,281.1,150,42850
20231213,10:04:09,280.0,150,42850
20231213,10:04:39,281.75,300,42850
20231213,10:04:49,281.75,100,42850
20231213,10:06:53,288.8,50,42950
20231213,10:08:15,295.4,50,42950
20231213,10:08:25,293.2,50,42950
20231213,10:09:47,296.25,300,42950
20231213,10:09:58,296.3,100,42950
20231213,10:10:08,293.2,150,42950
20231213,10:15:25,293.2,50,43500
20231213,10:15:35,288.55,50,43500
20231213,10:16:36,287.95,200,43500
20231213,10:19:26,287.95,50,43600
20231213,10:20:12,283.6,50,43600
20231213,10:20:15,284.2,50,43600
20231213,10:20:16,284.25,50,43600
20231213,10:22:30,279.75,150,43700
20231213,10:23:34,275.0,500,43700
20231213,10:26:23,275.0,50,44200
20231213,10:27:04,275.3,600,44250
20231213,10:27:25,273.9,50,44250
20231213,10:27:56,273.9,900,44250
20231213,10:28:07,272.95,150,44250
20231213,10:28:17,272.95,50,44250
20231213,10:30:22,272.45,50,45200
20231213,10:31:06,269.75,100,45200
20231213,10:31:48,269.75,150,45200
20231213,10:34:37,267.0,50,45200
20231213,10:35:08,266.2,350,45200
20231213,10:36:37,266.2,50,45200
20231213,10:38:46,269.9,50,45300
20231213,10:39:05,269.9,150,45350
20231213,10:39:15,272.25,50,45350
20231213,10:39:35,269.45,150,45350
20231213,10:40:53,268.45,50,45350
20231213,10:41:03,268.0,1100,45350
20231213,10:45:04,274.0,50,45450
20231213,10:51:13,266.8,50,45500
20231213,10:53:14,274.3,50,45500
20231213,10:53:46,271.0,50,45500
20231213,10:58:51,280.1,50,45500
20231213,11:00:34,280.1,950,45500
20231213,11:04:25,288.1,100,44550
20231213,11:05:21,285.5,50,44550
20231213,11:08:33,285.5,150,44450
20231213,11:11:05,282.0,100,44600
20231213,11:11:19,282.0,500,44600
20231213,11:13:34,284.3,50,44200
20231213,11:17:36,278.65,50,44200
20231213,11:22:16,277.35,50,44200
20231213,11:23:02,273.85,50,44200
20231213,11:27:41,271.65,50,44250
20231213,11:28:37,269.45,200,44250
20231213,11:32:19,267.15,100,44400
20231213,11:32:39,265.5,200,44400
20231213,11:32:48,264.65,200,44400
20231213,11:32:57,264.2,100,44400
20231213,11:33:47,263.7,250,44400
20231213,11:34:53,260.0,50,44400
20231213,11:35:03,253.55,400,44400
20231213,11:35:14,252.95,50,44400
20231213,11:38:17,247.1,50,44450
20231213,11:39:27,247.1,200,44450
20231213,11:40:46,247.3,50,44450
20231213,11:42:18,253.0,50,44650
20231213,11:45:00,256.15,50,44650
20231213,11:47:52,262.05,200,44700
20231213,11:48:01,260.15,100,44700
20231213,11:52:05,260.0,50,44900
20231213,11:52:58,258.05,150,44900
20231213,11:53:40,258.05,50,44900
20231213,11:54:13,257.4,50,45100
20231213,11:54:23,255.9,50,45100
20231213,11:56:10,256.0,50,45100
20231213,11:59:21,254.0,50,45100
20231213,12:00:57,251.0,50,45100
20231213,12:01:16,253.1,50,45050
20231213,12:02:20,259.7,50,45050
20231213,12:04:10,260.65,50,45200
20231213,12:05:02,257.0,150,45200
20231213,12:09:03,259.85,250,45300
20231213,12:10:38,259.85,250,45550
20231213,12:19:00,252.35,50,45700
20231213,12:21:27,252.25,50,45750
20231213,12:21:37,250.05,50,45750
20231213,12:30:01,250.45,50,45850
20231213,12:36:00,254.15,100,45900
20231213,12:46:49,266.0,100,45900
20231213,12:46:59,266.9,350,45900
20231213,12:47:10,268.55,100,45900
20231213,12:48:56,270.0,150,45650
20231213,12:51:41,266.85,50,45500
20231213,12:54:52,269.0,50,45550
20231213,12:58:40,272.0,50,45500
20231213,13:03:14,280.2,50,45450
20231213,13:05:11,282.35,50,45450
20231213,13:06:01,282.35,200,45450
20231213,13:13:08,278.7,150,45450
20231213,13:13:28,276.9,50,45450
20231213,13:17:15,282.0,200,45400
20231213,13:18:45,288.0,50,45200
20231213,13:28:58,278.05,50,45150
20231213,13:41:06,298.55,100,45150
20231213,13:41:26,299.0,50,45150
20231213,13:43:47,302.3,50,45200
20231213,13:43:57,300.5,50,45200
20231213,13:44:28,306.0,100,45200
20231213,13:44:49,303.35,50,45200
20231213,13:46:39,300.0,50,45150
20231213,13:47:08,297.25,100,45150
20231213,13:47:18,296.85,50,45150
20231213,13:48:27,298.55,50,45200
20231213,13:54:19,306.65,150,45250
20231213,13:56:23,298.55,50,45300
20231213,13:59:59,298.5,50,45350
20231213,14:01:50,305.0,150,45350
20231213,14:06:00,307.15,300,45250
20231213,14:11:16,306.7,100,45550
20231213,14:12:03,301.25,350,45550
20231213,14:12:22,300.0,50,45550
20231213,14:14:32,300.0,300,45450
20231213,14:15:26,301.15,100,45450
20231213,14:16:03,301.0,50,45700
20231213,14:17:28,293.2,200,45700
20231213,14:25:26,284.05,50,45850
20231213,14:25:45,284.0,50,45850
20231213,14:30:29,295.35,100,45800
20231213,14:36:36,280.0,50,45800
20231213,14:38:53,280.05,50,45800
20231213,14:40:43,280.0,50,45900
20231213,14:47:30,277.5,100,45950
20231213,15:00:20,297.0,100,46050
20231213,15:01:19,301.9,50,46050
20231213,15:03:15,316.0,50,46050
20231213,15:05:35,314.95,50,46150
20231213,15:05:45,316.0,50,46150
20231213,15:07:29,315.0,50,46050
20231213,15:10:44,314.6,50,46100
20231213,15:11:04,314.6,50,46100
20231213,15:11:24,315.5,100,46100
20231213,15:13:18,315.5,50,45950
20231213,15:15:10,310.95,850,45950
20231213,15:16:56,313.45,150,45900
20231213,15:18:11,312.55,50,45900
20231213,15:20:08,314.9,50,46000
20231213,15:21:39,313.1,150,46050
20231213,15:22:05,314.0,150,46050
20231213,15:24:34,317.0,200,46050
20231213,15:24:44,316.5,50,45800
20231213,15:24:53,317.9,350,45800
20231213,15:25:13,317.95,300,45800
20231213,15:25:32,317.55,50,45800
20231213,15:27:22,322.25,50,45800
20231213,15:27:33,322.6,100,45800
20231213,15:29:16,322.6,50,45650
20231214,09:15:11,380.0,1,45650
20231214,09:15:11,417.6,1,45650
20231214,09:15:11,410.05,300,45650
20231214,09:15:23,426.7,250,45650
20231214,09:15:34,409.85,550,45650
20231214,09:15:43,420.0,150,45650
20231214,09:16:16,427.0,150,45650
20231214,09:17:22,428.9,50,45650
20231214,09:17:30,429.45,50,45650
20231214,09:18:12,432.0,50,44650
20231214,09:18:48,432.0,50,44650
20231214,09:19:06,432.15,50,44650
20231214,09:19:24,435.95,100,44650
20231214,09:20:02,435.95,250,44650
20231214,09:20:20,434.15,100,44650
20231214,09:20:29,434.3,350,44650
20231214,09:20:47,433.15,1100,44850
20231214,09:20:56,433.75,100,44850
20231214,09:21:22,432.85,1000,44850
20231214,09:21:31,431.25,150,44850
20231214,09:21:40,429.2,100,44850
20231214,09:23:51,422.0,50,44200
20231214,09:24:00,421.2,50,44200
20231214,09:24:10,422.85,100,44200
20231214,09:24:28,422.85,250,44200
20231214,09:25:19,422.55,250,44200
20231214,09:25:23,424.0,250,44200
20231214,09:26:27,431.1,100,44200
20231214,09:26:46,435.0,100,44200
20231214,09:27:07,439.25,100,43400
20231214,09:27:17,443.2,150,43400
20231214,09:29:57,449.0,50,43500
20231214,09:35:33,452.05,400,43450
20231214,09:36:12,456.1,150,43450
20231214,09:37:40,456.1,50,43450
20231214,09:41:42,451.2,800,43500
20231214,09:43:28,452.65,50,43500
20231214,09:43:37,450.8,150,43500
20231214,09:44:27,452.0,50,43500
20231214,09:44:56,455.75,100,43400
20231214,09:45:35,454.2,100,43400
20231214,09:45:44,452.1,150,43400
20231214,09:46:22,452.85,500,43400
20231214,09:47:53,455.9,50,42950
20231214,09:48:32,456.15,150,42950
20231214,09:49:12,464.45,50,42950
20231214,09:49:23,466.2,50,42950
20231214,09:49:33,466.2,250,42950
20231214,09:50:24,476.65,50,42950
20231214,09:54:59,483.05,50,42700
20231214,09:55:09,483.05,50,42700
20231214,09:57:01,484.35,450,42650
20231214,09:57:31,484.4,400,42650
20231214,09:59:12,489.4,400,42650
20231214,10:00:02,491.95,300,42700
20231214,10:06:36,491.95,100,43000
20231214,10:08:28,480.0,50,43000
20231214,10:09:18,478.4,50,43050
20231214,10:12:13,473.95,50,43100
20231214,10:12:53,479.35,400,43100
20231214,10:16:37,470.0,50,43050
20231214,10:16:48,469.1,150,43050
20231214,10:20:53,468.15,150,43250
20231214,10:33:17,471.2,50,43250
20231214,10:34:40,463.0,200,43250
20231214,10:35:11,465.05,50,43250
20231214,11:17:45,467.05,50,43300
20231214,11:25:21,466.8,50,43250
20231214,11:26:22,467.5,50,43250
20231214,11:32:33,464.05,50,43150
20231214,11:42:16,487.1,100,43100
20231214,11:42:27,481.8,150,43100
20231214,11:56:31,470.0,50,42950
20231214,12:10:17,472.25,50,42950
20231214,12:29:00,481.0,100,43000
20231214,12:35:53,474.1,50,42900
20231214,12:52:32,481.95,50,42900
20231214,12:58:08,483.0,50,42900
20231214,13:09:15,492.0,50,42950
20231214,13:19:15,494.35,50,42900
20231214,13:19:53,501.0,100,42900
20231214,13:22:15,512.7,50,42750
20231214,13:22:57,512.7,150,42750
20231214,13:24:27,515.0,50,42600
20231214,13:25:36,515.0,50,42600
20231214,13:26:35,515.5,50,42600
20231214,13:26:44,515.5,50,42600
20231214,13:27:22,513.25,300,42550
20231214,13:28:09,515.5,50,42550
20231214,13:28:20,514.75,200,42550
20231214,13:29:58,514.75,50,42550
20231214,13:32:13,518.2,450,42000
20231214,13:32:22,518.2,50,42000
20231214,13:40:35,527.95,100,42000
20231214,13:45:13,533.35,100,41900
20231214,13:45:21,533.35,50,41900
20231214,13:45:47,530.9,250,41900
20231214,13:46:25,529.95,200,41900
20231214,13:47:04,530.2,50,41900
20231214,13:48:53,530.15,50,41800
20231214,13:49:13,524.5,400,41800
20231214,13:49:34,520.65,150,41800
20231214,13:50:25,520.8,350,41800
20231214,14:03:45,526.85,100,41950
20231214,14:11:17,525.15,100,41850
20231214,14:13:12,532.1,400,41850
20231214,14:27:34,536.15,150,41850
20231214,14:34:49,536.15,50,41700
20231214,14:35:16,531.25,50,41700
20231214,14:37:18,528.85,50,41600
20231214,14:45:44,537.85,100,41600
20231214,14:46:42,537.85,100,41600
20231214,14:49:29,534.6,100,41450
20231214,14:51:34,532.15,100,41500
20231214,14:54:28,524.0,100,41500
20231214,14:54:38,525.0,50,41300
20231214,14:56:19,522.1,50,41300
20231214,15:00:25,519.35,100,41250
20231214,15:01:06,520.3,50,41250
20231214,15:02:17,523.95,150,41250
20231214,15:11:28,522.65,50,41100
20231214,15:11:45,522.3,50,41100
20231214,15:12:02,521.95,50,41100
20231214,15:14:13,522.05,300,40950
20231214,15:14:14,522.1,50,40950
20231214,15:14:16,522.6,150,40950
20231214,15:14:17,522.65,150,40950
20231214,15:21:20,538.25,150,40350
20231214,15:21:21,538.25,100,40350
20231214,15:21:25,537.65,500,40350
20231214,15:21:27,537.7,350,40350
20231214,15:21:32,537.85,300,40350
20231214,15:21:33,538.2,500,39900
20231214,15:21:34,538.0,400,39900
20231214,15:21:38,538.9,250,39900
20231214,15:21:53,541.95,50,39900
20231214,15:22:27,542.25,50,39900
20231214,15:23:05,542.25,50,39900
20231214,15:23:06,541.05,100,39900
20231214,15:23:07,541.0,650,39900
20231214,15:23:08,541.1,250,39900
20231214,15:23:15,540.1,150,39900
20231214,15:23:19,540.75,600,39900
20231214,15:23:26,542.0,550,39900
20231214,15:23:34,543.25,200,39900
20231214,15:23:35,543.5,300,39900
20231214,15:23:36,543.9,200,39900
20231214,15:23:42,545.2,200,39900
20231214,15:23:43,545.2,150,39900
20231214,15:24:11,545.4,50,39900
20231214,15:24:38,550.75,50,35050
20231214,15:25:12,552.0,100,35050
20231214,15:25:47,553.15,50,35050
20231214,15:27:21,557.8,100,35050
20231214,15:27:32,557.8,150,35050
20231215,09:18:36,585.5,1,34300
20231215,09:18:36,585.5,100,34300
20231215,09:19:17,585.0,50,34300
20231215,09:20:15,585.0,50,34300
20231215,09:21:30,579.3,100,34300
20231215,09:24:04,579.3,100,34300
20231215,09:24:29,579.3,50,34300
20231215,09:24:55,575.55,50,34300
20231215,09:30:04,575.55,100,34250
20231215,09:35:36,582.0,50,34250
20231215,09:40:12,562.45,50,34250
20231215,09:40:21,562.45,50,34250
20231215,09:43:05,564.9,100,34200
20231215,09:44:14,565.75,50,34200
20231215,09:44:23,566.15,50,34200
20231215,09:45:12,572.85,50,34000
20231215,09:45:20,572.0,50,34000
20231215,09:48:39,576.2,50,33950
20231215,09:50:58,569.95,50,34000
20231215,09:58:05,577.95,50,34000
20231215,09:59:03,581.0,50,34000
20231215,09:59:54,583.6,50,34000
20231215,10:00:39,587.65,50,34000
20231215,10:00:47,589.35,50,34000
20231215,10:06:12,606.55,50,33900
20231215,10:10:29,606.55,200,33850
20231215,10:10:37,608.65,50,33850
20231215,10:10:46,608.65,100,33850
20231215,10:11:53,613.65,50,33500
20231215,10:18:45,613.65,50,33500
20231215,10:20:45,620.6,50,33450
20231215,10:23:03,620.6,50,33450
20231215,10:24:08,624.25,50,33400
20231215,10:26:04,630.85,500,33400
20231215,10:28:58,624.8,50,32850
20231215,10:30:58,625.0,1000,32850
20231215,10:39:18,606.65,50,32850
20231215,10:56:40,567.75,50,32800
20231215,10:59:47,590.4,50,32750
20231215,11:17:02,596.5,100,32800
20231215,11:19:52,596.4,50,32900
20231215,11:45:43,610.5,100,32900
20231215,11:46:20,609.6,50,32900
20231215,11:46:35,608.1,250,32900
20231215,11:50:55,605.85,250,32800
20231215,11:51:18,606.5,50,32800
20231215,11:53:19,610.15,250,32800
20231215,11:59:28,607.15,250,32800
20231215,11:59:42,606.15,250,32800
20231215,12:07:51,611.95,100,32800
20231215,12:31:22,619.25,50,32800
20231215,13:21:35,620.85,50,32800
20231215,13:23:14,626.8,50,32800
20231215,13:33:26,635.0,100,32800
20231215,13:58:08,642.0,150,32750
20231215,13:59:54,652.15,100,32750
20231215,14:01:54,653.5,100,32750
20231215,14:03:00,653.6,100,32750
20231215,14:04:23,655.2,150,32850
20231215,14:05:56,655.2,100,32850
20231215,14:06:31,638.25,150,33100
20231215,14:08:32,638.25,50,33100
20231215,14:10:30,639.6,50,33000
20231215,14:19:47,630.5,50,33000
20231215,14:39:41,646.05,50,33000
20231215,14:40:19,646.45,50,32950
20231215,14:45:13,651.75,50,32850
20231215,14:46:58,653.25,100,32800
20231215,14:47:15,653.8,50,32800
20231215,14:47:46,654.05,50,32800
20231215,14:53:59,700.0,100,32600
20231215,14:55:51,710.0,50,32700
20231215,14:57:10,710.0,100,32700
20231215,14:58:45,707.95,50,32650
20231215,15:00:14,715.35,150,32650
20231215,15:03:13,745.85,50,32550
20231215,15:04:50,745.85,50,32600
20231215,15:12:17,735.75,100,32600
20231215,15:13:54,750.0,50,32550
20231215,15:17:33,777.0,50,32450
20231215,15:17:43,777.0,50,32450
20231215,15:18:04,777.0,50,32450
20231215,15:18:15,770.95,50,32450
20231215,15:18:25,762.0,100,32500
20231215,15:18:55,770.0,50,32500
20231215,15:21:31,738.25,50,32400
20231215,15:21:43,740.8,100,32400
20231215,15:24:36,751.2,150,32350
20231215,15:26:35,755.15,50,32350
20231218,09:15:21,694.9,1,32000
20231218,09:15:21,694.9,50,32000
20231218,09:19:29,707.25,150,32050
20231218,09:23:43,709.45,500,32000
20231218,09:24:15,709.45,50,32000
20231218,09:26:51,725.7,150,32550
20231218,09:33:46,725.7,600,32550
20231218,09:34:35,690.0,150,32550
20231218,09:55:56,690.0,50,32600
20231218,10:01:30,699.0,50,32650
20231218,10:07:55,712.55,50,32650
20231218,10:10:02,706.05,100,32700
20231218,10:25:09,715.0,50,32600
20231218,10:25:29,717.2,50,32600
20231218,10:43:27,698.75,100,32500
20231218,10:50:49,709.55,50,32500
20231218,11:29:36,725.0,50,32500
20231218,11:39:06,732.0,50,32500
20231218,11:42:51,732.0,50,32500
20231218,13:15:50,662.4,550,32500
20231218,13:22:58,662.4,100,32450
20231218,13:23:48,685.0,100,32450
20231218,13:24:26,685.0,50,32350
20231218,13:29:47,697.05,500,32400
20231218,15:10:35,699.45,50,31900
20231219,09:25:57,699.45,1,31950
20231219,09:25:57,699.45,100,31950
20231219,12:15:09,723.0,100,31850
20231219,12:16:56,730.0,50,31750
20231219,12:42:46,745.1,50,31750
20231219,12:48:37,748.3,50,31800
20231219,12:48:54,748.3,50,31800
20231219,12:56:15,744.3,50,31700
20231219,13:07:06,750.5,50,31650
20231219,13:08:37,750.5,50,31650
20231219,13:09:14,744.2,50,31650
20231219,13:10:16,744.35,50,31500
20231219,13:10:34,746.7,50,31500
20231219,13:36:58,751.25,50,31400
20231219,14:16:29,756.25,50,31450
20231219,14:45:33,757.15,50,31400
20231219,14:49:33,757.95,50,31450
20231219,14:51:29,757.95,50,31450
20231219,15:08:13,747.95,50,31350
20231219,15:10:28,740.8,50,31300
20231219,15:11:44,737.9,50,31300
20231219,15:12:40,734.85,50,31200
20231219,15:12:58,737.0,50,31200
20231220,09:19:17,778.1,1,31100
20231220,09:19:17,778.1,50,31100
20231220,09:23:54,832.0,50,31100
20231220,09:35:44,832.0,50,31100
20231220,10:15:03,832.0,550,31100
20231220,11:56:10,832.0,450,31050
20231220,12:05:10,815.0,200,31000
20231220,12:18:54,786.15,100,31000
20231220,12:20:02,783.05,100,31000
20231220,12:28:27,787.8,150,30800
20231220,12:28:45,785.5,50,30800
20231220,13:41:21,643.1,100,30600
20231220,14:11:44,587.75,50,30550
20231220,14:16:54,587.75,50,30550
20231220,14:48:59,561.25,50,30500
20231220,14:49:18,524.1,50,30500
20231220,14:54:16,524.1,200,30550
20231220,14:54:36,550.65,50,30550
20231220,15:11:27,497.4,200,30700
20231220,15:13:18,480.65,50,30900
20231220,15:13:28,476.5,100,30900
20231220,15:13:49,475.4,100,30900
20231220,15:15:18,466.45,100,30900
20231220,15:17:22,466.45,50,31000
20231220,15:18:50,466.45,350,31050
20231220,15:20:34,471.75,50,31050
20231220,15:21:03,467.0,100,31050
20231220,15:21:14,466.45,100,31050
20231220,15:22:58,465.0,50,31100
20231220,15:23:46,465.0,50,31100
20231220,15:24:15,459.0,100,31100
20231220,15:25:18,457.0,50,31200
20231220,15:26:30,434.9,100,31200
20231220,15:26:41,434.9,50,31200
20231220,15:26:52,438.7,250,31200
20231221,09:15:46,386.85,1,31350
20231221,09:15:46,386.85,50,31350
20231221,09:15:55,372.2,100,31350
20231221,09:16:05,372.2,200,31350
20231221,09:16:14,384.95,50,31350
20231221,09:16:23,388.1,300,31350
20231221,09:16:41,388.1,200,31350
20231221,09:16:59,382.3,50,31350
20231221,09:17:09,385.7,450,31350
20231221,09:17:20,396.0,250,31350
20231221,09:17:30,397.1,350,31350
20231221,09:17:40,393.55,150,31350
20231221,09:17:49,393.55,150,31750
20231221,09:17:58,398.8,150,31750
20231221,09:18:09,414.5,650,31750
20231221,09:18:21,415.9,200,31750
20231221,09:18:29,415.9,50,31750
20231221,09:18:33,416.0,50,31750
20231221,09:18:34,416.25,50,31750
20231221,09:18:35,416.25,50,31750
20231221,09:18:46,424.9,50,31750
20231221,09:18:57,425.05,50,31750
20231221,09:19:03,425.05,50,31750
20231221,09:19:08,415.0,50,31750
20231221,09:19:12,412.0,250,31750
20231221,09:19:24,411.7,50,31750
20231221,09:19:40,401.65,100,31750
20231221,09:19:59,401.65,100,31750
20231221,09:20:10,401.95,400,31750
20231221,09:20:20,402.4,200,31750
20231221,09:20:29,413.0,400,31750
20231221,09:21:37,413.8,200,32000
20231221,09:21:47,414.05,200,32000
20231221,09:21:56,409.45,200,32000
20231221,09:22:19,410.05,200,32000
20231221,09:22:30,411.0,50,32000
20231221,09:22:42,400.0,50,32000
20231221,09:23:02,401.0,100,32000
20231221,09:23:21,402.4,550,32000
20231221,09:23:30,406.5,100,32000
20231221,09:23:40,405.65,50,32000
20231221,09:24:18,405.7,50,32750
20231221,09:25:07,396.9,100,32750
20231221,09:25:17,392.45,50,32750
20231221,09:25:37,392.55,50,32750
20231221,09:25:56,390.05,100,32750
20231221,09:26:19,388.95,200,32750
20231221,09:26:41,384.1,50,32400
20231221,09:26:51,384.65,250,32400
20231221,09:27:01,384.6,50,32400
20231221,09:27:10,386.85,50,32400
20231221,09:28:48,392.95,100,32400
20231221,09:28:58,392.4,200,32400
20231221,09:29:27,390.5,150,32400
20231221,09:29:46,388.9,100,32400
20231221,09:30:05,388.0,50,32700
20231221,09:30:33,387.0,400,32700
20231221,09:31:32,386.95,50,32700
20231221,09:32:11,387.1,50,32700
20231221,09:32:37,387.1,50,32700
20231221,09:33:01,390.0,50,32800
20231221,09:33:03,391.4,100,32800
20231221,09:33:45,382.05,100,32800
20231221,09:34:04,386.95,100,32800
20231221,09:34:14,384.8,500,32800
20231221,09:34:42,380.0,100,32800
20231221,09:34:52,379.85,50,32800
20231221,09:35:03,379.7,50,32800
20231221,09:35:13,385.0,50,32800
20231221,09:35:43,381.9,50,32800
20231221,09:35:52,380.8,50,33400
20231221,09:36:21,385.5,100,33400
20231221,09:37:19,383.5,50,33400
20231221,09:37:57,385.5,50,33400
20231221,09:38:16,396.5,200,33400
20231221,09:38:28,399.45,400,33400
20231221,09:38:40,414.0,250,33400
20231221,09:38:52,405.0,150,33400
20231221,09:39:04,427.6,600,33400
20231221,09:39:15,419.95,100,33400
20231221,09:39:25,419.5,150,33400
20231221,09:39:36,408.55,350,33400
20231221,09:39:47,399.4,50,33400
20231221,09:40:09,394.15,100,33400
20231221,09:40:30,397.1,50,33400
20231221,09:41:12,422.0,50,33400
20231221,09:41:36,414.35,450,33400
20231221,09:44:23,420.0,250,32800
20231221,09:45:01,416.0,50,32950
20231221,09:45:11,415.0,50,32950
20231221,09:45:21,419.85,50,32950
20231221,09:45:32,430.0,100,32950
20231221,09:45:43,432.0,50,32950
20231221,09:46:14,435.9,500,32950
20231221,09:46:25,435.9,250,32950
20231221,09:47:07,432.3,100,32950
20231221,09:47:17,428.15,550,32950
20231221,09:48:59,415.0,100,32600
20231221,09:49:11,404.85,100,32600
20231221,09:49:32,404.85,50,32600
20231221,09:50:02,411.3,500,32600
20231221,09:50:12,412.1,750,32600
20231221,09:50:22,415.0,100,32600
20231221,09:52:21,420.0,100,33150
20231221,09:53:00,420.0,250,33150
20231221,09:53:39,415.0,200,33150
20231221,09:53:49,415.0,150,33150
20231221,09:53:58,416.1,100,33250
20231221,10:00:28,418.9,250,33250
20231221,10:02:06,429.95,100,33250
20231221,10:02:49,429.95,150,33200
20231221,10:02:58,432.35,50,33200
20231221,10:03:37,429.25,50,33200
20231221,10:06:05,426.8,150,33100
20231221,10:06:35,430.0,250,33100
20231221,10:06:44,435.0,550,33100
20231221,10:07:34,436.0,50,33100
20231221,10:07:53,439.9,50,33100
20231221,10:08:16,445.45,100,33100
20231221,10:09:32,455.0,50,32750
20231221,10:09:45,471.5,50,32750
20231221,10:09:56,471.5,600,32750
20231221,10:10:17,461.75,50,32750
20231221,10:10:27,462.55,50,32750
20231221,10:11:29,466.05,50,32750
20231221,10:11:37,467.85,50,32750
20231221,10:12:25,465.15,50,32700
20231221,10:12:36,464.65,50,32700
20231221,10:12:39,466.1,100,32700
20231221,10:13:01,466.85,400,32700
20231221,10:13:06,468.35,400,32700
20231221,10:13:52,463.5,50,32700
20231221,10:14:12,458.05,350,32700
20231221,10:14:24,453.7,50,32700
20231221,10:15:23,451.0,150,32650
20231221,10:16:30,460.7,50,32650
20231221,10:17:09,460.2,50,32650
20231221,10:17:19,466.95,150,32650
20231221,10:17:28,465.8,200,32650
20231221,10:17:38,467.9,150,32650
20231221,10:18:20,464.3,50,32900
20231221,10:18:23,463.6,250,32900
20231221,10:18:44,465.0,150,32900
20231221,10:19:44,472.6,550,32900
20231221,10:20:50,460.9,50,32900
20231221,10:21:19,464.4,100,32450
20231221,10:21:51,468.55,50,32450
20231221,10:22:03,466.5,50,32450
20231221,10:22:45,460.0,50,32450
20231221,10:23:34,465.95,50,32450
20231221,10:24:02,465.65,50,32500
20231221,10:27:16,460.0,50,32500
20231221,10:28:05,460.35,200,32550
20231221,10:28:43,457.3,50,32550
20231221,10:28:53,452.25,150,32550
20231221,10:29:03,456.0,350,32550
20231221,10:29:22,453.5,50,32550
20231221,10:29:50,451.7,250,32550
20231221,10:30:00,448.35,450,32650
20231221,10:30:10,445.9,50,32650
20231221,10:30:20,445.3,250,32650
20231221,10:30:31,437.5,250,32650
20231221,10:30:41,436.15,500,32650
20231221,10:30:51,439.4,650,32650
20231221,10:31:01,427.55,950,32650
20231221,10:31:12,422.95,300,32650
20231221,10:31:23,418.15,800,32650
20231221,10:31:33,421.75,100,32650
20231221,10:31:43,422.35,650,32650
20231221,10:31:53,423.6,100,32650
20231221,10:32:03,429.0,300,32650
20231221,10:32:13,427.9,50,32650
20231221,10:32:23,427.4,50,32650
20231221,10:32:33,421.8,900,32650
20231221,10:32:43,421.75,100,32650
20231221,10:32:52,423.85,50,32650
20231221,10:33:02,419.4,50,33150
20231221,10:33:11,423.3,100,33150
20231221,10:33:57,420.0,50,33150
20231221,10:34:25,425.2,100,33150
20231221,10:34:34,424.2,250,33150
20231221,10:34:43,425.85,400,33150
20231221,10:35:02,425.0,100,33150
20231221,10:35:40,424.1,50,33150
20231221,10:35:59,433.05,50,33150
20231221,10:37:24,431.45,50,33350
20231221,10:37:34,425.75,50,33350
20231221,10:39:24,426.4,150,33400
20231221,10:41:29,433.55,150,33400
20231221,10:41:33,434.85,200,33400
20231221,10:41:40,443.7,50,33400
20231221,10:41:42,446.9,50,33400
20231221,10:41:55,455.5,50,33350
20231221,10:42:02,461.5,150,33350
20231221,10:42:19,462.8,50,33350
20231221,10:43:02,470.0,50,33350
20231221,10:43:07,472.55,50,33350
20231221,10:43:24,473.55,100,33350
20231221,10:43:25,473.55,50,33350
20231221,10:43:43,471.4,50,33350
20231221,10:43:58,480.0,150,33350
20231221,10:44:41,480.0,100,33350
20231221,10:46:03,489.3,50,33500
20231221,10:47:02,489.3,50,33500
20231221,10:49:07,478.55,50,33550
20231221,10:49:26,473.05,50,33550
20231221,10:49:46,460.9,100,33550
20231221,10:49:56,474.0,150,33550
20231221,10:50:35,469.3,100,33550
20231221,10:51:43,469.7,200,33450
20231221,10:51:53,469.25,150,33450
20231221,10:52:57,476.45,300,33450
20231221,10:55:45,480.0,50,33500
20231221,10:59:25,472.0,50,33500
20231221,10:59:55,485.55,300,33500
20231221,11:00:23,488.0,50,33450
20231221,11:01:01,488.05,100,33450
20231221,11:01:49,494.85,100,33450
20231221,11:02:28,492.1,100,33450
20231221,11:05:36,495.5,50,33500
20231221,11:10:53,495.5,50,33500
20231221,11:11:21,481.65,50,33500
20231221,11:13:46,470.05,50,33550
20231221,11:14:04,475.05,50,33550
20231221,11:17:04,470.0,50,33500
20231221,11:18:04,459.15,100,33500
20231221,11:18:42,461.1,50,33500
20231221,11:20:26,475.75,50,33500
20231221,11:20:35,475.5,50,33500
20231221,11:23:07,470.7,50,33400
20231221,11:29:01,475.75,150,33400
20231221,11:32:29,480.7,100,33500
20231221,11:32:55,480.9,50,33500
20231221,11:38:18,477.75,50,33500
20231221,11:41:36,482.65,50,33500
20231221,11:46:30,490.0,250,33550
20231221,11:47:09,494.8,150,33550
20231221,11:47:58,479.05,150,33550
20231221,11:53:21,484.3,50,33700
20231221,12:02:49,489.0,50,33700
20231221,12:04:27,499.6,50,33750
20231221,12:07:07,510.0,50,33750
20231221,12:09:32,510.0,50,33700
20231221,12:11:32,505.0,150,33700
20231221,12:27:50,520.0,250,33650
20231221,12:31:30,531.0,50,33550
20231221,12:31:41,531.0,50,33550
20231221,12:37:46,531.0,100,33550
20231221,12:38:15,536.25,200,33550
20231221,12:39:48,546.35,100,33350
20231221,12:42:49,555.7,50,33350
20231221,12:42:59,555.7,50,33350
20231221,12:44:42,562.3,50,33350
20231221,12:45:12,562.3,50,33350
20231221,12:45:32,558.85,50,33200
20231221,12:48:43,555.35,50,33200
20231221,12:50:15,557.0,50,33200
20231221,12:52:47,549.5,100,33300
20231221,12:58:48,561.3,50,33200
20231221,13:09:31,546.7,100,33200
20231221,13:11:03,535.15,50,33200
20231221,13:18:22,553.9,50,33250
20231221,13:22:31,545.85,50,33200
20231221,13:24:44,554.25,50,33200
20231221,13:25:30,544.65,50,33200
20231221,13:27:29,547.75,50,33200
20231221,13:29:07,547.75,50,33200
20231221,13:35:18,570.15,50,33200
20231221,13:35:47,570.15,100,33200
20231221,13:41:11,497.45,500,33150
20231221,13:41:21,498.4,200,33150
20231221,13:42:38,514.3,50,33000
20231221,13:42:47,518.7,50,33000
20231221,13:42:56,520.35,50,33000
20231221,13:43:33,527.05,100,33000
20231221,13:46:33,506.65,400,33100
20231221,13:50:58,533.45,50,32700
20231221,13:51:17,533.0,50,32700
20231221,13:51:36,533.15,400,32700
20231221,13:52:06,532.65,50,32700
20231221,13:54:09,516.6,100,32700
20231221,13:56:36,520.2,50,32800
20231221,13:57:03,517.2,200,32800
20231221,13:59:21,527.65,50,33000
20231221,14:04:42,511.3,50,33050
20231221,14:05:04,506.1,100,33050
20231221,14:09:50,510.55,50,33100
20231221,14:12:24,508.35,700,33100
20231221,14:30:51,547.3,50,33750
20231221,14:32:54,560.0,50,33750
20231221,14:36:20,564.0,250,33700
20231221,14:36:30,561.75,50,33700
20231221,14:39:21,575.25,50,33500
20231221,14:39:45,575.25,50,33500
20231221,14:45:24,573.6,100,33450
20231221,14:45:34,572.4,50,33450
20231221,15:00:33,561.75,100,33450
20231221,15:01:33,572.3,50,33350
20231221,15:20:21,580.2,50,33400
20231221,15:25:14,580.2,50,33400
20231221,15:25:24,582.4,50,33400
20231221,15:26:54,582.4,50,33400
20231221,15:27:45,582.95,50,33400
20231222,09:15:18,564.0,1,33450
20231222,09:15:18,564.0,50,33450
20231222,09:15:59,550.0,50,33450
20231222,09:16:04,548.05,50,33450
20231222,09:16:23,548.05,300,33450
20231222,09:19:00,562.6,100,33800
20231222,09:19:12,562.85,50,33800
20231222,09:20:04,554.0,500,33800
20231222,09:20:29,551.8,50,33750
20231222,09:20:54,551.95,50,33750
20231222,09:20:56,551.95,350,33750
20231222,09:21:01,550.0,100,33750
20231222,09:21:29,546.15,100,33750
20231222,09:22:29,544.25,100,33750
20231222,09:23:16,542.65,50,33750
20231222,09:23:31,538.8,50,33450
20231222,09:25:48,538.8,50,33450
20231222,09:26:00,550.35,50,33450
20231222,09:30:05,535.65,50,33500
20231222,09:33:55,535.65,50,33550
20231222,09:46:55,577.0,50,33550
20231222,09:47:43,585.0,200,33600
20231222,09:48:18,592.0,100,33600
20231222,09:48:38,592.95,50,33600
20231222,09:50:05,598.05,50,33600
20231222,09:51:08,598.05,100,33550
20231222,09:53:28,605.6,50,33550
20231222,09:54:59,605.6,50,33700
20231222,09:55:19,597.35,50,33700
20231222,09:55:44,603.9,50,33700
20231222,09:56:37,602.85,50,33650
20231222,09:59:39,609.05,500,33700
20231222,09:59:57,609.35,50,33700
20231222,10:01:40,609.35,200,33700
20231222,10:03:05,611.3,50,33750
20231222,10:06:04,616.0,50,33750
20231222,10:06:08,616.0,150,33750
20231222,10:07:11,624.8,50,33750
20231222,10:07:29,624.8,100,33750
20231222,10:11:54,615.0,50,33750
20231222,10:12:34,620.0,100,33750
20231222,10:13:22,619.4,100,33750
20231222,10:13:58,624.6,50,33750
20231222,10:13:59,624.1,50,33750
20231222,10:14:08,622.0,50,33750
20231222,10:20:14,626.85,50,33650
20231222,10:26:52,635.6,50,33650
20231222,10:30:12,647.0,50,33650
20231222,10:30:15,650.0,200,33650
20231222,10:30:38,650.45,50,33650
20231222,10:32:10,650.45,50,33650
20231222,10:38:58,641.85,500,33500
20231222,10:39:23,645.0,500,33500
20231222,10:41:12,645.3,200,33500
20231222,10:47:11,643.3,50,33300
20231222,10:49:16,650.2,50,33350
20231222,10:51:22,648.0,50,33350
20231222,10:52:08,656.75,100,33350
20231222,10:53:40,656.75,250,33350
20231222,11:01:43,685.0,50,33100
20231222,11:02:39,685.0,50,33100
20231222,11:10:40,665.5,100,33000
20231222,11:12:08,679.55,100,33000
20231222,11:13:54,663.55,100,33000
20231222,11:15:57,661.45,50,33000
20231222,11:16:30,660.6,400,33000
20231222,11:16:31,661.3,250,33000
20231222,11:16:36,661.65,250,33000
20231222,11:17:07,665.25,100,33000
20231222,11:17:14,668.4,50,33000
20231222,11:20:13,654.5,100,33000
20231222,11:21:49,658.6,400,32900
20231222,11:22:03,660.2,100,32900
20231222,11:30:04,661.6,100,33000
20231222,11:30:16,659.9,100,33000
20231222,11:33:01,665.4,50,33000
20231222,11:33:25,656.8,100,33000
20231222,11:33:30,656.8,200,33000
20231222,11:33:32,656.9,200,33000
20231222,11:33:48,653.3,250,33000
20231222,11:33:50,653.85,750,33000
20231222,11:33:55,651.55,300,33000
20231222,11:33:57,649.85,250,33000
20231222,11:34:00,649.75,200,33000
20231222,11:34:32,659.75,100,33000
20231222,11:39:46,655.1,50,33050
20231222,11:45:28,664.7,50,33050
20231222,11:51:26,660.0,350,33050
20231222,11:51:47,657.7,400,33050
20231222,11:51:49,657.05,400,33050
20231222,11:57:02,653.7,200,33050
20231222,11:59:28,661.25,150,33050
20231222,11:59:43,662.45,750,33050
20231222,12:00:49,663.9,50,32900
20231222,12:00:58,665.3,250,32900
20231222,12:02:19,669.15,50,32900
20231222,12:07:10,665.85,100,32900
20231222,12:08:25,658.65,400,32900
20231222,12:08:27,658.8,50,32900
20231222,12:08:30,658.55,50,32900
20231222,12:08:34,659.0,50,32900
20231222,12:08:35,659.1,50,32900
20231222,12:08:37,659.2,50,32900
20231222,12:08:40,660.95,50,32900
20231222,12:08:49,663.2,50,32900
20231222,12:08:50,662.35,100,32850
20231222,12:10:10,660.0,50,32850
20231222,12:10:28,660.9,100,32850
20231222,12:10:29,659.2,50,32850
20231222,12:10:43,659.85,300,32850
20231222,12:11:09,663.45,250,32850
20231222,12:11:11,663.3,250,32850
20231222,12:13:01,660.4,250,32800
20231222,12:13:48,661.4,100,32800
20231222,12:14:43,649.6,150,32800
20231222,12:14:48,645.8,50,32800
20231222,12:14:55,645.5,100,32950
20231222,12:15:05,649.4,100,32950
20231222,12:18:43,636.75,100,32850
20231222,12:18:46,633.6,50,32850
20231222,12:18:49,634.65,100,32850
20231222,12:19:01,633.0,100,32850
20231222,12:19:03,633.9,250,32850
20231222,12:19:04,634.2,150,32850
20231222,12:19:06,636.35,50,32850
20231222,12:19:08,638.0,50,32850
20231222,12:21:13,621.2,500,33200
20231222,12:21:18,620.9,250,33200
20231222,12:26:31,631.25,400,33200
20231222,12:26:35,631.3,300,33200
20231222,12:28:11,632.3,250,33200
20231222,12:28:12,633.45,250,33200
20231222,12:28:14,633.65,250,33200
20231222,12:28:16,634.05,400,33200
20231222,12:31:03,628.4,400,33200
20231222,12:31:06,627.4,400,33200
20231222,12:31:08,625.85,500,33200
20231222,12:31:15,627.3,250,33200
20231222,12:31:18,626.8,250,33200
20231222,12:31:20,627.05,250,33200
20231222,12:32:59,615.4,50,33200
20231222,12:33:45,602.15,100,33200
20231222,12:33:48,602.35,50,33200
20231222,12:33:51,602.25,50,33200
20231222,12:34:08,593.1,500,33200
20231222,12:36:05,578.3,100,32800
20231222,12:36:50,590.2,50,32800
20231222,12:37:25,581.25,150,32800
20231222,12:40:08,593.3,150,32950
20231222,12:43:10,595.8,100,32950
20231222,12:43:25,594.75,50,32950
20231222,12:45:43,620.0,50,32900
20231222,12:45:50,624.75,600,32900
20231222,12:46:17,621.75,50,32900
20231222,12:47:15,630.0,50,32900
20231222,12:47:18,630.0,50,32900
20231222,12:47:38,633.0,50,32900
20231222,12:49:33,633.45,50,33300
20231222,12:51:35,641.6,50,33250
20231222,12:51:48,642.0,50,33250
20231222,12:52:01,639.4,150,33250
20231222,12:53:16,638.25,200,33250
20231222,12:54:06,636.55,50,33350
20231222,12:55:04,636.0,450,33350
20231222,12:57:20,634.2,450,32900
20231222,12:58:25,635.1,150,32900
20231222,13:01:02,633.0,300,32900
20231222,13:01:03,634.05,250,32900
20231222,13:01:07,633.2,250,32900
20231222,13:03:30,647.0,50,32900
20231222,13:03:45,649.95,50,32900
20231222,13:04:01,647.35,50,32900
20231222,13:07:15,637.3,250,32900
20231222,13:10:55,624.1,550,32900
20231222,13:11:51,634.2,50,32900
20231222,13:13:48,620.4,50,32950
20231222,13:14:57,616.5,150,32950
20231222,13:15:02,616.65,250,32900
20231222,13:16:49,631.45,100,32900
20231222,13:19:00,621.6,100,33000
20231222,13:20:22,625.75,100,33000
20231222,13:22:48,628.35,150,33000
20231222,13:34:40,617.0,100,32950
20231222,13:36:14,625.5,50,32850
20231222,13:39:20,609.05,150,32900
20231222,13:40:30,590.0,50,32900
20231222,13:40:37,587.9,500,32900
20231222,13:41:26,576.4,50,32900
20231222,13:41:29,572.0,50,32900
20231222,13:42:45,584.0,100,32500
20231222,13:45:58,571.5,200,32500
20231222,13:48:25,561.75,50,32400
20231222,13:48:27,561.75,50,32400
20231222,13:49:13,549.55,50,32400
20231222,13:49:20,545.7,50,32400
20231222,13:50:32,538.3,50,32400
20231222,13:50:47,535.0,50,32400
20231222,13:53:03,535.0,50,32400
20231222,13:54:10,566.15,150,32400
20231222,13:55:30,566.15,50,32400
20231222,13:56:03,566.0,50,32400
20231222,13:56:39,559.95,50,32400
20231222,13:57:45,542.3,250,32500
20231222,14:00:04,551.05,50,32500
20231222,14:04:17,568.35,50,32400
20231222,14:04:52,566.0,50,32400
20231222,14:05:42,573.8,150,32400
20231222,14:06:40,579.2,50,32550
20231222,14:07:07,579.25,150,32550
20231222,14:09:05,585.0,50,32550
20231222,14:09:15,586.75,50,32400
20231222,14:12:09,596.4,50,32400
20231222,14:15:19,592.15,500,32350
20231222,14:20:47,614.05,50,32750
20231222,14:23:34,604.45,200,32750
20231222,14:31:09,605.55,50,32750
20231222,14:32:01,606.05,50,32750
20231222,14:35:06,607.2,50,32750
20231222,14:35:53,615.5,100,32800
20231222,14:37:18,629.0,50,32750
20231222,14:37:19,630.0,50,32750
20231222,14:38:15,644.0,50,32750
20231222,14:39:28,650.65,50,32750
20231222,14:39:44,652.0,100,32850
20231222,14:40:14,656.0,50,32850
20231222,14:40:16,658.0,50,32850
20231222,14:44:09,660.0,600,32900
20231222,14:44:19,657.1,250,32900
20231222,14:47:31,648.95,350,32250
20231222,14:49:24,634.55,100,32400
20231222,14:49:36,629.25,50,32400
20231222,14:51:26,647.2,50,32500
20231222,14:55:00,651.95,50,32500
20231222,14:56:11,656.7,50,32500
20231222,15:01:57,644.65,250,32550
20231222,15:04:42,637.25,50,32800
20231222,15:06:41,625.45,100,32800
20231222,15:07:46,625.45,100,32800
20231222,15:08:59,630.65,50,32800
20231222,15:12:59,645.8,50,32850
20231222,15:17:04,628.4,50,32850
20231222,15:19:15,633.1,50,32800
20231222,15:20:05,634.4,50,32800
20231222,15:20:35,633.45,50,32800
20231222,15:23:43,621.55,100,32550
20231222,15:25:36,602.85,1650,32550
20231222,15:26:30,599.45,450,32650
20231222,15:27:06,600.15,350,32650
20231222,15:27:07,600.1,300,32650
20231222,15:27:11,600.0,50,32650
20231222,15:27:12,600.45,50,32650
20231222,15:27:49,612.45,300,34050
20231222,15:27:51,613.0,50,34050
20231226,09:21:23,594.0,1,33950
20231226,09:21:23,594.0,100,33950
20231226,09:21:33,620.8,100,33950
20231226,09:21:52,620.8,50,33950
20231226,09:23:20,630.55,50,33950
20231226,09:24:03,630.55,50,33950
20231226,09:30:35,606.0,50,34200
20231226,09:34:01,622.95,100,34200
20231226,09:35:35,625.85,50,34200
20231226,09:36:15,633.0,150,34100
20231226,09:37:02,635.0,100,34100
20231226,09:38:09,635.0,50,34100
20231226,09:40:01,612.6,500,33850
20231226,09:40:19,615.4,50,33850
20231226,09:42:12,625.05,100,33300
20231226,09:43:10,628.7,300,33300
20231226,09:44:44,623.2,250,33150
20231226,09:46:19,620.0,50,33150
20231226,09:46:47,626.1,300,33150
20231226,09:47:17,630.0,50,33150
20231226,09:48:35,626.85,50,33450
20231226,09:49:33,622.15,250,33450
20231226,09:51:28,615.35,50,33500
20231226,09:51:38,612.0,50,33500
20231226,09:52:15,622.0,50,33500
20231226,09:55:02,631.45,100,33450
20231226,09:56:57,632.35,100,33350
20231226,09:57:44,632.35,250,33350
20231226,09:57:53,632.95,100,33350
20231226,09:59:00,632.0,100,33350
20231226,09:59:10,631.9,50,33350
20231226,09:59:29,638.0,50,33350
20231226,09:59:50,645.0,100,33250
20231226,10:00:11,650.0,300,33250
20231226,10:01:41,660.75,50,33250
20231226,10:02:28,663.9,250,33250
20231226,10:02:46,665.15,50,32900
20231226,10:03:06,670.4,250,32900
20231226,10:03:25,672.0,100,32900
20231226,10:03:54,673.6,200,32900
20231226,10:05:40,673.6,50,32850
20231226,10:06:08,675.2,50,32850
20231226,10:08:11,678.6,50,32850
20231226,10:08:39,678.6,50,32850
20231226,10:12:35,674.0,50,32850
20231226,10:12:53,675.0,50,32850
20231226,10:14:57,670.0,100,32850
20231226,10:16:22,668.0,50,32850
20231226,10:22:43,680.2,150,32850
20231226,10:23:42,690.05,100,32850
20231226,10:29:06,690.7,50,32700
20231226,10:36:42,695.6,100,32700
20231226,10:38:58,704.0,100,32700
20231226,10:40:24,724.65,50,32700
20231226,10:41:41,734.7,250,32700
20231226,10:43:17,734.7,100,32600
20231226,10:43:36,723.8,300,32600
20231226,10:43:45,724.0,100,32600
20231226,10:44:12,723.85,50,32600
20231226,10:46:11,723.85,50,32350
20231226,10:46:56,723.7,100,32350
20231226,10:47:57,713.65,100,32400
20231226,10:49:46,704.0,50,32400
20231226,10:50:05,702.0,50,32400
20231226,10:51:27,714.0,250,32350
20231226,10:59:46,701.8,50,32300
20231226,11:11:24,701.8,50,32300
20231226,11:13:58,719.0,50,32300
20231226,11:22:41,707.25,100,32350
20231226,11:25:00,696.0,50,32350
20231226,11:27:56,704.0,50,32400
20231226,11:41:48,695.0,200,32350
20231226,11:59:32,714.0,100,32350
20231226,12:24:45,718.0,50,32250
20231226,12:38:54,700.0,50,32250
20231226,12:40:41,704.0,50,32300
20231226,12:41:58,695.75,500,32300
20231226,12:47:02,680.0,50,31850
20231226,12:55:54,680.0,100,31900
20231226,12:59:43,690.0,50,31800
20231226,13:00:42,693.4,50,31800
20231226,13:03:15,671.75,50,31800
20231226,13:04:49,660.0,100,31800
20231226,13:05:22,660.0,300,31800
20231226,13:07:49,676.0,50,31950
20231226,13:08:50,677.2,50,31950
20231226,13:13:14,687.0,50,31900
20231226,13:13:39,690.0,50,31900
20231226,13:25:14,680.0,50,31800
20231226,13:26:54,677.6,100,31800
20231226,13:29:37,683.2,100,31950
20231226,13:30:13,684.8,150,32050
20231226,13:32:33,681.05,50,32050
20231226,13:33:09,690.0,50,32200
20231226,13:33:36,690.6,50,32200
20231226,13:34:00,691.1,50,32200
20231226,13:40:32,693.7,50,32150
20231226,13:45:06,703.7,50,32150
20231226,13:45:15,700.95,50,32150
20231226,13:45:32,701.6,100,32150
20231226,14:08:07,686.0,50,32250
20231226,14:12:17,668.8,100,32300
20231226,14:14:46,673.4,150,32300
20231226,14:18:11,692.0,50,32550
20231226,14:19:16,699.9,50,32500
20231226,14:19:26,702.25,50,32500
20231226,14:21:11,709.6,200,32500
20231226,14:21:21,712.8,100,32300
20231226,14:28:24,708.8,50,32250
20231226,14:29:39,703.1,50,32250
20231226,14:30:24,706.3,50,32250
20231226,14:34:03,695.75,50,32250
20231226,14:41:39,693.7,150,32300
20231226,14:42:57,681.25,300,32300
20231226,14:45:56,675.55,50,32050
20231226,14:46:29,681.7,50,32050
20231226,14:58:43,681.95,250,32050
20231226,15:00:07,687.95,50,32050
20231226,15:00:41,699.0,50,32100
20231226,15:00:50,701.6,100,32100
20231226,15:01:24,691.0,200,32100
20231226,15:02:16,657.35,150,32100
20231226,15:02:27,665.4,50,32100
20231226,15:02:55,672.0,150,32100
20231226,15:03:22,674.0,100,32100
20231226,15:07:56,662.0,50,31600
20231226,15:08:50,661.6,50,31600
20231226,15:09:26,665.1,200,31650
20231226,15:10:02,663.7,50,31650
20231226,15:11:49,666.75,50,31650
20231226,15:11:58,672.55,50,31650
20231226,15:12:59,675.6,50,31400
20231226,15:15:21,682.0,50,31400
20231226,15:16:17,687.85,50,31350
20231226,15:17:00,691.7,50,31350
20231226,15:20:07,696.35,50,31300
20231226,15:20:16,698.1,500,31300
20231226,15:23:42,692.55,50,31800
20231226,15:26:23,698.15,200,31800
20231226,15:27:13,703.0,50,31800
20231226,15:27:21,702.7,50,31800
20231226,15:27:43,698.9,500,31600
20231226,15:28:04,700.0,50,31600
20231227,09:15:19,736.9,1,31600
20231227,09:15:19,736.95,150,31600
20231227,09:15:25,734.7,50,31050
20231227,09:16:44,727.95,100,31050
20231227,09:20:43,740.0,50,31000
20231227,09:20:48,742.0,50,31000
20231227,09:22:12,742.0,50,31000
20231227,09:33:01,748.8,250,31000
20231227,09:33:35,747.6,50,31000
20231227,09:34:03,745.75,50,31000
20231227,09:34:13,745.85,50,31000
20231227,09:34:41,747.15,50,31000
20231227,09:34:49,746.0,50,31000
20231227,09:36:48,747.75,250,31050
20231227,09:40:24,760.7,50,31050
20231227,09:40:44,763.65,50,31050
20231227,09:41:51,764.9,50,31050
20231227,09:46:21,768.8,50,31100
20231227,09:46:43,768.8,50,31100
20231227,09:47:04,768.8,100,31100
20231227,09:50:41,769.7,100,31100
20231227,09:51:33,776.65,100,31100
20231227,09:56:21,783.5,50,31000
20231227,10:00:19,783.5,50,31050
20231227,10:02:27,770.75,50,31050
20231227,10:02:49,771.0,150,31000
20231227,10:03:47,771.0,150,31000
20231227,10:04:52,772.65,100,31000
20231227,10:05:13,772.6,100,31000
20231227,10:05:27,772.25,500,31000
20231227,10:05:52,768.95,50,31000
20231227,10:06:03,769.85,150,31000
20231227,10:06:23,770.0,100,31000
20231227,10:06:25,770.8,550,31000
20231227,10:07:35,771.0,400,31000
20231227,10:07:39,771.0,50,31000
20231227,10:08:23,779.25,100,31000
20231227,10:10:34,766.8,50,30950
20231227,10:14:59,775.7,50,30900
20231227,10:17:50,775.0,50,30900
20231227,10:29:48,795.5,50,30850
20231227,10:29:58,795.5,50,30850
20231227,10:32:25,795.5,50,30850
20231227,10:41:35,783.9,50,30850
20231227,10:44:24,775.0,250,30850
20231227,10:46:00,778.95,200,31050
20231227,10:46:24,776.0,150,31050
20231227,10:50:14,792.45,50,31050
20231227,10:58:05,788.0,50,31050
20231227,10:59:14,784.2,150,31000
20231227,11:05:50,782.0,1000,30850
20231227,11:06:13,784.0,300,30850
20231227,11:06:14,784.0,800,30850
20231227,11:09:29,780.0,50,30850
20231227,11:11:18,785.0,250,30850
20231227,11:12:52,789.05,50,30650
20231227,11:15:02,792.45,500,30650
20231227,11:15:17,792.65,50,30700
20231227,11:18:25,792.0,50,30650
20231227,11:20:14,785.65,50,30650
20231227,11:20:28,786.45,50,30650
20231227,11:33:07,788.0,50,30600
20231227,11:43:37,794.0,50,30600
20231227,11:46:31,787.0,50,30600
20231227,11:47:57,786.45,200,30650
20231227,11:50:06,781.0,50,30650
20231227,11:55:46,784.3,200,30850
20231227,12:05:44,804.0,50,30650
20231227,12:07:33,804.0,1000,30600
20231227,12:08:36,814.15,100,30600
20231227,12:09:35,814.15,50,31250
20231227,12:14:02,798.35,100,31250
20231227,12:14:38,797.75,400,31250
20231227,12:22:11,780.0,50,30850
20231227,12:23:06,775.0,50,30850
20231227,12:23:18,770.0,50,30850
20231227,12:23:41,762.0,50,30850
20231227,12:24:00,755.0,50,30850
20231227,12:31:19,740.0,50,30850
20231227,12:31:34,739.75,50,30950
20231227,12:35:36,759.4,50,30950
20231227,12:37:00,760.0,50,30950
20231227,12:38:53,771.25,50,30950
20231227,12:48:09,766.2,50,31000
20231227,12:48:14,769.9,50,31000
20231227,12:48:54,770.75,150,31000
20231227,12:49:42,775.0,50,31000
20231227,12:50:24,778.45,50,31000
20231227,13:04:51,755.0,50,31000
20231227,13:05:11,758.05,50,31000
20231227,13:06:24,757.65,50,31000
20231227,13:06:25,757.6,50,31000
20231227,13:06:29,757.55,50,31000
20231227,13:10:20,752.2,50,31000
20231227,13:11:34,761.8,100,31000
20231227,13:11:39,761.4,50,31000
20231227,13:26:00,769.0,50,31000
20231227,13:27:48,765.0,50,31000
20231227,13:28:31,761.4,200,31000
20231227,13:32:33,761.4,100,31200
20231227,13:38:36,735.0,2500,31100
20231227,13:40:15,750.0,1000,31150
20231227,13:43:29,754.05,100,31150
20231227,13:43:35,754.55,50,31150
20231227,13:43:42,755.0,1250,31150
20231227,13:45:09,754.05,50,31150
20231227,13:45:24,756.75,50,31200
20231227,13:45:44,753.75,50,31200
20231227,13:45:48,756.0,500,31200
20231227,13:48:42,759.35,100,31200
20231227,13:49:33,767.05,50,31200
20231227,13:52:26,765.55,50,31150
20231227,14:02:05,783.0,50,31150
20231227,14:03:00,787.0,50,31150
20231227,14:11:42,778.1,100,31150
20231227,14:13:10,778.1,750,31200
20231227,14:17:10,777.0,50,31200
20231227,14:20:55,784.8,200,31200
20231227,14:28:49,780.35,50,31350
20231227,14:30:01,781.95,50,31350
20231227,14:30:39,783.0,50,31350
20231227,14:31:02,782.95,50,31350
20231227,14:31:55,779.9,150,31350
20231227,14:32:43,775.65,50,31350
20231227,14:37:23,797.0,50,31350
20231227,14:38:09,796.8,50,31350
20231227,14:38:13,800.0,100,31350
20231227,14:39:10,799.15,50,31350
20231227,14:40:15,807.0,50,31250
20231227,14:41:44,805.0,50,31250
20231227,14:42:02,807.55,50,31250
20231227,14:42:20,804.0,50,31250
20231227,14:45:07,815.0,50,31250
20231227,14:45:28,815.0,50,31200
20231227,14:46:02,809.65,50,31200
20231227,14:46:03,813.0,50,31200
20231227,14:47:07,817.5,50,31200
20231227,14:49:34,827.95,100,31150
20231227,14:49:42,827.95,250,31150
20231227,14:49:44,827.95,100,31150
20231227,14:49:50,827.95,200,31150
20231227,14:49:58,827.95,50,31150
20231227,14:50:20,821.85,100,31150
20231227,14:53:13,815.6,50,31600
20231227,14:58:58,807.9,50,31650
20231227,15:00:44,830.0,50,31650
20231227,15:01:06,833.0,50,31650
20231227,15:02:59,861.1,50,31650
20231227,15:06:02,870.45,50,31600
20231227,15:06:42,880.25,100,31600
20231227,15:08:10,897.85,50,31600
20231227,15:13:51,897.85,150,31600
20231227,15:14:18,888.95,50,31600
20231227,15:15:52,884.55,50,31700
20231227,15:16:13,880.8,150,31700
20231227,15:25:57,880.15,50,31700
20231227,15:26:15,884.5,50,31650
20231228,09:16:43,927.55,1,31600
20231228,09:16:43,927.55,50,31600
20231228,09:17:50,927.55,150,31650
20231228,09:18:22,928.25,250,31650
20231228,09:19:04,926.5,100,31650
20231228,09:19:44,926.5,150,31650
20231228,09:21:44,945.55,50,31200
20231228,09:22:16,961.3,50,31200
20231228,09:24:22,961.3,50,31200
20231228,09:30:10,948.0,200,31200
20231228,09:31:39,949.0,250,31200
20231228,09:33:39,951.0,100,31550
20231228,09:38:31,930.45,50,31650
20231228,09:38:46,930.55,50,31650
20231228,09:39:26,940.0,100,31600
20231228,09:41:12,942.45,50,31600
20231228,09:42:24,938.0,400,31750
20231228,09:42:48,944.0,50,31750
20231228,09:44:44,946.0,50,31750
20231228,09:46:20,946.15,100,31800
20231228,09:47:43,963.95,550,31800
20231228,09:47:47,963.95,50,31800
20231228,09:47:55,964.9,500,31900
20231228,09:48:17,964.9,50,31900
20231228,09:48:48,957.0,50,31900
20231228,09:49:13,957.0,50,31900
20231228,09:51:29,965.0,50,32500
20231228,09:57:27,965.0,500,32400
20231228,09:58:16,938.95,500,32400
20231228,10:00:23,945.0,50,33300
20231228,10:03:21,920.0,50,33350
20231228,10:03:26,911.0,50,33350
20231228,10:08:03,897.8,300,33300
20231228,10:08:23,897.8,350,33300
20231228,10:15:44,904.1,100,33300
20231228,10:17:54,905.95,50,33300
20231228,10:22:03,903.3,250,33300
20231228,10:25:43,911.0,50,33050
20231228,10:31:02,925.0,50,33050
20231228,10:47:02,912.7,50,33100
20231228,10:57:12,903.6,50,33150
20231228,11:01:12,900.0,350,33150
20231228,11:01:26,900.0,250,33150
20231228,11:10:12,949.55,50,33350
20231228,11:11:15,942.0,50,33350
20231228,11:27:44,945.0,50,33250
20231228,11:31:07,951.0,50,33300
20231228,11:41:13,950.35,50,33300
20231228,11:53:45,941.95,250,33300
20231228,12:01:31,951.45,100,33600
20231228,12:01:44,953.0,200,33600
20231228,12:15:51,954.45,150,33700
20231228,12:15:52,954.6,150,33700
20231228,12:15:54,954.75,50,33700
20231228,12:15:56,955.5,150,33700
20231228,12:15:57,955.25,300,33700
20231228,12:15:59,955.25,100,33700
20231228,12:17:23,953.45,50,33700
20231228,12:19:56,956.9,50,33650
20231228,12:20:30,960.0,50,33650
20231228,12:23:01,963.0,50,33700
20231228,12:24:25,975.0,100,33750
20231228,12:26:24,972.0,900,33750
20231228,12:26:32,972.0,900,33750
20231228,12:32:12,977.25,50,35500
20231228,12:33:16,982.35,250,35500
20231228,12:33:19,982.35,150,35500
20231228,12:33:21,982.45,50,35500
20231228,12:33:23,982.55,100,35500
20231228,12:34:06,989.1,100,35500
20231228,12:34:34,989.1,100,35500
20231228,12:35:28,975.0,250,35500
20231228,12:35:56,975.0,150,35500
20231228,12:36:21,975.0,100,35650
20231228,12:38:53,981.0,50,35650
20231228,12:38:58,981.0,50,35650
20231228,12:39:06,981.0,100,35650
20231228,12:41:27,984.0,100,35650
20231228,12:44:56,981.4,100,35850
20231228,12:45:30,984.05,50,35950
20231228,12:45:35,984.05,150,35950
20231228,12:47:54,985.1,400,35950
20231228,12:50:27,978.0,100,35950
20231228,12:51:43,965.7,50,35850
20231228,12:54:24,965.7,300,35800
20231228,12:54:28,965.7,400,35800
20231228,12:54:33,965.7,350,35800
20231228,12:54:37,965.7,150,35800
20231228,12:55:48,967.0,600,35800
20231228,13:01:16,962.65,300,37600
20231228,13:01:17,963.05,250,37600
20231228,13:01:19,963.1,50,37600
20231228,13:01:39,971.8,50,37600
20231228,13:03:11,964.1,100,37600
20231228,13:05:22,965.0,50,37150
20231228,13:15:58,971.85,3600,37200
20231228,13:16:00,971.85,1400,37200
20231228,13:19:15,965.0,50,37200
20231228,13:20:44,967.0,450,42200
20231228,13:20:55,967.0,550,42200
20231228,13:21:02,966.8,100,42200
20231228,13:21:19,967.0,1000,42200
20231228,13:22:51,967.85,100,42200
20231228,13:25:49,958.55,4000,43900
20231228,13:31:31,960.4,250,47800
20231228,13:34:17,954.35,50,47700
20231228,13:35:00,957.25,50,47700
20231228,13:35:39,950.0,350,47700
20231228,13:37:56,950.0,50,47550
20231228,13:38:09,954.1,50,47550
20231228,13:41:35,963.25,50,47600
20231228,13:44:53,951.8,50,47300
20231228,13:46:52,951.5,50,47300
20231228,13:56:18,947.25,50,47150
20231228,13:59:27,945.0,200,47200
20231228,13:59:57,949.35,100,47200
20231228,14:05:59,966.2,200,47400
20231228,14:06:01,966.25,150,47400
20231228,14:08:19,972.5,200,47400
20231228,14:19:30,942.0,50,47450
20231228,14:20:21,945.0,50,47450
20231228,14:21:19,948.35,50,47450
20231228,14:22:39,949.9,50,47450
20231228,14:23:32,952.0,250,47450
20231228,14:23:34,952.0,550,47450
20231228,14:23:39,952.0,200,47450
20231228,14:23:57,953.0,1000,47450
20231228,14:24:00,954.0,100,47450
20231228,14:24:42,947.95,50,47450
20231228,14:24:53,950.0,50,49100
20231228,14:24:56,949.0,500,49100
20231228,14:24:58,950.0,250,49100
20231228,14:25:17,950.0,50,49100
20231228,14:25:21,950.0,550,49100
20231228,14:25:24,945.45,50,49100
20231228,14:25:31,951.0,1000,49100
20231228,14:25:35,952.0,1000,49100
20231228,14:26:07,953.0,1050,49100
20231228,14:27:24,957.25,100,49100
20231228,14:31:32,945.4,1050,52050
20231228,14:31:59,957.75,50,52050
20231228,14:32:11,956.0,100,52050
20231228,14:32:14,957.75,50,52050
20231228,14:33:22,954.0,100,52050
20231228,14:34:44,956.1,50,52700
20231228,14:35:50,957.55,50,52700
20231228,14:38:04,951.45,350,52700
20231228,14:38:05,951.55,100,52700
20231228,14:38:07,951.65,150,52700
20231228,14:38:09,951.65,50,52700
20231228,14:38:10,951.55,200,52700
20231228,14:38:12,951.55,250,52700
20231228,14:38:13,951.5,200,52700
20231228,14:38:15,951.5,300,52700
20231228,14:38:17,951.7,350,52700
20231228,14:38:18,951.7,250,52700
20231228,14:38:20,951.7,50,52700
20231228,14:39:57,946.0,100,52700
20231228,14:42:15,945.25,150,52700
20231228,14:42:36,947.05,50,52800
20231228,14:43:20,946.95,50,52800
20231228,14:44:51,951.0,250,52800
20231228,14:47:17,941.4,2000,52900
20231228,14:49:44,932.7,150,54900
20231228,14:51:29,938.7,50,54900
20231228,14:51:34,938.7,100,54900
20231228,14:52:04,942.75,200,54900
20231228,14:52:09,943.45,100,54900
20231228,14:52:29,937.45,500,54900
20231228,14:52:34,942.75,50,54900
20231228,14:52:37,943.0,100,54900
20231228,14:52:40,943.0,50,54900
20231228,14:53:08,942.75,50,54900
20231228,14:53:34,941.3,200,54900
20231228,14:53:46,938.95,100,54900
20231228,14:53:48,938.65,50,54900
20231228,14:53:49,938.0,100,54900
20231228,14:53:51,938.05,50,54900
20231228,15:00:15,968.35,150,55400
20231228,15:00:16,968.65,150,55400
20231228,15:01:37,958.85,50,55400
20231228,15:02:07,951.8,50,55400
20231228,15:05:42,967.0,50,55400
20231228,15:06:55,965.0,50,55450
20231228,15:11:21,957.0,50,55500
20231228,15:12:29,955.0,50,55500
20231228,15:17:17,958.05,200,55600
20231228,15:17:34,954.25,200,55600
20231228,15:17:39,953.95,150,55600
20231228,15:17:45,953.75,50,55600
20231228,15:20:14,960.0,150,56200
20231228,15:21:20,955.0,100,56200
20231228,15:24:58,922.0,50,56450
20231228,15:26:37,922.0,50,56450
20231228,15:27:14,929.35,100,56450
20231228,15:27:17,925.0,50,56450
20231228,15:28:09,925.0,850,56550
20231228,15:28:19,925.0,100,56550
20231229,09:15:29,867.05,1,57500
20231229,09:15:29,867.0,150,57500
20231229,09:15:32,867.55,100,57500
20231229,09:16:05,870.85,100,57500
20231229,09:16:42,870.85,200,57500
20231229,09:16:55,862.4,50,57500
20231229,09:17:09,864.0,200,57650
20231229,09:23:51,881.0,50,57450
20231229,09:24:30,884.7,50,57450
20231229,09:24:49,884.7,50,57450
20231229,09:26:51,891.0,50,57500
20231229,09:28:12,899.0,50,57500
20231229,09:30:05,901.0,50,57550
20231229,09:33:09,911.0,50,57600
20231229,09:34:19,912.9,100,57600
20231229,09:40:11,912.9,50,57750
20231229,09:41:09,895.15,50,57750
20231229,09:51:10,884.3,400,57750
20231229,09:54:29,880.1,50,57350
20231229,09:54:43,883.0,600,57350
20231229,09:55:24,880.0,50,57350
20231229,09:56:56,878.0,50,57950
20231229,09:59:05,861.0,50,57950
20231229,10:03:42,861.0,350,57950
20231229,10:05:18,867.65,150,58250
20231229,10:06:11,868.4,700,58250
20231229,10:06:55,866.65,200,58250
20231229,10:07:32,861.0,50,58250
20231229,10:07:45,852.0,50,58250
20231229,10:10:14,822.0,100,59250
20231229,10:10:44,822.0,50,59250
20231229,10:11:13,822.0,50,59200
20231229,10:13:16,822.0,300,59200
20231229,10:13:38,823.45,50,59200
20231229,10:13:39,820.0,50,59200
20231229,10:21:11,818.85,250,59050
20231229,10:21:22,827.1,150,59050
20231229,10:21:31,834.5,150,59050
20231229,10:21:33,835.2,100,59050
20231229,10:21:36,837.0,50,59050
20231229,10:24:27,850.95,50,59050
20231229,10:25:28,856.7,300,59050
20231229,10:26:05,860.0,50,59050
20231229,10:27:04,851.5,100,59100
20231229,10:27:41,863.0,50,59100
20231229,10:30:00,858.8,50,59050
20231229,10:30:22,865.0,50,59050
20231229,10:31:13,866.0,50,59050
20231229,10:32:20,869.0,50,59050
20231229,10:32:24,872.0,50,59050
20231229,10:32:31,878.0,50,59050
20231229,10:34:54,875.8,50,59050
20231229,10:35:51,874.0,50,59150
20231229,10:39:27,880.0,50,59100
20231229,10:54:25,861.0,50,59150
20231229,11:00:16,871.9,50,59100
20231229,11:05:34,858.15,50,59100
20231229,11:06:34,854.0,50,59100
20231229,11:07:45,859.0,50,59100
20231229,11:09:09,854.0,50,59100
20231229,11:09:13,852.0,50,59100
20231229,11:11:49,862.0,50,59050
20231229,11:16:56,877.0,50,59050
20231229,11:17:19,877.4,50,59050
20231229,11:19:12,876.2,50,59050
20231229,11:24:30,886.0,50,59100
20231229,11:29:53,893.6,50,59150
20231229,11:30:13,890.0,50,59150
20231229,11:34:48,903.9,50,59150
20231229,11:37:25,903.0,50,59150
20231229,12:00:16,898.25,50,59200
20231229,12:08:03,894.0,50,59200
20231229,12:14:45,900.0,50,59300
20231229,12:29:38,905.0,100,59300
20231229,12:30:01,900.0,100,59250
20231229,12:30:11,895.0,100,59250
20231229,12:30:45,890.0,100,59250
20231229,12:30:54,885.0,100,59250
20231229,12:39:57,873.5,50,58750
20231229,12:42:11,872.0,50,58700
20231229,13:14:59,893.0,50,58650
20231229,13:30:48,864.05,50,58700
20231229,13:37:53,870.6,150,58750
20231229,13:39:10,865.25,150,58750
20231229,13:40:07,860.2,50,58750
20231229,13:46:34,882.0,50,58700
20231229,14:14:06,852.0,50,58750
20231229,14:14:30,850.0,50,58750
20231229,14:15:44,851.55,100,58650
20231229,14:16:08,846.0,50,58650
20231229,14:16:18,844.5,50,58650
20231229,14:23:41,840.0,50,58500
20231229,14:24:46,830.0,50,58500
20231229,14:24:56,828.0,50,58550
20231229,14:28:01,848.0,50,58500
20231229,14:28:46,842.0,50,58500
20231229,14:30:27,849.0,50,58450
20231229,14:31:27,851.0,100,58450
20231229,14:32:51,859.0,50,58400
20231229,14:35:03,869.0,50,58400
20231229,14:36:08,876.65,100,58500
20231229,14:37:46,879.2,50,58500
20231229,14:51:35,888.0,50,58650
20231229,14:52:07,891.0,50,58650
20231229,14:53:04,896.65,50,58650
20231229,14:56:22,888.4,100,58700
20231229,14:56:46,895.6,100,58700
20231229,14:59:06,895.6,50,58700
20231229,15:02:07,921.45,100,58700
20231229,15:15:29,921.45,50,58600
20231229,15:20:44,872.0,50,58600
20231229,15:29:17,872.6,250,58650
20240101,09:18:52,825.05,1,58500
20240101,09:18:52,825.0,150,58500
20240101,09:18:54,821.75,50,58500
20240101,09:19:25,821.75,50,58500
20240101,09:20:13,832.75,50,58500
20240101,09:29:08,822.0,50,58500
20240101,09:31:55,817.75,100,58450
20240101,09:35:21,817.75,50,58550
20240101,09:35:29,842.0,50,58550
20240101,09:38:59,842.0,50,58550
20240101,09:39:06,822.0,50,58550
20240101,09:40:50,820.5,50,58550
20240101,09:46:37,838.0,50,58450
20240101,09:46:48,846.0,50,58450
20240101,09:46:49,846.0,50,58450
20240101,09:46:52,848.0,50,58450
20240101,09:48:53,853.0,50,58650
20240101,09:53:36,863.0,50,58650
20240101,10:00:40,866.0,50,58650
20240101,10:06:30,866.0,50,58650
20240101,10:12:13,840.0,50,58650
20240101,10:22:17,830.0,50,58650
20240101,10:24:38,826.0,50,58550
20240101,10:24:58,826.0,50,58550
20240101,10:28:18,840.0,50,58550
20240101,10:29:10,846.0,50,58550
20240101,10:31:31,844.0,50,58550
20240101,10:57:01,877.2,50,58500
20240101,10:57:03,877.2,50,58500
20240101,10:57:05,879.05,50,58500
20240101,10:57:22,879.05,50,58500
20240101,10:58:34,874.0,50,58500
20240101,11:08:27,870.15,50,58250
20240101,11:25:49,871.45,50,58250
20240101,11:41:18,871.0,50,58250
20240101,11:43:24,869.3,50,58200
20240101,11:49:10,854.3,50,58200
20240101,11:50:16,863.35,50,58200
20240101,12:01:46,853.0,50,58200
20240101,14:01:49,926.85,100,58200
20240101,14:01:50,927.1,50,58200
20240101,14:01:54,927.85,100,58200
20240101,14:02:37,940.0,50,58200
20240101,14:03:50,940.0,50,58200
20240101,14:19:55,969.7,100,58200
20240101,14:23:53,969.7,50,58100
20240101,14:26:48,958.15,50,58100
20240101,14:28:58,962.0,50,58100
20240101,14:42:57,994.0,50,58100
20240101,14:52:32,1023.0,50,58150
20240101,14:54:27,1023.0,50,58150
20240101,14:56:46,1016.15,200,58150
20240101,15:10:00,930.25,50,58050
20240101,15:10:43,906.0,50,58050
20240101,15:15:23,889.15,200,57950
20240101,15:20:50,871.0,50,58100
20240101,15:21:56,851.0,50,58050
20240101,15:27:39,828.0,50,58000
20240101,15:27:41,827.95,250,58000
20240102,09:30:45,870.9,1,58000
20240102,09:30:45,870.9,50,58000
20240102,09:33:26,833.0,50,58000
20240102,09:35:11,833.0,50,58000
20240102,09:36:04,833.0,50,57950
20240102,09:51:12,850.0,350,57900
20240102,09:54:29,846.0,50,57550
20240102,09:54:51,840.0,50,57550
20240102,09:55:21,833.0,50,57550
20240102,09:55:54,830.0,50,57550
20240102,09:56:00,827.0,50,57550
20240102,09:56:05,822.0,50,57550
20240102,09:56:13,818.9,50,57550
20240102,09:56:16,815.9,50,57550
20240102,09:56:32,814.0,50,57150
20240102,09:56:46,805.0,50,57150
20240102,09:57:10,798.55,50,57150
20240102,09:58:04,793.0,50,57150
20240102,09:58:07,790.0,50,57150
20240102,09:58:14,790.0,50,57150
20240102,09:58:29,781.0,50,57150
20240102,10:00:06,766.0,50,56800
20240102,10:01:15,762.0,50,56800
20240102,10:09:45,762.0,50,56700
20240102,10:12:45,770.0,300,56650
20240102,10:26:04,750.0,50,56350
20240102,10:26:18,748.55,50,56350
20240102,10:30:02,735.0,50,56250
20240102,10:30:36,735.0,1800,56250
20240102,10:30:37,737.3,200,56250
20240102,10:32:03,751.35,1800,56250
20240102,10:33:27,740.0,200,56250
20240102,10:33:34,740.0,50,56000
20240102,10:34:08,736.4,50,56000
20240102,10:35:48,735.1,50,56100
20240102,10:36:26,722.0,50,56100
20240102,10:37:07,708.0,50,56100
20240102,10:37:52,708.0,1000,56100
20240102,10:38:58,702.5,50,54950
20240102,10:39:40,698.5,1000,54950
20240102,10:39:58,697.2,100,54950
20240102,10:40:58,691.25,50,54950
20240102,10:41:45,691.25,100,53950
20240102,10:42:08,700.35,1800,53950
20240102,10:42:43,717.2,50,53950
20240102,10:42:47,715.5,50,53950
20240102,10:42:57,720.0,1000,53950
20240102,10:49:23,737.35,50,53950
20240102,10:51:00,730.0,50,55900
20240102,11:13:31,724.0,50,55800
20240102,11:16:09,717.05,50,55750
20240102,11:29:13,742.05,100,55700
20240102,11:36:03,720.0,50,55800
20240102,11:36:36,710.0,50,55800
20240102,11:49:28,719.0,200,55700
20240102,11:50:10,713.0,200,55700
20240102,11:52:15,720.15,200,55300
20240102,11:53:09,720.0,200,55300
20240102,11:55:45,723.0,200,54900
20240102,12:02:59,731.0,50,54700
20240102,12:11:49,736.5,50,54650
20240102,12:15:01,738.0,50,54650
20240102,12:16:33,760.0,50,54650
20240102,12:18:34,759.95,50,54650
20240102,12:49:02,750.35,50,54600
20240102,12:58:51,740.0,50,54550
20240102,13:03:50,730.0,50,54500
20240102,13:16:42,734.1,100,54450
20240102,13:18:55,738.0,750,54450
20240102,14:10:00,780.0,50,53800
20240102,14:14:07,809.2,100,53850
20240102,14:15:10,802.05,150,53800
20240102,14:27:51,780.95,50,53800
20240102,14:33:17,801.9,50,53800
20240102,14:33:19,802.85,100,53750
20240102,14:33:25,802.85,50,53750
20240102,14:33:26,804.7,50,53750
20240102,14:44:35,801.0,50,53750
20240102,14:52:08,794.0,50,53600
20240102,14:54:11,790.0,50,53550
20240102,14:57:17,775.0,50,53500
20240102,14:59:10,780.0,50,53500
20240102,14:59:33,774.0,50,53500
20240102,14:59:50,775.0,50,53500
20240102,15:07:09,784.0,50,53300
20240102,15:07:24,770.0,100,53300
20240102,15:07:53,760.0,50,53300
20240102,15:08:01,750.0,50,53300
20240102,15:08:04,750.0,50,53300
20240102,15:09:36,750.0,50,53050
20240102,15:09:39,746.0,50,53050
20240102,15:10:30,737.0,50,53050
20240102,15:11:01,740.0,50,53050
20240102,15:11:17,744.75,50,53050
20240102,15:24:30,752.0,50,52850
20240102,15:25:12,753.0,100,52850
20240102,15:25:19,753.4,50,52850
20240102,15:25:41,750.0,50,52850
20240103,09:25:48,710.0,1,52850
20240103,09:25:48,710.0,50,52850
20240103,09:27:39,714.25,50,52550
20240103,09:36:56,714.25,50,52550
20240103,09:37:50,689.5,50,52550
20240103,09:38:43,689.5,50,52500
20240103,09:38:55,695.25,50,52500
20240103,09:39:01,693.5,50,52500
20240103,09:39:24,689.15,50,52500
20240103,09:40:16,689.15,50,52500
20240103,09:41:44,677.0,50,52600
20240103,09:57:55,677.0,50,52550
20240103,10:00:22,687.35,50,52550
20240103,10:01:05,680.0,50,52550
20240103,10:01:08,678.0,50,52550
20240103,10:02:22,683.8,50,52550
20240103,10:02:39,679.85,50,52550
20240103,10:04:20,698.0,50,52450
20240103,10:05:16,678.0,50,52450
20240103,10:05:29,677.3,50,52450
20240103,10:08:23,687.7,50,52400
20240103,10:10:54,698.0,50,52350
20240103,10:13:38,688.95,50,52350
20240103,10:16:47,696.25,50,52300
20240103,10:19:40,677.0,1000,52300
20240103,10:19:59,676.5,50,52300
20240103,10:20:19,676.05,50,52300
20240103,10:20:44,668.75,150,52300
20240103,10:20:56,657.05,100,52250
20240103,10:20:59,657.05,50,52250
20240103,10:22:24,661.0,50,52250
20240103,10:22:31,654.35,100,52250
20240103,10:23:00,654.35,50,52250
20240103,10:23:01,658.65,50,52250
20240103,10:23:02,659.6,50,52250
20240103,10:23:08,653.1,1050,52250
20240103,10:24:00,653.1,50,52050
20240103,10:24:11,653.7,150,52050
20240103,10:26:32,667.8,100,52050
20240103,10:34:59,696.0,50,51800
20240103,10:39:42,695.6,50,51800
20240103,10:45:22,672.0,50,51800
20240103,10:45:39,664.6,200,51800
20240103,10:46:19,660.0,150,51800
20240103,10:48:08,668.3,200,51700
20240103,10:49:17,669.2,50,51700
20240103,10:49:28,664.7,100,51700
20240103,10:55:16,674.0,800,51650
20240103,10:55:37,680.0,50,51650
20240103,10:56:01,680.0,50,51650
20240103,11:02:42,670.0,100,50800
20240103,11:05:01,680.0,50,50800
20240103,11:08:13,686.0,50,50700
20240103,11:22:25,698.1,50,50700
20240103,11:28:21,682.0,50,50700
20240103,11:29:00,684.5,50,50700
20240103,11:33:00,670.0,50,50700
20240103,11:33:02,669.7,50,50750
20240103,11:34:00,669.95,50,50750
20240103,11:45:26,692.0,50,50700
20240103,11:46:42,692.0,50,50700
20240103,11:52:58,711.35,100,50700
20240103,12:00:12,698.9,50,50700
20240103,12:00:14,696.25,50,50700
20240103,12:00:35,699.1,50,50700
20240103,12:01:00,701.5,50,50700
20240103,12:01:37,709.0,50,50700
20240103,12:05:50,688.0,50,50650
20240103,12:05:51,686.35,50,50650
20240103,12:06:01,690.2,50,50650
20240103,12:17:35,684.1,100,50600
20240103,12:18:00,685.3,50,50500
20240103,12:18:38,691.3,50,50500
20240103,12:21:50,669.0,50,50500
20240103,12:21:51,668.3,50,50500
20240103,12:21:59,668.1,50,50500
20240103,12:22:55,658.0,50,50500
20240103,12:22:56,658.1,50,50500
20240103,12:23:01,659.55,50,50500
20240103,12:23:56,651.4,150,50550
20240103,12:24:28,632.1,250,50550
20240103,12:26:54,632.1,50,50550
20240103,12:27:01,627.7,50,50350
20240103,12:29:10,627.7,50,50350
20240103,12:36:27,627.7,100,50200
20240103,12:44:13,653.0,150,50150
20240103,12:47:05,647.0,100,50000
20240103,12:53:05,664.0,100,50000
20240103,12:59:14,675.0,50,49950
20240103,13:00:59,680.0,100,49950
20240103,13:31:29,679.2,100,49950
20240103,13:31:30,679.2,100,49900
20240103,13:31:46,677.05,50,49900
20240103,13:36:37,674.8,200,49850
20240103,13:37:42,679.85,200,49850
20240103,13:40:23,693.0,50,50050
20240103,13:45:19,677.15,200,50050
20240103,13:58:02,659.85,50,49850
20240103,13:59:02,666.0,50,49850
20240103,13:59:36,664.0,50,49850
20240103,14:09:29,680.15,50,49800
20240103,14:15:54,662.0,50,49800
20240103,14:16:06,654.0,50,49800
20240103,14:17:21,662.3,50,49800
20240103,14:35:41,630.0,50,49700
20240103,14:40:35,616.65,50,49650
20240103,14:42:13,616.65,150,49650
20240103,14:42:35,632.8,150,49600
20240103,14:42:56,634.0,100,49600
20240103,14:43:16,632.55,100,49600
20240103,14:43:36,635.75,250,49600
20240103,15:00:14,640.7,50,48850
20240103,15:00:26,632.1,100,48850
20240103,15:01:03,629.45,50,48850
20240103,15:03:41,625.4,1800,48850
20240103,15:03:42,624.7,200,48850
20240103,15:04:36,618.5,50,48850
20240103,15:05:17,619.9,50,48850
20240103,15:05:36,612.15,200,48850
20240103,15:05:48,612.15,50,48850
20240103,15:07:32,612.15,50,47750
20240103,15:07:59,600.0,250,47750
20240103,15:13:52,600.0,100,47500
20240103,15:14:25,604.1,50,47500
20240103,15:16:25,582.4,50,47550
20240103,15:22:25,582.4,200,47500
20240103,15:24:38,604.35,50,47600
20240103,15:24:51,604.35,50,47600
20240103,15:26:17,610.4,50,47600
20240103,15:27:03,606.8,50,47600
20240103,15:28:48,607.85,50,47550
20240103,15:29:43,608.3,50,47550
20240103,15:29:46,609.8,50,47550
20240103,15:29:54,609.5,50,47550
20240104,09:21:05,696.4,1,45450
20240104,09:21:05,696.4,50,45450
20240104,09:21:14,700.0,50,45450
20240104,09:26:14,700.0,50,45450
20240104,09:32:38,702.25,50,45500
20240104,09:34:05,702.25,50,45500
20240104,09:38:57,712.3,200,45450
20240104,09:39:06,712.3,50,45450
20240104,09:39:09,713.0,50,45450
20240104,09:39:11,713.0,300,45450
20240104,09:40:01,706.3,200,45450
20240104,09:40:31,708.75,100,45450
20240104,09:42:07,711.15,500,44700
20240104,09:44:53,712.2,50,44200
20240104,09:48:15,706.0,50,44150
20240104,09:54:21,706.45,50,44100
20240104,09:57:00,703.0,200,44100
20240104,09:57:44,705.8,150,44050
20240104,09:58:38,702.8,50,44050
20240104,10:00:30,705.9,50,43650
20240104,10:01:42,704.0,50,43650
20240104,10:02:20,704.65,50,43650
20240104,10:02:37,703.0,50,43500
20240104,10:03:06,704.0,50,43500
20240104,10:06:16,715.0,50,43500
20240104,10:09:16,720.0,50,43450
20240104,10:17:33,734.65,50,43400
20240104,10:21:53,740.0,100,43350
20240104,10:26:12,740.0,200,43250
20240104,10:32:08,739.6,50,43050
20240104,10:36:28,740.0,50,43050
20240104,10:38:46,742.5,50,43100
20240104,10:42:09,745.1,50,43100
20240104,10:47:46,745.1,600,43050
20240104,11:14:52,743.3,50,43050
20240104,11:16:42,747.0,500,42450
20240104,11:17:17,747.0,500,42450
20240104,11:18:45,744.0,50,41450
20240104,11:27:07,736.2,1250,41400
20240104,11:28:46,736.0,1250,41400
20240104,11:31:18,738.4,50,38900
20240104,11:31:41,737.9,50,38900
20240104,11:42:07,743.35,50,38900
20240104,11:46:26,743.8,2500,38900
20240104,11:47:37,746.25,150,38900
20240104,11:47:51,745.8,50,38500
20240104,11:47:55,745.0,50,38500
20240104,11:49:55,747.65,100,38500
20240104,11:50:52,748.0,200,38500
20240104,11:51:04,748.0,100,38550
20240104,11:51:57,747.6,1000,38550
20240104,11:52:44,748.05,1700,38550
20240104,12:03:57,747.45,50,35650
20240104,12:20:15,749.0,400,35600
20240104,12:20:16,749.0,200,35600
20240104,12:22:32,750.25,200,35000
20240104,12:34:54,753.15,200,35000
20240104,12:41:22,756.0,450,34800
20240104,12:41:42,756.0,500,34750
20240104,12:42:42,755.0,50,34300
20240104,12:45:03,755.05,50,34250
20240104,12:48:40,753.7,50,34300
20240104,12:49:41,752.3,50,34300
20240104,12:52:07,752.3,100,34250
20240104,12:56:07,754.6,50,34150
20240104,12:59:40,749.4,200,34150
20240104,13:02:20,750.0,1000,33950
20240104,13:03:44,753.0,50,33100
20240104,13:04:26,753.0,1000,33100
20240104,13:11:21,757.45,50,32500
20240104,13:12:12,757.45,50,32450
20240104,13:12:33,754.7,1000,32450
20240104,13:12:51,755.0,50,32450
20240104,13:15:33,755.25,50,31350
20240104,13:16:30,754.45,50,31350
20240104,13:18:03,752.3,150,31300
20240104,13:19:08,751.85,150,31300
20240104,13:19:22,750.0,150,31300
20240104,13:25:40,753.0,1500,31000
20240104,13:30:11,750.75,1000,30800
20240104,13:34:49,748.2,1000,30550
20240104,13:34:53,748.55,1000,30550
20240104,13:37:14,752.0,1000,30250
20240104,13:37:19,752.0,1000,30250
20240104,13:40:04,759.7,50,30250
20240104,13:42:03,759.7,900,30300
20240104,13:42:04,757.0,100,30300
20240104,13:42:05,757.0,800,30300
20240104,13:43:27,757.95,500,30300
20240104,13:43:56,757.55,500,30300
20240104,13:44:30,756.0,1800,30300
20240104,13:45:55,755.65,50,30050
20240104,13:49:18,756.0,500,30050
20240104,13:52:52,755.45,100,30050
20240104,13:53:00,753.4,50,30050
20240104,13:58:53,750.0,100,30000
20240104,13:58:56,750.0,100,30000
20240104,14:02:17,744.6,150,29900
20240104,14:02:30,745.15,50,29900
20240104,14:05:21,746.8,350,29850
20240104,14:10:52,752.3,50,29850
20240104,14:13:01,752.15,50,29850
20240104,14:14:22,747.0,100,29850
20240104,14:17:59,743.1,50,29900
20240104,14:26:27,741.8,50,29850
20240104,14:26:46,743.15,50,29850
20240104,14:27:50,743.55,50,29800
20240104,14:30:07,744.05,100,29800
20240104,14:36:05,743.45,100,29800
20240104,14:44:18,743.45,50,29800
20240104,14:57:10,745.0,50,29800
20240104,14:59:22,742.0,1050,29800
20240104,15:01:01,751.15,150,29750
