date,time,tick_price,volume,open_interest
20240129,11:50:39,3.05,300,300
20240129,12:16:35,3.05,750,300
20240129,12:30:03,3.05,1000,1050
20240129,15:19:08,3.05,500,2050
20240129,15:19:49,3.05,500,2050
20240129,15:25:36,3.05,500,3050
20240129,15:25:54,3.05,1750,3050
20240129,15:26:19,3.05,200,3050
20240129,15:26:34,3.05,200,3050
20240130,09:15:36,4.0,1,3950
20240130,09:15:36,4.15,1,3950
20240130,09:15:36,3.95,1,3950
20240130,09:15:36,4.0,700,3950
20240130,09:15:46,4.05,400,3950
20240130,09:15:56,4.05,150,3950
20240130,09:16:06,4.1,150,3950
20240130,09:16:19,4.1,200,3950
20240130,09:17:01,3.95,200,3950
20240130,09:17:12,3.75,1250,3950
20240130,09:17:24,3.8,150,7000
20240130,09:17:34,3.8,150,7000
20240130,09:17:43,3.85,50,7000
20240130,09:17:53,3.85,50,7000
20240130,09:18:03,3.85,150,7000
20240130,09:18:22,3.9,100,7000
20240130,09:19:02,4.0,100,7000
20240130,09:19:32,3.9,50,7000
20240130,09:19:51,3.9,350,7000
20240130,09:20:01,3.85,350,7000
20240130,09:20:31,3.85,350,7750
20240130,09:20:40,3.9,50,7750
20240130,09:20:50,3.9,50,7750
20240130,09:22:08,4.0,200,7750
20240130,09:24:24,3.95,200,8050
20240130,09:24:33,3.95,350,8050
20240130,09:24:51,3.95,200,8050
20240130,09:25:46,4.1,100,8050
20240130,09:25:56,4.1,300,8050
20240130,09:26:06,4.15,100,8050
20240130,09:26:15,4.15,100,8050
20240130,09:27:01,4.5,1000,9100
20240130,09:27:19,4.6,550,9100
20240130,09:27:37,4.6,100,9100
20240130,09:28:09,4.6,350,9100
20240130,09:28:30,4.2,50,9100
20240130,09:28:42,4.2,50,9100
20240130,09:29:27,4.3,150,10450
20240130,09:29:38,4.3,50,10450
20240130,09:30:11,4.4,50,10450
20240130,09:30:22,4.5,450,10450
20240130,09:30:33,4.5,100,10450
20240130,09:30:44,4.6,1300,10450
20240130,09:30:55,4.6,150,10450
20240130,09:31:06,4.55,1200,10450
20240130,09:31:50,4.35,50,10450
20240130,09:32:00,4.35,50,10450
20240130,09:32:11,4.3,100,10450
20240130,09:32:43,4.5,100,11500
20240130,09:32:53,4.45,50,11500
20240130,09:33:03,4.45,150,11500
20240130,09:33:25,4.5,200,11500
20240130,09:33:36,4.5,50,11500
20240130,09:33:46,4.55,50,11500
20240130,09:34:08,4.6,100,11500
20240130,09:34:18,4.65,50,11500
20240130,09:34:39,4.65,50,11500
20240130,09:35:11,4.7,50,11500
20240130,09:35:22,4.7,50,11500
20240130,09:35:44,4.7,100,11950
20240130,09:36:14,4.75,900,11950
20240130,09:37:27,4.75,100,11950
20240130,09:38:10,4.9,200,11950
20240130,09:38:50,4.9,200,11350
20240130,09:38:59,4.9,400,11350
20240130,09:39:10,4.85,1000,11350
20240130,09:39:53,4.8,50,11350
20240130,09:40:04,4.9,100,11350
20240130,09:40:24,4.85,150,11350
20240130,09:40:35,4.7,200,11350
20240130,09:41:05,4.85,250,11350
20240130,09:42:07,4.65,150,13300
20240130,09:42:28,4.65,450,13300
20240130,09:42:39,4.6,700,13300
20240130,09:42:50,4.5,150,13300
20240130,09:43:23,4.3,350,13300
20240130,09:43:56,4.3,250,13300
20240130,09:44:27,4.3,250,12700
20240130,09:44:47,4.3,450,12700
20240130,09:46:23,4.25,1100,12700
20240130,09:46:44,4.25,1800,12700
20240130,09:47:24,4.35,100,16150
20240130,09:48:27,4.35,200,16150
20240130,09:48:59,4.3,550,16150
20240130,09:49:21,4.3,200,16150
20240130,09:50:02,4.35,250,16150
20240130,09:50:13,4.4,50,16150
20240130,09:50:33,4.4,200,16650
20240130,09:50:53,4.4,50,16650
20240130,09:51:21,4.25,150,16650
20240130,09:51:31,4.35,50,16650
20240130,09:51:40,4.4,50,16650
20240130,09:52:26,4.4,150,16650
20240130,09:52:35,4.35,100,16650
20240130,09:52:44,4.45,150,16650
20240130,09:52:54,4.35,150,16650
20240130,09:53:15,4.4,200,16650
20240130,09:54:13,4.4,100,16650
20240130,09:54:22,4.65,1850,16650
20240130,09:54:31,4.6,150,16650
20240130,09:54:49,4.6,50,16650
20240130,09:55:00,4.55,250,16650
20240130,09:55:09,4.65,50,16650
20240130,09:55:19,4.6,50,16650
20240130,09:55:30,4.6,100,16650
20240130,09:55:40,4.6,50,16650
20240130,09:55:50,4.65,50,16650
20240130,09:56:11,4.65,50,16650
20240130,09:56:41,4.75,250,15300
20240130,09:56:51,4.7,100,15300
20240130,09:58:02,4.65,300,15300
20240130,09:58:24,4.65,200,15300
20240130,09:58:45,4.65,250,15300
20240130,09:59:18,4.7,300,15300
20240130,09:59:50,4.7,300,15950
20240130,10:00:00,4.7,400,15950
20240130,10:00:10,4.55,200,15950
20240130,10:00:20,4.65,250,15950
20240130,10:00:31,4.45,350,15950
20240130,10:00:42,4.6,250,15950
20240130,10:00:52,4.55,50,15950
20240130,10:06:08,4.45,500,16100
20240130,10:06:47,4.4,500,16100
20240130,10:07:17,4.5,50,16100
20240130,10:07:27,4.25,100,16100
20240130,10:07:46,4.35,400,16100
20240130,10:07:56,4.35,150,16100
20240130,10:08:05,4.35,150,16100
20240130,10:08:22,4.35,550,16950
20240130,10:08:41,4.35,250,16950
20240130,10:10:04,4.3,100,16950
20240130,10:10:50,4.35,250,16950
20240130,10:12:31,4.35,100,17250
20240130,10:12:40,4.25,50,17250
20240130,10:15:29,4.25,50,17300
20240130,10:18:42,4.3,350,17350
20240130,10:18:51,4.3,50,17350
20240130,10:19:40,4.2,200,17350
20240130,10:19:50,4.25,50,17350
20240130,10:21:00,4.2,300,17950
20240130,10:23:08,4.25,50,17950
20240130,10:24:08,4.2,250,18000
20240130,10:26:39,4.2,250,18000
20240130,10:27:29,4.2,50,18000
20240130,10:28:02,4.2,100,18000
20240130,10:28:32,4.2,250,18000
20240130,10:29:27,4.2,100,18000
20240130,10:31:14,4.15,50,18000
20240130,10:32:03,4.05,250,18000
20240130,10:32:30,4.1,850,18000
20240130,10:32:48,4.1,50,19000
20240130,10:36:28,4.1,150,19050
20240130,10:36:37,4.05,50,19050
20240130,10:36:48,3.8,1000,19050
20240130,10:38:26,3.7,350,19050
20240130,10:38:52,3.7,50,19400
20240130,10:39:11,3.9,100,19400
20240130,10:41:52,3.95,1000,19450
20240130,10:42:29,3.95,50,19450
20240130,10:42:55,3.95,150,19450
20240130,10:43:43,3.95,500,19450
20240130,10:44:02,4.05,150,19450
20240130,10:45:44,4.05,250,20250
20240130,10:47:26,4.05,50,20250
20240130,10:49:27,4.0,1100,20550
20240130,10:50:34,4.0,100,20750
20240130,10:51:05,4.05,200,20750
20240130,10:52:52,4.1,200,20750
20240130,10:54:39,3.95,50,21050
20240130,10:55:48,3.85,100,21050
20240130,11:00:36,3.85,50,20900
20240130,11:06:32,3.95,200,20900
20240130,11:07:02,3.85,250,20900
20240130,11:15:08,3.95,50,21100
20240130,11:17:49,3.8,1000,21100
20240130,11:22:31,3.9,50,20600
20240130,11:24:56,3.85,50,20600
20240130,11:27:38,4.0,1000,20550
20240130,11:27:54,3.75,50,20550
20240130,11:34:31,3.75,100,21050
20240130,11:36:32,3.75,50,21000
20240130,11:36:50,3.7,50,21000
20240130,11:38:00,3.65,100,21000
20240130,11:41:02,3.65,50,21100
20240130,11:44:23,3.65,800,21100
20240130,11:44:37,3.65,50,21900
20240130,11:44:43,3.65,50,21900
20240130,11:44:49,3.65,250,21900
20240130,11:45:13,3.65,250,21900
20240130,11:46:41,3.7,50,21900
20240130,11:48:15,3.7,100,22450
20240130,11:48:36,3.7,50,22450
20240130,11:49:36,3.7,50,22450
20240130,11:54:09,3.7,100,22650
20240130,11:55:43,3.7,50,22650
20240130,11:56:50,3.7,300,22650
20240130,11:58:27,3.75,100,22650
20240130,11:59:29,3.75,50,22650
20240130,12:03:24,3.75,50,22650
20240130,12:04:29,3.85,150,22650
20240130,12:06:54,3.8,50,22800
20240130,12:07:01,3.85,400,22800
20240130,12:07:15,3.8,50,22800
20240130,12:13:46,3.95,900,22500
20240130,12:17:20,3.8,100,23200
20240130,12:19:19,3.9,50,23100
20240130,12:19:25,3.7,50,23100
20240130,12:19:41,3.8,50,23100
20240130,12:20:01,3.95,250,23100
20240130,12:24:25,3.9,50,23400
20240130,12:27:53,3.9,50,23450
20240130,12:30:05,3.8,500,23500
20240130,12:45:39,3.7,50,23200
20240130,12:52:36,3.8,100,23150
20240130,12:53:03,3.55,3200,23150
20240130,12:53:41,3.55,850,23150
20240130,12:53:52,3.55,50,25500
20240130,12:56:43,3.55,200,25500
20240130,12:57:34,3.75,250,25550
20240130,12:57:41,3.85,900,25550
20240130,12:57:57,3.85,100,25550
20240130,12:58:53,3.75,100,25550
20240130,13:01:43,3.65,50,26800
20240130,13:02:46,3.8,50,26800
20240130,13:05:55,3.8,50,26800
20240130,13:06:36,3.8,150,26800
20240130,13:08:37,3.75,100,26800
20240130,13:09:55,3.7,50,27100
20240130,13:16:33,3.7,100,27050
20240130,13:16:39,3.7,100,27050
20240130,13:17:28,3.7,50,27050
20240130,13:17:39,3.7,100,27050
20240130,13:17:50,3.7,100,27050
20240130,13:17:56,3.65,50,27050
20240130,13:18:17,3.7,50,27050
20240130,13:18:24,3.65,50,27050
20240130,13:18:36,3.7,300,27050
20240130,13:18:41,3.65,350,27050
20240130,13:19:31,3.65,750,27050
20240130,13:21:43,3.6,600,28100
20240130,13:21:52,3.65,200,28100
20240130,13:25:18,3.65,200,28450
20240130,13:26:34,3.6,250,28450
20240130,13:27:05,3.6,250,28350
20240130,13:28:42,3.6,250,28350
20240130,13:33:24,3.6,400,28350
20240130,13:34:04,3.6,250,28350
20240130,13:34:31,3.6,300,28350
20240130,13:35:24,3.65,1200,28350
20240130,13:35:29,3.5,100,28350
20240130,13:35:52,3.4,950,29050
20240130,13:36:12,3.4,1200,29050
20240130,13:36:25,3.25,14750,29050
20240130,13:36:31,3.2,1000,29050
20240130,13:36:36,3.15,1750,29050
20240130,13:36:48,3.15,150,29050
20240130,13:37:00,3.2,50,29050
20240130,13:37:55,3.15,100,29050
20240130,13:38:48,3.2,1800,29050
20240130,13:41:05,3.2,50,46750
20240130,13:42:19,3.2,200,46800
20240130,13:42:57,3.1,2000,46800
20240130,13:44:07,3.1,300,46800
20240130,13:44:46,3.1,200,46800
20240130,13:45:20,3.1,200,46650
20240130,13:45:58,3.05,700,46650
20240130,13:46:16,3.05,200,46650
20240130,13:46:52,3.15,100,46650
20240130,13:47:07,3.1,400,46650
20240130,13:47:22,3.15,50,46650
20240130,13:47:46,3.2,50,46650
20240130,13:49:12,3.15,100,47050
20240130,13:49:19,3.15,100,47050
20240130,13:49:58,3.15,50,47050
20240130,13:50:11,3.15,50,47050
20240130,13:52:22,3.15,50,46750
20240130,13:52:27,3.1,150,46750
20240130,13:53:04,3.2,3650,46750
20240130,13:53:09,3.2,500,46750
20240130,13:55:28,3.25,50,46900
20240130,13:55:43,3.2,750,46900
20240130,13:56:36,3.25,3600,46900
20240130,13:56:50,3.25,1800,46900
20240130,13:57:22,3.25,250,49900
20240130,13:57:50,3.25,1800,49900
20240130,13:57:56,3.3,50,49900
20240130,13:58:22,3.25,150,49900
20240130,13:58:48,3.2,250,49900
20240130,13:58:54,3.3,250,49900
20240130,13:59:00,3.2,250,49900
20240130,13:59:56,3.25,50,52150
20240130,14:00:14,3.25,250,52150
20240130,14:00:38,3.3,100,52150
20240130,14:00:50,3.3,1650,52150
20240130,14:03:29,3.25,50,54100
20240130,14:03:38,3.3,100,54100
20240130,14:04:02,3.25,150,54100
20240130,14:05:03,3.25,50,54100
20240130,14:05:16,3.25,50,54100
20240130,14:05:30,3.25,50,54100
20240130,14:05:45,3.25,50,54100
20240130,14:05:52,3.25,50,54100
20240130,14:06:00,3.25,100,54050
20240130,14:07:05,3.3,1700,54050
20240130,14:10:05,3.3,50,52300
20240130,14:12:26,3.35,50,52350
20240130,14:13:52,3.3,200,52350
20240130,14:14:47,3.3,650,52350
20240130,14:14:56,3.3,100,52350
20240130,14:15:47,3.3,250,52400
20240130,14:16:11,3.25,600,52400
20240130,14:16:35,3.25,50,52400
20240130,14:17:18,3.25,250,52400
20240130,14:18:32,3.15,4800,52650
20240130,14:21:02,3.15,300,55800
20240130,14:21:34,3.1,300,55800
20240130,14:22:31,3.1,500,55800
20240130,14:23:37,3.15,1600,55800
20240130,14:23:44,3.15,50,55800
20240130,14:24:05,3.3,500,56250
20240130,14:27:04,3.25,50,56250
20240130,14:29:07,3.25,300,56250
20240130,14:29:14,3.35,900,56250
20240130,14:29:23,3.3,100,56250
20240130,14:29:34,3.3,50,56250
20240130,14:29:44,3.3,50,56250
20240130,14:29:53,3.3,100,56250
20240130,14:30:14,3.4,200,56200
20240130,14:30:24,3.4,300,56200
20240130,14:30:44,3.35,300,56200
20240130,14:31:03,3.3,450,56200
20240130,14:31:22,3.3,600,56200
20240130,14:31:41,3.25,350,56200
20240130,14:32:03,3.3,250,56200
20240130,14:32:35,3.05,3600,56200
20240130,14:33:05,3.0,3650,61100
20240130,14:33:14,3.0,250,61100
20240130,14:33:23,3.1,2150,61100
20240130,14:33:43,2.95,3600,61100
20240130,14:34:12,2.95,50,61100
20240130,14:34:22,3.0,1800,61100
20240130,14:34:57,3.0,50,61100
20240130,14:35:06,2.9,3600,61100
20240130,14:35:25,2.85,50,61100
20240130,14:35:47,2.8,4550,61100
20240130,14:35:58,2.85,1800,61100
20240130,14:36:08,2.95,50,79550
20240130,14:36:29,2.95,200,79550
20240130,14:37:41,3.0,250,79550
20240130,14:38:00,2.95,100,79550
20240130,14:38:10,2.9,50,79550
20240130,14:38:41,2.8,950,79550
20240130,14:39:01,2.85,5400,80550
20240130,14:39:10,2.85,1250,80550
20240130,14:39:41,2.85,200,80550
20240130,14:39:52,2.85,800,80550
20240130,14:40:03,2.8,500,80550
20240130,14:40:32,2.9,50,80550
20240130,14:42:05,2.85,600,82050
20240130,14:42:41,2.85,50,82050
20240130,14:42:50,2.85,250,82050
20240130,14:43:15,2.85,250,82050
20240130,14:43:32,2.85,700,82050
20240130,14:44:25,2.8,250,82050
20240130,14:44:52,2.85,1800,82050
20240130,14:45:01,2.85,1900,80600
20240130,14:45:10,2.9,2100,80600
20240130,14:45:55,2.85,1050,80600
20240130,14:47:30,2.9,50,80600
20240130,14:47:51,2.7,650,80600
20240130,14:48:20,2.8,100,78250
20240130,14:48:29,2.75,100,78250
20240130,14:48:38,2.8,50,78250
20240130,14:50:22,2.8,200,78250
20240130,14:51:03,2.8,50,78250
20240130,14:51:43,2.7,50,78200
20240130,14:52:42,2.8,50,78200
20240130,14:52:52,2.8,150,78200
20240130,14:53:02,2.8,50,78200
20240130,14:53:21,2.8,50,78200
20240130,14:53:29,2.8,50,78200
20240130,14:53:49,2.8,300,78200
20240130,14:53:58,2.8,150,78200
20240130,14:54:47,2.75,300,78150
20240130,14:55:16,2.8,1050,78150
20240130,14:55:36,2.75,50,78150
20240130,14:55:45,2.75,50,78150
20240130,14:56:24,2.85,50,78150
20240130,14:57:11,2.7,500,78050
20240130,14:57:29,2.85,500,78050
20240130,14:58:07,2.7,2100,78050
20240130,14:58:58,2.7,1150,78050
20240130,14:59:45,2.7,50,78050
20240130,14:59:54,2.7,500,78050
20240130,15:00:12,2.7,150,80700
20240130,15:00:22,2.7,350,80700
20240130,15:01:15,2.8,150,80700
20240130,15:02:44,2.75,50,80700
20240130,15:02:54,2.7,550,80700
20240130,15:03:04,2.65,1500,80700
20240130,15:03:24,2.55,500,81350
20240130,15:03:35,2.55,250,81350
20240130,15:06:35,2.55,250,81450
20240130,15:06:44,2.55,500,81450
20240130,15:08:07,2.6,50,81450
20240130,15:08:27,2.7,700,81450
20240130,15:09:12,2.7,200,82500
20240130,15:10:32,2.7,1150,82500
20240130,15:10:41,2.6,5000,82500
20240130,15:10:49,2.6,650,82500
20240130,15:10:57,2.55,250,82500
20240130,15:11:05,2.6,1050,82500
20240130,15:11:24,2.6,2550,82500
20240130,15:11:59,2.6,50,82500
20240130,15:12:16,2.6,400,91750
20240130,15:13:33,2.65,1000,91750
20240130,15:13:43,2.55,4100,91750
20240130,15:14:13,2.6,50,91750
20240130,15:14:23,2.55,50,91750
20240130,15:14:33,2.5,1000,91750
20240130,15:14:43,2.45,2750,91750
20240130,15:14:54,2.4,300,91750
20240130,15:15:04,2.4,1200,91750
20240130,15:15:35,2.4,1100,101100
20240130,15:15:45,2.4,100,101100
20240130,15:15:54,2.45,950,101100
20240130,15:16:04,2.45,450,101100
20240130,15:16:24,2.45,1000,101100
20240130,15:16:54,2.45,800,101100
20240130,15:17:43,2.5,150,101100
20240130,15:18:03,2.5,500,101100
20240130,15:18:13,2.45,50,101800
20240130,15:18:22,2.45,100,101800
20240130,15:18:32,2.45,50,101800
20240130,15:18:52,2.4,250,101800
20240130,15:19:48,2.45,750,101800
20240130,15:20:06,2.4,750,101800
20240130,15:20:17,2.55,500,101800
20240130,15:20:54,2.45,500,101800
20240130,15:21:14,2.45,50,101750
20240130,15:21:24,2.4,250,101750
20240130,15:21:34,2.4,450,101750
20240130,15:21:44,2.55,150,101750
20240130,15:21:54,2.5,100,101750
20240130,15:22:34,2.5,250,101750
20240130,15:22:44,2.5,300,101750
20240130,15:23:04,2.5,400,101750
20240130,15:23:13,2.5,250,101750
20240130,15:23:23,2.55,650,101750
20240130,15:23:32,2.55,100,101750
20240130,15:23:42,2.45,150,101750
20240130,15:23:51,2.45,100,101750
20240130,15:24:16,2.5,400,102700
20240130,15:24:34,2.45,400,102700
20240130,15:24:52,2.45,600,102700
20240130,15:25:11,2.45,1300,102700
20240130,15:25:31,2.45,100,102700
20240130,15:26:01,2.45,50,102700
20240130,15:26:11,2.4,50,102700
20240130,15:26:20,2.45,50,102700
20240130,15:26:28,2.4,50,102700
20240130,15:26:36,2.4,600,102700
20240130,15:26:44,2.45,100,102700
20240130,15:26:53,2.4,550,102700
20240130,15:27:11,2.45,500,102700
20240130,15:27:19,2.45,900,106550
20240130,15:27:40,2.45,50,106550
20240130,15:27:49,2.45,250,106550
20240130,15:28:23,2.4,600,106550
20240130,15:28:32,2.45,2850,106550
20240130,15:28:42,2.5,300,106550
20240130,15:29:02,2.5,50,106550
20240130,15:29:20,2.45,1200,106550
20240130,15:29:44,2.55,1300,106550
20240130,15:29:54,2.55,150,106550
20240130,15:30:02,2.5,1150,106550
20240131,09:15:06,2.85,1,111450
20240131,09:15:06,2.8,1,111450
20240131,09:15:06,2.85,1850,111450
20240131,09:15:16,2.7,1200,111450
20240131,09:15:26,3.0,450,111450
20240131,09:15:35,3.0,900,111450
20240131,09:15:44,2.95,400,111450
20240131,09:15:53,2.9,1000,111450
20240131,09:16:02,2.9,900,111450
20240131,09:16:10,2.9,50,111450
20240131,09:16:18,2.9,750,111450
20240131,09:16:35,2.75,350,111450
20240131,09:16:52,2.9,50,111450
20240131,09:17:24,2.9,100,111450
20240131,09:17:47,2.9,250,111900
20240131,09:17:57,2.85,2850,111900
20240131,09:18:16,2.8,1800,111900
20240131,09:18:23,2.8,1200,111900
20240131,09:18:31,2.8,650,111900
20240131,09:18:39,2.75,200,111900
20240131,09:18:47,2.75,300,111900
20240131,09:19:02,2.8,50,111900
20240131,09:19:16,2.75,1850,111900
20240131,09:19:22,2.8,3600,111900
20240131,09:19:29,2.75,1950,111900
20240131,09:20:02,2.85,50,111900
20240131,09:20:09,2.85,250,111900
20240131,09:20:24,2.85,350,117200
20240131,09:20:31,2.85,100,117200
20240131,09:20:45,2.85,50,117200
20240131,09:20:51,2.85,50,117200
20240131,09:20:57,2.85,50,117200
20240131,09:21:09,2.85,50,117200
20240131,09:21:15,2.85,350,117200
20240131,09:21:43,2.85,500,117200
20240131,09:22:34,2.85,100,117200
20240131,09:22:41,2.75,2000,117200
20240131,09:22:48,2.75,500,117200
20240131,09:22:55,2.65,2500,117200
20240131,09:23:02,2.65,800,117200
20240131,09:23:16,2.7,2800,117200
20240131,09:23:23,2.7,1650,122900
20240131,09:23:31,2.7,2800,122900
20240131,09:23:38,2.6,2200,122900
20240131,09:23:44,2.6,450,122900
20240131,09:23:51,2.7,1750,122900
20240131,09:23:58,2.7,750,122900
20240131,09:24:04,2.65,150,122900
20240131,09:24:11,2.65,1400,122900
20240131,09:24:18,2.65,1950,122900
20240131,09:24:51,2.7,450,122900
20240131,09:25:05,2.65,50,122900
20240131,09:25:52,2.6,50,122900
20240131,09:26:30,2.6,50,132250
20240131,09:26:52,2.6,50,132250
20240131,09:26:59,2.65,700,132250
20240131,09:27:19,2.55,1000,132250
20240131,09:27:26,2.55,3000,132250
20240131,09:27:33,2.6,100,132250
20240131,09:27:40,2.6,150,132250
20240131,09:27:48,2.65,1500,132250
20240131,09:27:57,2.65,250,132250
20240131,09:28:06,2.6,500,132250
20240131,09:28:13,2.6,50,132250
20240131,09:28:41,2.65,550,132250
20240131,09:29:01,2.65,350,132250
20240131,09:29:08,2.65,400,132250
20240131,09:29:23,2.65,250,132250
20240131,09:29:37,2.65,50,137350
20240131,09:29:45,2.6,1850,137350
20240131,09:30:01,2.6,300,137350
20240131,09:30:10,2.65,50,137350
20240131,09:30:17,2.65,1400,137350
20240131,09:30:25,2.6,50,137350
20240131,09:31:06,2.7,50,137350
20240131,09:31:34,2.65,400,137350
20240131,09:31:41,2.65,50,137350
20240131,09:32:31,2.65,250,140050
20240131,09:33:11,2.65,250,140050
20240131,09:33:24,2.5,9000,140050
20240131,09:33:31,2.5,1650,140050
20240131,09:33:51,2.5,50,140050
20240131,09:33:57,2.6,50,140050
20240131,09:34:04,2.6,50,140050
20240131,09:34:17,2.55,50,140050
20240131,09:34:24,2.6,100,140050
20240131,09:34:31,2.6,300,140050
20240131,09:34:45,2.55,300,140050
20240131,09:35:00,2.5,700,140050
20240131,09:35:09,2.5,1850,140050
20240131,09:35:16,2.55,50,140050
20240131,09:35:23,2.5,100,140050
20240131,09:35:31,2.5,250,140050
20240131,09:35:38,2.5,200,150450
20240131,09:35:45,2.5,200,150450
20240131,09:36:00,2.45,750,150450
20240131,09:36:08,2.45,150,150450
20240131,09:36:22,2.5,650,150450
20240131,09:37:08,2.5,50,150450
20240131,09:37:43,2.55,50,150450
20240131,09:38:02,2.55,300,150450
20240131,09:38:28,2.55,50,149750
20240131,09:38:35,2.55,300,149750
20240131,09:38:43,2.55,800,149750
20240131,09:38:49,2.45,1550,149750
20240131,09:38:56,2.5,250,149750
20240131,09:39:02,2.4,1750,149750
20240131,09:39:10,2.45,200,149750
20240131,09:39:58,2.45,50,149750
20240131,09:40:40,2.6,50,149750
20240131,09:40:54,2.6,150,149750
20240131,09:41:43,2.5,950,151250
20240131,09:42:08,2.55,200,151250
20240131,09:42:45,2.55,50,151250
20240131,09:43:22,2.5,500,151250
20240131,09:43:39,2.45,50,151250
20240131,09:44:05,2.45,1000,151250
20240131,09:44:36,2.4,1050,151950
20240131,09:44:43,2.45,150,151950
20240131,09:45:21,2.4,400,151950
20240131,09:45:29,2.45,100,151950
20240131,09:46:32,2.4,550,151950
20240131,09:46:47,2.45,3150,151950
20240131,09:47:08,2.45,50,151950
20240131,09:49:23,2.5,50,152400
20240131,09:49:30,2.45,50,152400
20240131,09:50:31,2.45,500,152450
20240131,09:51:16,2.5,100,152450
20240131,09:51:41,2.5,350,152450
20240131,09:52:13,2.55,550,152450
20240131,09:53:23,2.55,1400,152450
20240131,09:53:43,2.55,200,154450
20240131,09:54:26,2.55,850,154450
20240131,09:54:51,2.6,50,154450
20240131,09:55:45,2.55,100,154450
20240131,09:56:24,2.5,50,154450
20240131,09:57:09,2.5,50,154100
20240131,09:57:30,2.55,150,154100
20240131,09:58:15,2.5,1800,154100
20240131,09:58:22,2.5,3050,154100
20240131,09:58:41,2.45,550,154100
20240131,09:58:54,2.45,1400,154100
20240131,09:59:26,2.45,50,154100
20240131,10:00:25,2.45,350,159050
20240131,10:01:14,2.5,200,159050
20240131,10:01:21,2.5,50,159050
20240131,10:02:17,2.5,50,159050
20240131,10:02:23,2.55,1050,159050
20240131,10:02:30,2.6,350,159450
20240131,10:03:28,2.55,300,159450
20240131,10:04:09,2.5,1750,159450
20240131,10:04:42,2.45,100,159450
20240131,10:04:57,2.45,250,159450
20240131,10:06:42,2.45,50,160850
20240131,10:06:56,2.45,50,160850
20240131,10:07:42,2.45,50,160850
20240131,10:07:57,2.4,600,160850
20240131,10:08:05,2.4,250,160850
20240131,10:08:28,2.4,1050,160850
20240131,10:08:46,2.4,1850,161950
20240131,10:08:53,2.45,350,161950
20240131,10:09:24,2.35,1000,161950
20240131,10:09:32,2.35,50,161950
20240131,10:10:00,2.35,750,161950
20240131,10:10:34,2.3,50,161950
20240131,10:11:27,2.3,300,162000
20240131,10:11:34,2.4,550,162000
20240131,10:12:16,2.45,200,162000
20240131,10:13:55,2.4,50,162000
20240131,10:15:24,2.5,12250,162050
20240131,10:15:32,2.5,2600,162050
20240131,10:15:40,2.5,1900,162050
20240131,10:15:56,2.5,2750,162050
20240131,10:18:47,2.55,50,162300
20240131,10:21:07,2.55,450,162300
20240131,10:22:40,2.55,300,162300
20240131,10:22:46,2.55,2400,162300
20240131,10:23:09,2.55,50,162300
20240131,10:23:51,2.5,1900,165050
20240131,10:23:56,2.5,400,165050
20240131,10:24:02,2.5,500,165050
20240131,10:24:09,2.5,800,165050
20240131,10:24:14,2.5,1200,165050
20240131,10:24:20,2.5,500,165050
20240131,10:28:11,2.55,300,170350
20240131,10:28:17,2.55,100,170350
20240131,10:28:36,2.55,50,170350
20240131,10:29:12,2.55,50,170350
20240131,10:29:39,2.55,1100,170800
20240131,10:30:22,2.55,200,170800
20240131,10:30:28,2.55,300,170800
20240131,10:30:45,2.55,200,170800
20240131,10:30:57,2.55,1700,170800
20240131,10:31:03,2.55,100,170800
20240131,10:31:15,2.55,100,170800
20240131,10:31:39,2.55,200,170800
20240131,10:31:45,2.55,1100,170800
20240131,10:31:52,2.55,400,170800
20240131,10:31:59,2.5,800,170800
20240131,10:32:06,2.5,2000,170800
20240131,10:32:13,2.5,300,170800
20240131,10:32:22,2.5,2600,170800
20240131,10:32:30,2.5,2100,170800
20240131,10:32:38,2.55,1950,182900
20240131,10:32:45,2.5,3500,182900
20240131,10:32:53,2.5,1100,182900
20240131,10:33:25,2.5,750,182900
20240131,10:33:34,2.5,600,182900
20240131,10:33:42,2.5,100,182900
20240131,10:36:51,2.5,1700,186500
20240131,10:37:00,2.5,650,186500
20240131,10:37:13,2.5,750,186500
20240131,10:37:20,2.5,250,186500
20240131,10:37:54,2.5,2700,186500
20240131,10:38:38,2.5,150,187100
20240131,10:39:21,2.5,50,187100
20240131,10:40:10,2.5,250,187100
20240131,10:44:14,2.6,950,187100
20240131,10:44:50,2.6,200,187150
20240131,10:44:56,2.6,50,187150
20240131,10:45:03,2.6,50,187150
20240131,10:45:23,2.6,100,187150
20240131,10:46:08,2.5,1800,187150
20240131,10:52:30,2.55,200,188950
20240131,11:00:02,2.55,1650,189000
20240131,11:00:16,2.55,2550,189000
20240131,11:00:36,2.55,250,189000
20240131,11:00:43,2.55,500,189000
20240131,11:00:50,2.55,500,189000
20240131,11:02:11,2.55,50,189000
20240131,11:03:56,2.55,50,189500
20240131,11:04:19,2.55,2100,189500
20240131,11:05:53,2.55,250,189450
20240131,11:06:00,2.55,550,189450
20240131,11:06:20,2.6,4050,189450
20240131,11:06:39,2.65,800,189450
20240131,11:07:04,2.65,500,189450
20240131,11:07:24,2.65,300,189450
20240131,11:07:38,2.65,250,189450
20240131,11:07:45,2.65,250,189450
20240131,11:07:51,2.65,1500,189450
20240131,11:07:58,2.65,3550,189450
20240131,11:08:24,2.65,700,189450
20240131,11:08:30,2.65,700,189450
20240131,11:08:38,2.65,2300,195150
20240131,11:08:52,2.65,200,195150
20240131,11:09:26,2.7,2400,195150
20240131,11:10:21,2.7,950,195150
20240131,11:10:27,2.7,1800,195150
20240131,11:10:39,2.75,50,195150
20240131,11:11:19,2.75,500,195150
20240131,11:11:44,2.75,200,198550
20240131,11:13:34,2.7,750,198550
20240131,11:14:08,2.7,900,198550
20240131,11:14:20,2.7,250,198550
20240131,11:15:06,2.7,250,198600
20240131,11:15:38,2.7,250,198600
20240131,11:15:45,2.7,250,198600
20240131,11:15:51,2.7,5500,198600
20240131,11:15:58,2.7,250,198600
20240131,11:16:18,2.7,150,198600
20240131,11:16:53,2.7,250,198600
20240131,11:17:43,2.7,200,200200
20240131,11:17:49,2.65,2300,200200
20240131,11:18:21,2.65,100,200200
20240131,11:18:33,2.65,150,200200
20240131,11:19:58,2.6,1750,200200
20240131,11:20:04,2.55,800,200200
20240131,11:21:46,2.6,500,203800
20240131,11:21:51,2.65,50,203800
20240131,11:22:03,2.6,100,203800
20240131,11:22:50,2.65,750,203800
20240131,11:23:42,2.65,700,204600
20240131,11:24:12,2.65,250,204600
20240131,11:24:19,2.65,100,204600
20240131,11:25:24,2.65,5000,204600
20240131,11:25:30,2.65,250,204600
20240131,11:26:02,2.6,400,204600
20240131,11:26:15,2.6,100,204600
20240131,11:26:28,2.55,100,204600
20240131,11:26:45,2.7,200,209350
20240131,11:26:51,2.6,350,209350
20240131,11:27:03,2.55,400,209350
20240131,11:27:09,2.55,200,209350
20240131,11:27:40,2.55,750,209350
20240131,11:27:53,2.55,100,209350
20240131,11:28:05,2.55,100,209350
20240131,11:28:17,2.5,100,209350
20240131,11:28:24,2.55,200,209350
20240131,11:28:37,2.55,550,209350
20240131,11:28:43,2.6,650,209350
20240131,11:28:50,2.55,300,209350
20240131,11:28:56,2.6,400,209350
20240131,11:29:03,2.6,850,209350
20240131,11:29:08,2.6,300,209350
20240131,11:29:15,2.55,200,209350
20240131,11:29:22,2.6,550,209350
20240131,11:29:28,2.6,1400,209350
20240131,11:29:34,2.6,1200,209350
20240131,11:29:54,2.55,200,212650
20240131,11:30:00,2.55,400,212650
20240131,11:30:18,2.5,100,212650
20240131,11:30:24,2.5,200,212650
20240131,11:30:31,2.55,750,212650
20240131,11:30:38,2.55,300,212650
20240131,11:30:46,2.6,1950,212650
20240131,11:30:53,2.6,800,212650
20240131,11:31:22,2.55,500,212650
20240131,11:31:37,2.55,300,212650
20240131,11:31:44,2.6,3150,212650
20240131,11:31:52,2.55,1200,212650
20240131,11:32:00,2.6,300,212650
20240131,11:32:48,2.6,250,216950
20240131,11:33:52,2.65,50,216950
20240131,11:33:59,2.65,1850,216950
20240131,11:34:23,2.65,550,216950
20240131,11:34:29,2.65,600,216950
20240131,11:34:41,2.65,500,216950
20240131,11:34:53,2.65,100,216950
20240131,11:35:55,2.7,1100,219800
20240131,11:36:02,2.65,50,219800
20240131,11:36:08,2.7,400,219800
20240131,11:36:20,2.65,500,219800
20240131,11:36:31,2.7,500,219800
20240131,11:38:30,2.7,400,219800
20240131,11:38:41,2.7,250,221600
20240131,11:38:54,2.7,500,221600
20240131,11:40:45,2.65,550,221600
20240131,11:41:22,2.75,500,221600
20240131,11:41:40,2.7,150,221600
20240131,11:43:20,2.65,500,223150
20240131,11:46:25,2.7,50,222900
20240131,11:47:33,2.7,50,222900
20240131,11:48:00,2.7,200,222900
20240131,11:51:52,2.7,100,222900
20240131,11:52:05,2.7,150,222900
20240131,11:52:53,2.7,50,222900
20240131,11:53:04,2.65,250,222900
20240131,11:53:33,2.65,250,222900
20240131,11:53:46,2.65,250,222900
20240131,11:54:23,2.65,200,222600
20240131,11:54:29,2.7,300,222600
20240131,11:55:03,2.65,150,222600
20240131,11:55:14,2.65,300,222600
20240131,11:56:20,2.7,700,222600
20240131,11:56:25,2.7,2750,222600
20240131,11:56:41,2.7,400,222600
20240131,11:57:52,2.7,100,221700
20240131,11:58:07,2.75,500,221700
20240131,11:58:13,2.75,3100,221700
20240131,11:58:31,2.75,50,221700
20240131,11:58:53,2.8,3800,221700
20240131,11:58:58,2.8,2550,221700
20240131,11:59:04,2.85,50,221700
20240131,12:00:45,2.8,150,222350
20240131,12:01:10,2.8,100,222350
20240131,12:01:16,2.8,50,222350
20240131,12:01:59,2.8,100,222350
20240131,12:02:57,2.8,300,222450
20240131,12:03:04,2.8,150,222450
20240131,12:03:48,2.8,250,222450
20240131,12:05:34,2.8,50,222450
20240131,12:05:41,2.8,50,222450
20240131,12:07:45,2.75,500,223200
20240131,12:07:50,2.8,200,223200
20240131,12:08:29,2.8,100,223200
20240131,12:09:15,2.8,500,223950
20240131,12:10:30,2.7,300,223950
20240131,12:10:58,2.85,1000,223950
20240131,12:11:26,2.85,500,223950
20240131,12:12:30,2.8,50,224850
20240131,12:12:52,2.8,700,224850
20240131,12:12:57,2.85,150,224850
20240131,12:13:28,2.8,450,224850
20240131,12:13:32,2.75,650,224850
20240131,12:13:48,2.7,450,224850
20240131,12:13:52,2.7,150,224850
20240131,12:13:56,2.7,1200,224850
20240131,12:14:35,2.7,300,224850
20240131,12:14:45,2.7,300,224850
20240131,12:15:09,2.7,50,224650
20240131,12:15:34,2.7,650,224650
20240131,12:16:02,2.7,100,224650
20240131,12:17:11,2.7,200,224650
20240131,12:17:51,2.7,200,224600
20240131,12:18:08,2.75,450,224600
20240131,12:18:14,2.7,50,224600
20240131,12:18:19,2.75,250,224600
20240131,12:18:24,2.75,200,224600
20240131,12:18:42,2.75,100,224600
20240131,12:19:11,2.75,50,224600
20240131,12:19:33,2.75,50,224600
20240131,12:19:44,2.75,50,224600
20240131,12:20:09,2.75,50,224600
20240131,12:20:52,2.75,50,224800
20240131,12:21:59,2.75,650,224800
20240131,12:22:04,2.75,550,224800
20240131,12:22:19,2.75,250,224800
20240131,12:22:45,2.75,550,224800
20240131,12:23:21,2.75,250,224800
20240131,12:24:02,2.7,100,225700
20240131,12:24:19,2.7,400,225700
20240131,12:24:49,2.7,450,225700
20240131,12:25:49,2.65,500,225700
20240131,12:27:27,2.7,600,226150
20240131,12:27:34,2.7,250,226150
20240131,12:27:42,2.7,250,226150
20240131,12:27:49,2.7,850,226150
20240131,12:28:03,2.7,1800,226150
20240131,12:28:10,2.7,2000,226150
20240131,12:28:45,2.65,600,226150
20240131,12:28:52,2.7,1950,226150
20240131,12:29:00,2.65,300,226150
20240131,12:29:08,2.65,600,226150
20240131,12:29:36,2.6,300,226150
20240131,12:29:49,2.6,2600,226400
20240131,12:29:56,2.55,50,226400
20240131,12:30:07,2.55,50,226400
20240131,12:30:14,2.6,1050,226400
20240131,12:30:20,2.6,850,226400
20240131,12:30:33,2.6,500,226400
20240131,12:30:57,2.6,250,226400
20240131,12:31:28,2.6,50,226400
20240131,12:32:26,2.6,100,226400
20240131,12:32:48,2.6,400,227000
20240131,12:32:54,2.6,100,227000
20240131,12:33:04,2.6,200,227000
20240131,12:33:14,2.6,50,227000
20240131,12:33:20,2.6,100,227000
20240131,12:33:26,2.6,100,227000
20240131,12:34:03,2.55,50,227000
20240131,12:34:39,2.55,550,227000
20240131,12:35:02,2.55,600,227000
20240131,12:35:26,2.5,300,227000
20240131,12:35:49,2.5,50,227000
20240131,12:41:29,2.5,50,225650
20240131,12:42:09,2.5,500,225650
20240131,12:42:25,2.55,1000,225650
20240131,12:42:47,2.55,500,225650
20240131,12:43:00,2.6,200,225650
20240131,12:43:07,2.6,500,225650
20240131,12:43:13,2.6,350,225650
20240131,12:43:26,2.5,50,225650
20240131,12:43:39,2.6,50,225650
20240131,12:43:46,2.5,50,225650
20240131,12:43:53,2.6,1850,225650
20240131,12:44:17,2.55,50,225650
20240131,12:44:30,2.55,500,225650
20240131,12:44:38,2.55,50,225650
20240131,12:44:58,2.6,900,224700
20240131,12:45:05,2.6,200,224700
20240131,12:45:51,2.65,550,224700
20240131,12:46:25,2.6,2100,224700
20240131,12:46:31,2.6,550,224700
20240131,12:47:22,2.6,50,224700
20240131,12:47:34,2.55,50,224700
20240131,12:47:40,2.55,1000,224700
20240131,12:47:46,2.55,50,224700
20240131,12:48:03,2.5,50,224850
20240131,12:48:08,2.55,50,224850
20240131,12:48:15,2.5,50,224850
20240131,12:49:11,2.5,250,224850
20240131,12:49:39,2.5,50,224850
20240131,12:51:03,2.55,450,224800
20240131,12:51:09,2.55,50,224800
20240131,12:51:21,2.6,50,224800
20240131,12:51:33,2.55,50,224800
20240131,12:51:46,2.6,50,224800
20240131,12:51:53,2.6,150,224800
20240131,12:52:00,2.6,250,224800
20240131,12:52:07,2.6,150,224800
20240131,12:52:14,2.6,550,224800
20240131,12:52:21,2.55,50,224800
20240131,12:52:27,2.6,500,224800
20240131,12:52:34,2.6,100,224800
20240131,12:52:40,2.6,600,224800
20240131,12:52:52,2.65,400,224800
20240131,12:53:28,2.55,100,224800
20240131,12:53:40,2.6,100,224800
20240131,12:53:46,2.6,100,224800
20240131,12:54:18,2.65,50,223450
20240131,12:55:06,2.65,50,223450
20240131,12:55:16,2.55,50,223450
20240131,12:55:27,2.6,50,223450
20240131,12:55:37,2.55,50,223450
20240131,12:55:48,2.65,50,223450
20240131,12:55:59,2.55,50,223450
20240131,12:56:16,2.55,700,223450
20240131,12:56:21,2.55,50,223450
20240131,12:56:26,2.55,1350,223450
20240131,12:56:32,2.5,50,223450
20240131,12:56:52,2.5,1400,221800
20240131,12:57:22,2.5,950,221800
20240131,12:58:32,2.5,300,221800
20240131,12:59:23,2.55,1800,221800
20240131,13:00:04,2.5,50,219700
20240131,13:00:17,2.6,800,219700
20240131,13:00:57,2.6,2250,219700
20240131,13:01:04,2.65,3300,219700
20240131,13:01:23,2.6,800,219700
20240131,13:01:29,2.6,1250,219700
20240131,13:01:36,2.55,150,219700
20240131,13:03:08,2.5,800,214150
20240131,13:03:14,2.55,100,214150
20240131,13:03:34,2.55,50,214150
20240131,13:03:46,2.5,50,214150
20240131,13:03:53,2.55,50,214150
20240131,13:04:05,2.5,50,214150
20240131,13:04:12,2.55,50,214150
20240131,13:04:24,2.5,50,214150
20240131,13:04:30,2.5,450,214150
20240131,13:04:41,2.45,50,214150
20240131,13:06:40,2.45,100,214600
20240131,13:09:25,2.45,200,214600
20240131,13:09:43,2.55,1000,214600
20240131,13:11:07,2.5,950,214600
20240131,13:11:43,2.55,100,214600
20240131,13:12:19,2.55,50,214250
20240131,13:13:42,2.5,1450,214250
20240131,13:16:27,2.45,500,214250
20240131,13:21:14,2.55,5450,214750
20240131,13:22:58,2.55,1800,214750
20240131,13:24:20,2.55,250,218250
20240131,13:25:55,2.55,400,218250
20240131,13:26:36,2.6,50,218250
20240131,13:26:57,2.6,100,218450
20240131,13:28:22,2.6,100,218450
20240131,13:29:40,2.6,50,218450
20240131,13:30:46,2.6,100,218450
20240131,13:31:01,2.6,50,218450
20240131,13:31:14,2.6,150,218450
20240131,13:31:21,2.6,50,218450
20240131,13:31:28,2.55,1000,218450
20240131,13:31:47,2.55,50,218450
20240131,13:34:36,2.6,250,218300
20240131,13:35:17,2.6,1600,218300
20240131,13:35:47,2.6,1100,218300
20240131,13:37:23,2.6,50,216300
20240131,13:41:03,2.65,2050,216300
20240131,13:41:11,2.7,1000,216300
20240131,13:42:34,2.7,50,214850
20240131,13:42:42,2.65,650,214850
20240131,13:43:41,2.7,3600,214850
20240131,13:44:07,2.7,150,214850
20240131,13:46:50,2.65,200,213200
20240131,13:46:57,2.65,200,213200
20240131,13:47:05,2.65,950,213200
20240131,13:47:19,2.55,1700,213200
20240131,13:47:27,2.55,5300,213200
20240131,13:47:34,2.5,7000,213200
20240131,13:47:41,2.5,2100,213200
20240131,13:47:48,2.55,2900,213200
20240131,13:47:55,2.55,4500,213200
20240131,13:48:02,2.5,3250,211550
20240131,13:48:09,2.5,2750,211550
20240131,13:48:16,2.5,4150,211550
20240131,13:48:24,2.5,9500,211550
20240131,13:48:31,2.55,1250,211550
20240131,13:48:52,2.7,6550,211550
20240131,13:48:59,2.65,4450,211550
20240131,13:49:45,2.65,2100,211550
20240131,13:49:52,2.6,150,211550
20240131,13:52:01,2.65,200,205600
20240131,13:52:13,2.65,300,205600
20240131,13:52:34,2.65,150,205600
20240131,13:53:22,2.65,300,205600
20240131,13:53:42,2.65,1000,205600
20240131,13:54:03,2.65,50,205750
20240131,13:55:59,2.6,250,205750
20240131,13:56:15,2.55,1100,205750
20240131,13:56:23,2.55,150,205750
20240131,13:56:52,2.55,150,205750
20240131,13:56:59,2.55,400,205000
20240131,13:59:47,2.5,400,205000
20240131,14:00:00,2.55,50,205100
20240131,14:00:32,2.5,50,205100
20240131,14:00:46,2.5,50,205100
20240131,14:01:35,2.45,500,205100
20240131,14:02:01,2.5,200,205100
20240131,14:02:08,2.5,200,205100
20240131,14:02:58,2.5,50,205100
20240131,14:03:52,2.5,50,206200
20240131,14:04:15,2.5,50,206200
20240131,14:04:36,2.5,100,206200
20240131,14:05:05,2.45,50,206200
20240131,14:05:21,2.45,750,206200
20240131,14:06:38,2.45,500,206300
20240131,14:07:57,2.5,200,206300
20240131,14:08:32,2.55,350,206300
20240131,14:09:22,2.6,1800,207150
20240131,14:09:38,2.55,750,207150
20240131,14:09:43,2.55,150,207150
20240131,14:09:49,2.5,1150,207150
20240131,14:10:00,2.5,250,207150
20240131,14:10:22,2.5,50,207150
20240131,14:10:33,2.5,800,207150
20240131,14:10:54,2.5,300,207150
20240131,14:10:59,2.5,1750,207150
20240131,14:11:30,3.15,16200,207150
20240131,14:11:36,2.6,150,207150
20240131,14:12:07,2.55,850,211000
20240131,14:12:22,2.55,650,211000
20240131,14:12:28,2.55,850,211000
20240131,14:15:26,2.55,100,208700
20240131,14:15:31,2.55,50,208700
20240131,14:16:39,2.6,2300,208700
20240131,14:16:45,2.6,500,208700
20240131,14:16:59,2.6,2750,208700
20240131,14:17:29,2.6,800,208700
20240131,14:17:33,2.65,1800,208700
20240131,14:17:55,2.65,1800,208700
20240131,14:18:13,2.6,3000,208050
20240131,14:18:29,2.65,2950,208050
20240131,14:18:37,2.7,200,208050
20240131,14:18:50,2.7,1000,208050
20240131,14:18:58,2.7,550,208050
20240131,14:19:19,2.7,50,208050
20240131,14:20:00,2.7,450,208050
20240131,14:20:40,2.65,50,208050
20240131,14:21:19,2.6,250,209250
20240131,14:22:00,2.65,750,209250
20240131,14:22:08,2.7,250,209250
20240131,14:24:42,2.65,50,209150
20240131,14:25:00,2.65,50,209150
20240131,14:25:05,2.65,250,209150
20240131,14:25:58,2.7,50,209150
20240131,14:27:51,2.65,950,209200
20240131,14:28:53,2.6,50,209200
20240131,14:28:58,2.6,500,209200
20240131,14:31:21,2.65,150,208050
20240131,14:32:02,2.65,50,208050
20240131,14:32:17,2.65,50,208050
20240131,14:34:12,2.6,350,208050
20240131,14:36:38,2.6,50,207700
20240131,14:38:17,2.6,50,207700
20240131,14:39:22,2.6,1000,207700
20240131,14:39:44,2.65,500,207700
20240131,14:40:28,2.65,100,207700
20240131,14:40:59,2.65,200,207700
20240131,14:41:03,2.6,100,207700
20240131,14:41:07,2.6,600,207700
20240131,14:42:59,2.6,50,205900
20240131,14:43:09,2.55,500,205900
20240131,14:43:33,2.6,450,205900
20240131,14:43:46,2.6,250,205900
20240131,14:43:51,2.6,100,205900
20240131,14:43:57,2.6,300,205900
20240131,14:45:05,2.55,800,205900
20240131,14:45:28,2.65,150,205600
20240131,14:46:27,2.6,50,205600
20240131,14:46:33,2.6,100,205600
20240131,14:46:40,2.65,50,205600
20240131,14:46:46,2.6,250,205600
20240131,14:46:52,2.6,50,205600
20240131,14:47:37,2.65,350,205600
20240131,14:48:35,2.65,250,205100
20240131,14:48:49,2.65,50,205100
20240131,14:49:09,2.65,50,205100
20240131,14:50:51,2.65,150,205100
20240131,14:50:57,2.65,250,205100
20240131,14:51:41,2.65,1000,204450
20240131,14:52:57,2.6,500,204450
20240131,14:54:08,2.65,50,204850
20240131,14:54:40,2.65,100,204850
20240131,14:54:49,2.65,200,204850
20240131,14:56:07,2.65,50,204850
20240131,14:57:08,2.65,100,204850
20240131,14:59:13,2.6,200,204850
20240131,14:59:54,2.65,100,204850
20240131,15:00:51,2.65,400,204850
20240131,15:01:21,2.6,150,204850
20240131,15:01:51,2.6,50,204850
20240131,15:02:46,2.6,100,204850
20240131,15:03:14,2.6,900,204950
20240131,15:03:29,2.65,50,204950
20240131,15:05:18,2.6,100,204950
20240131,15:05:29,2.6,300,204950
20240131,15:05:35,2.6,400,204950
20240131,15:05:41,2.6,1100,204950
20240131,15:05:47,2.6,150,204950
20240131,15:06:46,2.65,50,207150
20240131,15:07:09,2.55,1800,207150
20240131,15:07:35,2.6,500,207150
20240131,15:07:40,2.65,500,207150
20240131,15:09:29,2.6,600,209300
20240131,15:10:23,2.65,700,209300
20240131,15:10:35,2.7,150,209300
20240131,15:10:47,2.65,300,209300
20240131,15:10:53,2.65,100,209300
20240131,15:10:59,2.6,100,209300
20240131,15:11:24,2.65,300,209300
20240131,15:11:43,2.6,150,209300
20240131,15:11:49,2.6,100,209300
20240131,15:12:00,2.7,1450,209300
20240131,15:12:40,2.7,500,210350
20240131,15:12:46,2.7,50,210350
20240131,15:13:19,2.65,300,210350
20240131,15:13:58,2.7,200,210350
20240131,15:14:26,2.75,150,210350
20240131,15:15:02,2.75,100,210350
20240131,15:15:39,2.7,1900,210800
20240131,15:15:45,2.75,1000,210800
20240131,15:16:27,2.65,450,210800
20240131,15:17:45,2.65,300,210800
20240131,15:18:20,2.75,1200,214200
20240131,15:18:32,2.75,500,214200
20240131,15:19:13,2.65,50,214200
20240131,15:19:19,2.75,750,214200
20240131,15:20:09,2.7,400,214200
20240131,15:20:14,2.7,50,214200
20240131,15:20:19,2.65,50,214200
20240131,15:20:24,2.65,50,214200
20240131,15:20:31,2.65,50,214200
20240131,15:20:36,2.65,50,214200
20240131,15:20:42,2.7,1850,214200
20240131,15:20:47,2.75,1350,214200
20240131,15:20:57,2.65,450,214200
20240131,15:21:02,2.7,700,214200
20240131,15:21:07,2.65,550,214200
20240131,15:21:12,2.65,600,214200
20240131,15:21:17,2.75,1800,220650
20240131,15:21:28,2.65,50,220650
20240131,15:21:38,2.7,250,220650
20240131,15:21:43,2.65,200,220650
20240131,15:21:53,2.75,900,220650
20240131,15:22:29,2.8,200,220650
20240131,15:22:34,2.8,1400,220650
20240131,15:22:39,2.8,4150,220650
20240131,15:22:55,2.8,1800,220650
20240131,15:23:30,2.8,50,220650
20240131,15:23:56,2.85,50,220650
20240131,15:24:01,2.85,3400,220650
20240131,15:24:16,2.9,350,217800
20240131,15:24:22,2.95,1500,217800
20240131,15:24:27,2.85,1500,217800
20240131,15:24:33,2.85,850,217800
20240131,15:24:38,2.85,100,217800
20240131,15:24:43,2.9,2300,217800
20240131,15:24:48,3.0,1000,217800
20240131,15:24:53,2.9,1500,217800
20240131,15:24:58,3.0,50,217800
20240131,15:25:38,2.9,1500,217800
20240131,15:25:44,2.85,600,217800
20240131,15:25:49,2.9,50,217800
20240131,15:26:00,3.0,350,217800
20240131,15:26:15,2.9,1000,217800
20240131,15:26:20,2.9,1150,217800
20240131,15:26:25,2.95,200,217800
20240131,15:26:35,2.85,400,217800
20240131,15:26:45,2.85,1200,217800
20240131,15:26:50,2.85,1650,217800
20240131,15:27:00,2.8,150,217800
20240131,15:27:06,2.75,900,217800
20240131,15:27:11,2.85,350,221250
20240131,15:27:16,2.75,500,221250
20240131,15:27:22,2.75,300,221250
20240131,15:27:27,2.75,450,221250
20240131,15:27:32,2.8,50,221250
20240131,15:27:42,2.7,100,221250
20240131,15:27:47,2.65,350,221250
20240131,15:28:02,2.8,50,221250
20240131,15:28:13,2.8,100,221250
20240131,15:28:24,2.7,800,221250
20240131,15:28:34,2.7,200,221250
20240131,15:28:45,2.75,50,221250
20240131,15:29:03,2.75,50,221250
20240131,15:29:10,2.75,550,221250
20240131,15:29:48,2.75,1000,221250
20240131,15:29:55,2.75,50,221250
20240131,15:30:01,2.65,50,221250
20240201,09:15:07,2.85,1,222700
20240201,09:15:07,2.9,1,222700
20240201,09:15:07,2.7,1,222700
20240201,09:15:07,2.85,500,222700
20240201,09:15:17,2.7,1200,222700
20240201,09:15:28,2.7,450,222700
20240201,09:15:39,2.8,250,222700
20240201,09:15:49,2.7,50,222700
20240201,09:16:00,2.8,500,222700
20240201,09:16:09,2.85,150,222700
20240201,09:16:20,2.95,100,222700
20240201,09:16:30,2.95,300,222700
20240201,09:16:40,2.9,100,222700
20240201,09:16:50,2.95,100,222700
20240201,09:17:00,3.25,1800,222700
20240201,09:17:10,3.25,1200,222700
20240201,09:17:20,2.95,1900,222700
20240201,09:17:30,3.0,3100,224750
20240201,09:17:40,3.0,200,224750
20240201,09:17:49,3.15,400,224750
20240201,09:17:59,3.15,150,224750
20240201,09:18:19,3.15,500,224750
20240201,09:18:28,3.1,200,224750
20240201,09:18:39,3.15,1800,224750
20240201,09:18:49,3.15,450,224750
20240201,09:18:59,3.2,250,224750
20240201,09:19:08,3.15,6650,224750
20240201,09:19:18,3.25,150,224750
20240201,09:19:28,3.2,50,224750
20240201,09:19:38,3.3,1800,224750
20240201,09:19:48,3.3,50,224750
20240201,09:19:57,3.35,3550,224750
20240201,09:20:07,3.35,250,224750
20240201,09:20:16,3.2,900,224750
20240201,09:20:35,3.15,600,234250
20240201,09:20:44,3.15,5500,234250
20240201,09:20:54,3.25,300,234250
20240201,09:21:03,3.25,600,234250
20240201,09:21:12,3.15,3350,234250
20240201,09:21:22,3.2,4250,234250
20240201,09:21:32,3.25,700,234250
20240201,09:21:40,3.2,250,234250
20240201,09:21:59,3.2,50,234250
20240201,09:22:09,3.2,50,234250
20240201,09:22:20,3.15,3600,234250
20240201,09:22:31,3.15,5800,234250
20240201,09:22:40,3.15,5700,234250
20240201,09:22:50,3.2,5050,234250
20240201,09:22:59,3.15,900,234250
20240201,09:23:10,3.15,5850,234250
20240201,09:23:20,3.15,6900,234250
20240201,09:23:40,3.15,1850,204950
20240201,09:23:50,3.1,50,204950
20240201,09:24:12,3.15,50,204950
20240201,09:24:21,3.15,150,204950
20240201,09:24:47,3.1,50,204950
20240201,09:24:56,3.1,200,204950
20240201,09:25:14,3.1,3200,204950
20240201,09:25:32,3.05,100,204950
20240201,09:25:40,3.15,50,204950
20240201,09:25:57,3.05,3100,204950
20240201,09:26:06,3.05,100,204950
20240201,09:26:33,3.05,100,206800
20240201,09:26:42,3.1,250,206800
20240201,09:26:51,3.1,550,206800
20240201,09:26:59,3.1,1250,206800
20240201,09:27:08,3.05,50,206800
20240201,09:27:17,3.1,850,206800
20240201,09:27:25,3.05,50,206800
20240201,09:27:34,3.0,200,206800
20240201,09:28:00,3.05,250,206800
20240201,09:28:28,3.05,100,206800
20240201,09:28:38,3.0,150,206800
20240201,09:29:23,3.0,50,206800
20240201,09:29:42,2.95,50,207300
20240201,09:29:51,2.95,50,207300
20240201,09:29:59,2.85,1100,207300
20240201,09:30:08,2.95,50,207300
20240201,09:30:18,2.85,150,207300
20240201,09:30:26,2.85,100,207300
20240201,09:30:34,2.85,500,207300
20240201,09:30:43,2.9,50,207300
20240201,09:30:52,2.85,400,207300
20240201,09:31:01,2.85,50,207300
20240201,09:31:10,2.8,100,207300
20240201,09:31:19,2.85,100,207300
20240201,09:31:28,2.8,100,207300
20240201,09:31:45,2.85,700,207300
20240201,09:32:03,2.85,350,207300
20240201,09:32:12,2.85,50,207300
20240201,09:32:30,2.9,300,207550
20240201,09:33:51,2.9,100,207550
20240201,09:34:09,2.95,50,207550
20240201,09:34:18,2.9,50,207550
20240201,09:34:35,2.9,300,207550
20240201,09:34:52,2.9,300,207550
20240201,09:35:36,2.9,50,207100
20240201,09:35:54,2.9,100,207100
20240201,09:36:44,2.9,50,207100
20240201,09:37:00,2.9,3750,207100
20240201,09:37:08,2.9,50,207100
20240201,09:37:16,2.75,150,207100
20240201,09:37:24,3.0,4000,207100
20240201,09:37:39,2.85,600,207100
20240201,09:37:47,2.8,50,207100
20240201,09:37:56,2.9,50,207100
20240201,09:38:21,2.9,500,207100
20240201,09:38:37,2.9,150,209200
20240201,09:38:46,2.9,50,209200
20240201,09:38:54,2.9,1450,209200
20240201,09:39:17,2.95,400,209200
20240201,09:39:32,2.95,550,209200
20240201,09:39:50,3.0,1200,209200
20240201,09:39:59,2.95,900,209200
20240201,09:40:07,2.95,50,209200
20240201,09:40:15,2.9,250,209200
20240201,09:40:24,3.0,150,209200
20240201,09:40:33,2.95,250,209200
20240201,09:40:42,3.0,600,209200
20240201,09:40:51,3.0,1350,209200
20240201,09:41:00,2.9,550,209200
20240201,09:41:47,3.05,3250,210950
20240201,09:42:24,2.85,1300,210950
20240201,09:42:32,2.9,400,210950
20240201,09:43:12,2.9,50,210950
20240201,09:43:44,2.85,3900,210950
20240201,09:44:35,2.85,50,213150
20240201,09:44:43,2.9,50,213150
20240201,09:45:15,2.9,50,213150
20240201,09:45:23,2.9,50,213150
20240201,09:45:47,2.85,50,213150
20240201,09:45:55,2.9,200,213150
20240201,09:46:04,2.9,1850,213150
20240201,09:46:13,2.9,750,213150
20240201,09:46:22,2.95,3600,213150
20240201,09:46:38,2.95,50,213150
20240201,09:46:53,2.95,50,213150
20240201,09:47:34,3.0,50,217450
20240201,09:47:51,3.05,700,217450
20240201,09:48:45,3.4,18900,217450
20240201,09:48:53,3.2,400,217450
20240201,09:49:01,3.2,100,217450
20240201,09:49:17,3.2,250,217450
20240201,09:49:52,3.15,600,217450
20240201,09:49:59,3.15,250,217450
20240201,09:50:06,3.1,1850,217450
20240201,09:51:40,3.1,200,229250
20240201,09:52:08,3.05,100,229250
20240201,09:52:15,3.1,50,229250
20240201,09:52:29,3.05,50,229250
20240201,09:52:43,3.15,1000,229250
20240201,09:52:56,3.15,300,229250
20240201,09:53:10,3.15,1750,229250
20240201,09:53:24,3.05,50,229250
20240201,09:53:44,3.05,50,231900
20240201,09:54:07,3.05,50,231900
20240201,09:54:31,3.05,50,231900
20240201,09:54:39,3.05,50,231900
20240201,09:55:01,3.05,100,231900
20240201,09:55:10,3.05,150,231900
20240201,09:55:24,3.1,50,231900
20240201,09:56:15,3.1,100,231900
20240201,09:56:36,2.95,700,231600
20240201,09:56:44,2.95,300,231600
20240201,09:56:53,2.95,300,231600
20240201,09:57:01,3.0,50,231600
20240201,09:57:10,2.95,100,231600
20240201,09:57:25,2.95,1000,231600
20240201,09:57:33,2.9,300,231600
20240201,09:58:11,2.95,1250,231600
20240201,09:58:18,3.0,1100,231600
20240201,09:58:25,3.0,300,231600
20240201,09:58:53,3.1,50,231600
20240201,09:59:06,3.0,50,231600
20240201,09:59:12,3.0,50,231600
20240201,09:59:19,2.95,200,231600
20240201,09:59:26,2.95,50,231600
20240201,09:59:33,2.9,200,231950
20240201,09:59:40,2.9,1500,231950
20240201,10:00:17,3.0,600,231950
20240201,10:00:32,2.95,250,231950
20240201,10:00:40,2.9,200,231950
20240201,10:00:49,2.95,100,231950
20240201,10:02:55,3.0,700,233350
20240201,10:03:01,3.0,1350,233350
20240201,10:03:08,3.0,1850,233350
20240201,10:03:16,2.95,1750,233350
20240201,10:03:24,3.0,1600,233350
20240201,10:03:31,2.9,1400,233350
20240201,10:03:37,3.0,300,233350
20240201,10:03:42,2.95,200,233350
20240201,10:03:48,2.9,150,233350
20240201,10:03:53,2.95,400,233350
20240201,10:03:59,2.9,150,233350
20240201,10:04:05,2.95,250,233350
20240201,10:04:23,2.9,50,233350
20240201,10:04:29,2.9,150,233350
20240201,10:05:03,2.95,500,233350
20240201,10:05:09,3.0,550,233350
20240201,10:05:37,2.95,300,234650
20240201,10:06:22,3.0,3000,234650
20240201,10:06:28,3.0,1450,234650
20240201,10:06:33,2.95,200,234650
20240201,10:06:39,2.9,350,234650
20240201,10:06:45,2.9,300,234650
20240201,10:06:51,2.9,750,234650
20240201,10:06:56,2.9,200,234650
20240201,10:07:02,2.9,200,234650
20240201,10:07:08,2.95,100,234650
20240201,10:07:27,2.95,50,234650
20240201,10:07:33,3.0,50,234650
20240201,10:07:44,3.0,400,234650
20240201,10:07:52,2.9,50,234650
20240201,10:07:59,2.9,50,234650
20240201,10:08:09,2.95,200,234650
20240201,10:08:26,3.0,550,234650
20240201,10:08:35,2.9,100,234650
20240201,10:08:43,2.9,100,238550
20240201,10:08:51,2.9,50,238550
20240201,10:08:58,2.9,450,238550
20240201,10:09:07,2.85,100,238550
20240201,10:09:16,2.95,400,238550
20240201,10:09:33,2.85,200,238550
20240201,10:09:41,2.9,50,238550
20240201,10:09:59,2.9,250,238550
20240201,10:10:14,2.9,50,238550
20240201,10:10:21,2.85,350,238550
20240201,10:10:29,2.95,250,238550
20240201,10:10:36,2.9,300,238550
20240201,10:10:56,2.95,100,238550
20240201,10:11:10,2.95,250,238550
20240201,10:11:16,2.95,350,238550
20240201,10:11:29,3.0,50,238550
20240201,10:11:51,2.9,50,240050
20240201,10:11:58,3.0,550,240050
20240201,10:12:13,2.95,450,240050
20240201,10:12:21,3.0,1550,240050
20240201,10:12:29,3.0,1700,240050
20240201,10:12:51,2.9,50,240050
20240201,10:13:03,2.9,50,240050
20240201,10:13:24,3.0,450,240050
20240201,10:13:31,2.9,450,240050
20240201,10:13:47,3.05,250,240050
20240201,10:14:02,3.05,100,240050
20240201,10:14:11,3.05,500,240050
20240201,10:14:17,3.05,600,240050
20240201,10:14:23,3.0,650,240050
20240201,10:14:29,3.05,300,240050
20240201,10:14:42,3.1,200,239400
20240201,10:14:48,2.95,1100,239400
20240201,10:15:00,3.1,300,239400
20240201,10:15:07,3.05,750,239400
20240201,10:15:13,3.1,650,239400
20240201,10:15:19,3.05,650,239400
20240201,10:15:27,3.0,50,239400
20240201,10:15:40,3.1,700,239400
20240201,10:15:46,3.0,50,239400
20240201,10:15:53,3.1,300,239400
20240201,10:16:50,2.95,150,239400
20240201,10:17:12,3.0,100,239400
20240201,10:17:18,3.0,300,239400
20240201,10:17:24,3.05,50,239400
20240201,10:17:30,3.0,800,239400
20240201,10:17:50,3.05,850,239750
20240201,10:17:59,3.05,150,239750
20240201,10:18:37,3.05,550,239750
20240201,10:19:06,3.05,100,239750
20240201,10:19:18,3.05,300,239750
20240201,10:19:40,3.05,300,239750
20240201,10:20:04,3.05,100,239750
20240201,10:20:16,3.1,50,239750
20240201,10:20:34,3.1,1050,239750
20240201,10:20:46,3.0,400,238750
20240201,10:20:58,3.05,50,238750
20240201,10:21:04,3.1,400,238750
20240201,10:21:43,3.1,150,238750
20240201,10:21:54,3.1,400,238750
20240201,10:22:12,3.1,100,238750
20240201,10:22:19,3.1,800,238750
20240201,10:22:43,3.05,50,238750
20240201,10:22:54,3.1,50,238750
20240201,10:23:21,3.1,50,238750
20240201,10:23:31,3.1,50,238750
20240201,10:23:37,3.1,350,237800
20240201,10:24:36,3.1,500,237800
20240201,10:24:52,3.1,250,237800
20240201,10:24:58,3.1,450,237800
20240201,10:26:31,3.1,100,237800
20240201,10:27:04,3.0,750,239000
20240201,10:27:11,3.05,50,239000
20240201,10:27:35,3.05,50,239000
20240201,10:27:50,3.0,50,239000
20240201,10:28:14,3.05,50,239000
20240201,10:28:43,3.1,600,239000
20240201,10:29:53,3.1,100,239050
20240201,10:30:01,3.1,500,239050
20240201,10:30:18,3.1,50,239050
20240201,10:30:43,3.0,250,239050
20240201,10:30:52,3.1,200,239050
20240201,10:31:08,3.05,50,239050
20240201,10:33:08,3.1,50,239100
20240201,10:33:25,3.05,50,239100
20240201,10:33:33,3.05,50,239100
20240201,10:33:50,3.05,50,239100
20240201,10:33:57,3.05,50,239100
20240201,10:34:13,3.1,1800,239100
20240201,10:34:44,3.15,50,239100
20240201,10:36:09,3.15,50,238500
20240201,10:37:32,3.15,50,238500
20240201,10:37:57,3.15,450,238500
20240201,10:38:04,3.1,500,238500
20240201,10:38:51,3.1,300,238200
20240201,10:39:22,3.1,600,238200
20240201,10:40:42,3.15,100,238200
20240201,10:41:00,3.1,150,238200
20240201,10:41:08,3.1,300,238200
20240201,10:41:24,3.15,100,238200
20240201,10:41:40,3.1,100,237050
20240201,10:41:55,3.1,550,237050
20240201,10:42:36,3.15,50,237050
20240201,10:42:44,3.1,250,237050
20240201,10:43:30,3.1,1800,237050
20240201,10:43:38,3.1,1050,237050
20240201,10:43:53,3.1,450,237050
20240201,10:44:08,3.15,150,237050
20240201,10:44:15,3.1,100,237050
20240201,10:44:30,3.1,100,237050
20240201,10:44:38,3.15,50,237050
20240201,10:45:01,3.0,1000,235300
20240201,10:45:56,3.1,200,235300
20240201,10:46:04,3.1,50,235300
20240201,10:46:20,3.1,50,235300
20240201,10:46:28,3.1,150,235300
20240201,10:46:35,3.1,50,235300
20240201,10:46:43,3.0,500,235300
20240201,10:46:51,3.0,400,235300
20240201,10:47:06,3.05,50,235300
20240201,10:47:14,3.0,2100,235300
20240201,10:47:22,3.0,50,235300
20240201,10:47:37,3.0,100,235300
20240201,10:47:45,3.0,50,235050
20240201,10:47:53,3.0,50,235050
20240201,10:48:48,3.0,50,235050
20240201,10:49:04,3.0,100,235050
20240201,10:49:27,3.0,50,235050
20240201,10:49:57,3.0,250,235050
20240201,10:50:19,3.0,250,235050
20240201,10:50:46,2.95,50,235850
20240201,10:51:01,3.0,250,235850
20240201,10:51:34,3.0,250,235850
20240201,10:51:43,3.0,50,235850
20240201,10:52:31,2.9,700,235850
20240201,10:52:58,3.0,550,235850
20240201,10:53:38,3.0,250,235850
20240201,10:54:17,2.95,50,237100
20240201,10:54:26,2.95,50,237100
20240201,10:54:35,3.0,150,237100
20240201,10:56:13,2.95,250,237100
20240201,10:57:08,3.0,250,237450
20240201,10:57:16,2.95,50,237450
20240201,10:57:23,3.0,250,237450
20240201,10:57:30,3.0,100,237450
20240201,10:58:31,3.0,100,237450
20240201,10:59:02,3.0,1500,237450
20240201,10:59:07,3.0,600,237450
20240201,11:00:26,2.9,2150,240050
20240201,11:00:32,2.95,50,240050
20240201,11:00:38,2.95,50,240050
20240201,11:01:24,2.9,50,240050
20240201,11:01:41,2.9,1800,240050
20240201,11:01:48,2.9,1850,240050
20240201,11:02:00,2.9,1300,240050
20240201,11:02:33,2.85,50,240050
20240201,11:02:43,2.95,550,243750
20240201,11:02:52,2.9,600,243750
20240201,11:03:10,2.9,1800,243750
20240201,11:03:19,2.85,700,243750
20240201,11:03:29,2.85,200,243750
20240201,11:03:38,2.95,1500,243750
20240201,11:03:53,2.9,150,243750
20240201,11:04:00,2.9,50,243750
20240201,11:04:09,2.9,50,243750
20240201,11:04:26,2.95,150,243750
20240201,11:05:17,2.95,50,243750
20240201,11:05:35,3.0,7150,243750
20240201,11:05:43,2.95,50,243750
20240201,11:05:49,2.95,50,252050
20240201,11:06:49,3.0,300,252050
20240201,11:07:05,3.0,1700,252050
20240201,11:07:14,3.0,1850,252050
20240201,11:07:22,2.95,50,252050
20240201,11:07:29,3.0,50,252050
20240201,11:07:48,2.95,350,252050
20240201,11:07:55,3.0,3600,252050
20240201,11:08:10,2.9,700,252050
20240201,11:08:17,3.0,350,252050
20240201,11:08:23,2.9,300,252050
20240201,11:08:29,2.95,500,252050
20240201,11:08:43,2.9,50,252050
20240201,11:08:49,2.95,100,258900
20240201,11:08:55,2.9,500,258900
20240201,11:09:10,2.9,50,258900
20240201,11:09:35,2.85,550,258900
20240201,11:10:09,2.9,450,258900
20240201,11:10:15,2.9,250,258900
20240201,11:10:21,2.85,50,258900
20240201,11:10:47,2.85,50,258900
20240201,11:11:11,2.85,600,258900
20240201,11:11:16,2.9,300,258900
20240201,11:11:41,2.9,750,258900
20240201,11:11:47,2.9,50,260050
20240201,11:11:56,2.9,200,260050
20240201,11:12:15,2.9,50,260050
20240201,11:12:50,2.9,950,260050
20240201,11:13:52,2.85,50,260050
20240201,11:14:23,2.85,1600,260050
20240201,11:14:28,2.85,100,260050
20240201,11:15:06,2.85,50,260100
20240201,11:15:11,2.85,950,260100
20240201,11:15:16,2.85,450,260100
20240201,11:15:30,2.8,100,260100
20240201,11:15:34,2.85,50,260100
20240201,11:15:45,2.8,50,260100
20240201,11:15:56,2.85,50,260100
20240201,11:16:02,2.85,250,260100
20240201,11:16:13,2.85,250,260100
20240201,11:16:27,2.85,300,260100
20240201,11:16:38,2.85,250,260100
20240201,11:16:46,2.85,5600,260100
20240201,11:16:55,2.85,1900,260100
20240201,11:17:03,2.95,5750,260100
20240201,11:17:12,2.9,250,260100
20240201,11:17:21,2.9,400,260100
20240201,11:17:30,2.9,2950,260100
20240201,11:17:39,2.85,50,260100
20240201,11:17:47,2.95,6350,274500
20240201,11:18:05,2.9,1950,274500
20240201,11:18:39,2.95,100,274500
20240201,11:18:57,2.95,100,274500
20240201,11:19:06,2.9,500,274500
20240201,11:19:15,2.9,550,274500
20240201,11:19:24,2.85,750,274500
20240201,11:19:32,2.95,50,274500
20240201,11:19:56,2.95,50,274500
20240201,11:20:05,2.95,650,274500
20240201,11:20:13,3.0,1600,274500
20240201,11:20:22,2.9,50,274500
20240201,11:20:30,3.0,1000,274500
20240201,11:20:38,2.95,450,274500
20240201,11:20:46,2.95,50,284100
20240201,11:21:03,2.9,600,284100
20240201,11:21:12,2.95,1000,284100
20240201,11:21:20,2.95,50,284100
20240201,11:21:28,2.85,150,284100
20240201,11:21:36,2.85,150,284100
20240201,11:21:54,2.85,150,284100
20240201,11:22:25,2.8,100,284100
20240201,11:22:47,2.75,950,284100
20240201,11:22:55,2.8,550,284100
20240201,11:23:02,2.8,100,284100
20240201,11:23:10,2.8,100,284100
20240201,11:23:17,2.8,100,284100
20240201,11:23:25,2.8,850,284100
20240201,11:23:33,2.75,250,284100
20240201,11:23:41,2.8,350,284100
20240201,11:23:49,2.8,200,283100
20240201,11:23:56,2.8,200,283100
20240201,11:24:04,2.75,50,283100
20240201,11:24:13,2.75,150,283100
20240201,11:24:20,2.75,300,283100
20240201,11:24:28,2.75,50,283100
20240201,11:25:01,2.75,300,283100
20240201,11:25:09,2.75,100,283100
20240201,11:25:17,2.8,100,283100
20240201,11:25:24,2.8,600,283100
20240201,11:25:33,2.8,300,283100
20240201,11:25:49,2.9,4800,283100
20240201,11:25:56,2.95,5550,283100
20240201,11:26:04,2.95,150,283100
20240201,11:26:12,2.95,1900,283100
20240201,11:26:51,2.9,50,285500
20240201,11:27:20,2.9,200,285500
20240201,11:28:15,2.9,500,285500
20240201,11:28:40,2.9,5400,285500
20240201,11:29:03,2.95,1800,285500
20240201,11:29:18,2.9,6750,285500
20240201,11:29:25,2.9,450,285500
20240201,11:29:39,2.9,550,285500
20240201,11:29:52,2.9,500,291150
20240201,11:29:59,2.9,7950,291150
20240201,11:30:07,2.95,50,291150
20240201,11:30:15,2.95,1800,291150
20240201,11:30:23,2.85,84450,291150
20240201,11:30:31,2.8,50,291150
20240201,11:30:38,2.9,100,291150
20240201,11:30:45,2.9,100,291150
20240201,11:31:22,2.9,50,291150
20240201,11:31:58,2.9,50,291150
20240201,11:33:15,2.9,50,379550
20240201,11:33:50,2.9,50,379550
20240201,11:34:03,2.9,1800,379550
20240201,11:34:19,2.95,800,379550
20240201,11:34:27,2.9,50,379550
20240201,11:34:56,2.9,50,379550
20240201,11:35:04,2.9,150,379550
20240201,11:35:11,3.0,300,379550
20240201,11:35:17,2.95,50,379550
20240201,11:35:24,2.9,3500,379550
20240201,11:35:31,2.9,550,379550
20240201,11:35:39,2.9,300,379550
20240201,11:36:05,2.85,550,380800
20240201,11:36:12,2.9,250,380800
20240201,11:36:25,2.9,450,380800
20240201,11:36:40,2.85,100,380800
20240201,11:36:48,2.8,1850,380800
20240201,11:36:55,2.8,2600,380800
20240201,11:37:08,2.75,650,380800
20240201,11:37:28,2.8,50,380800
20240201,11:37:34,2.75,50,380800
20240201,11:37:58,2.75,300,380800
20240201,11:38:07,2.7,450,380800
20240201,11:38:24,2.8,400,380800
20240201,11:38:54,2.7,1900,380700
20240201,11:39:01,2.7,2100,380700
20240201,11:39:09,2.65,950,380700
20240201,11:39:24,2.65,1950,380700
20240201,11:39:47,2.65,400,380700
20240201,11:39:54,2.6,1550,380700
20240201,11:40:16,2.6,50,380700
20240201,11:40:24,2.6,650,380700
20240201,11:40:31,2.65,5100,380700
20240201,11:40:39,2.65,450,380700
20240201,11:40:54,2.65,50,380700
20240201,11:41:08,2.65,50,380700
20240201,11:41:23,2.65,100,380700
20240201,11:41:37,2.75,550,380700
20240201,11:42:04,2.7,1800,380850
20240201,11:42:12,2.75,4600,380850
20240201,11:42:19,2.75,100,380850
20240201,11:42:39,2.75,500,380850
20240201,11:43:30,2.75,150,380850
20240201,11:44:33,2.65,2150,380850
20240201,11:44:46,2.65,250,380850
20240201,11:45:52,2.6,1800,381400
20240201,11:45:58,2.6,2800,381400
20240201,11:46:05,2.6,250,381400
20240201,11:46:17,2.65,200,381400
20240201,11:46:24,2.65,300,381400
20240201,11:46:30,2.65,1150,381400
20240201,11:46:36,2.65,100,381400
20240201,11:46:50,2.65,1050,381400
20240201,11:46:58,2.65,1900,381400
20240201,11:47:06,2.65,400,381400
20240201,11:47:21,2.65,1700,381400
20240201,11:48:01,2.65,50,378700
20240201,11:48:07,2.65,150,378700
20240201,11:48:36,2.6,50,378700
20240201,11:48:55,2.6,1400,378700
20240201,11:49:02,2.55,1700,378700
20240201,11:49:08,2.55,50,378700
20240201,11:49:28,2.55,200,378700
20240201,11:50:01,2.5,950,378700
20240201,11:50:40,2.5,500,378700
20240201,11:50:57,2.5,1800,378500
20240201,11:51:05,2.5,3250,378500
20240201,11:51:37,2.5,1150,378500
20240201,11:51:45,2.45,50,378500
20240201,11:52:07,2.45,250,378500
20240201,11:52:37,2.5,5650,378500
20240201,11:52:46,2.5,1800,378500
20240201,11:52:54,2.5,2800,378500
20240201,11:53:03,2.5,1850,378500
20240201,11:53:19,2.5,250,378500
20240201,11:54:00,2.5,250,378950
20240201,11:54:16,2.5,750,378950
20240201,11:54:23,2.55,100,378950
20240201,11:54:31,2.5,200,378950
20240201,11:54:38,2.5,100,378950
20240201,11:55:46,2.5,1800,378950
20240201,11:56:32,2.5,1800,378950
20240201,11:57:36,2.5,150,380500
20240201,11:57:50,2.5,200,380500
20240201,11:57:58,2.45,100,380500
20240201,11:58:05,2.5,5400,380500
20240201,11:58:11,2.5,1800,380500
20240201,11:58:18,2.5,950,380500
20240201,11:58:26,2.5,200,380500
20240201,11:58:35,2.55,1800,380500
20240201,11:58:51,2.5,100,380500
20240201,11:59:07,2.5,700,380500
20240201,11:59:59,2.5,50,383850
20240201,12:00:24,2.45,5050,383850
20240201,12:00:32,2.45,100,383850
20240201,12:00:40,2.45,100,383850
20240201,12:00:47,2.45,50,383850
20240201,12:00:55,2.45,400,383850
20240201,12:01:18,2.45,450,383850
20240201,12:01:33,2.4,350,383850
20240201,12:01:56,2.4,900,383850
20240201,12:02:04,2.4,1850,383850
20240201,12:02:20,2.5,200,383850
20240201,12:02:28,2.45,100,383850
20240201,12:02:36,2.45,450,383850
20240201,12:02:54,2.45,5700,390500
20240201,12:03:02,2.45,100,390500
20240201,12:03:10,2.45,450,390500
20240201,12:03:26,2.45,1800,390500
20240201,12:03:35,2.45,1600,390500
20240201,12:03:45,2.45,1050,390500
20240201,12:03:55,2.45,2400,390500
20240201,12:04:05,2.4,1800,390500
20240201,12:04:15,2.35,2400,390500
20240201,12:04:34,2.35,550,390500
20240201,12:04:44,2.35,150,390500
20240201,12:04:53,2.35,850,390500
20240201,12:05:02,2.4,350,390500
20240201,12:05:21,2.35,2550,390500
20240201,12:05:31,2.35,650,390500
20240201,12:05:49,2.3,5000,390500
20240201,12:05:59,2.3,500,406700
20240201,12:06:08,2.3,700,406700
20240201,12:06:17,2.35,500,406700
20240201,12:06:53,2.25,600,406700
20240201,12:07:03,2.25,1550,406700
20240201,12:07:13,2.25,1050,406700
20240201,12:07:23,2.25,1100,406700
20240201,12:07:33,2.25,1450,406700
20240201,12:07:42,2.25,600,406700
20240201,12:07:52,2.2,550,406700
20240201,12:08:02,2.2,350,406700
20240201,12:08:11,2.2,150,406700
20240201,12:08:20,2.2,750,406700
20240201,12:08:30,2.2,100,406700
20240201,12:08:38,2.2,1800,406700
20240201,12:08:47,2.2,1800,406700
20240201,12:09:04,2.25,1800,412450
20240201,12:09:13,2.25,1050,412450
20240201,12:09:22,2.25,1900,412450
20240201,12:09:31,2.25,150,412450
20240201,12:09:40,2.25,1150,412450
20240201,12:09:49,2.35,650,412450
20240201,12:09:57,2.25,450,412450
20240201,12:10:06,2.25,150,412450
20240201,12:10:15,2.3,1500,412450
20240201,12:10:24,2.25,4700,412450
20240201,12:10:33,2.25,2350,412450
20240201,12:10:42,2.25,100,412450
20240201,12:10:51,2.25,2100,412450
20240201,12:11:00,2.3,4150,412450
20240201,12:11:09,2.3,1850,412450
20240201,12:11:19,2.25,200,412450
20240201,12:11:29,2.3,50,412450
20240201,12:11:38,2.3,50,412450
20240201,12:11:47,2.3,1150,412450
20240201,12:11:57,2.25,50,411750
20240201,12:12:06,2.25,50,411750
20240201,12:12:15,2.25,50,411750
20240201,12:12:25,2.2,1900,411750
20240201,12:12:34,2.25,700,411750
20240201,12:12:43,2.2,1400,411750
20240201,12:12:53,2.2,700,411750
20240201,12:13:12,2.15,3800,411750
20240201,12:13:22,2.15,4200,411750
20240201,12:13:32,2.2,100,411750
20240201,12:13:42,2.15,100,411750
20240201,12:13:52,2.15,1100,411750
20240201,12:14:10,2.15,400,411750
20240201,12:14:20,2.25,1900,411750
20240201,12:14:30,2.25,2800,411750
20240201,12:14:39,2.2,400,411750
20240201,12:14:49,2.2,700,411750
20240201,12:14:58,2.2,1400,421600
20240201,12:15:25,2.15,600,421600
20240201,12:15:34,2.15,1350,421600
20240201,12:15:43,2.15,650,421600
20240201,12:15:52,2.15,2850,421600
20240201,12:16:02,2.1,500,421600
20240201,12:16:21,2.1,650,421600
20240201,12:16:30,2.1,2000,421600
20240201,12:16:39,2.15,1650,421600
20240201,12:16:57,2.15,50,421600
20240201,12:17:07,2.2,1150,421600
20240201,12:17:25,2.15,100,421600
20240201,12:17:44,2.25,150,421600
20240201,12:17:52,2.15,1400,425250
20240201,12:18:00,2.15,950,425250
20240201,12:18:18,2.2,250,425250
20240201,12:18:27,2.1,100,425250
20240201,12:19:03,2.15,1450,425250
20240201,12:19:14,2.15,50,425250
20240201,12:19:23,2.15,200,425250
20240201,12:19:32,2.15,6400,425250
20240201,12:20:06,2.15,1100,425250
20240201,12:20:14,2.1,2150,425250
20240201,12:20:24,2.1,800,425250
20240201,12:20:33,2.05,400,425250
20240201,12:20:42,2.05,2200,425250
20240201,12:20:51,2.15,6400,441850
20240201,12:21:00,2.1,5250,441850
20240201,12:21:09,2.1,50,441850
20240201,12:21:17,2.1,4700,441850
20240201,12:21:26,2.1,2450,441850
20240201,12:21:34,2.1,4500,441850
20240201,12:21:44,2.1,1200,441850
20240201,12:21:52,2.1,2950,441850
20240201,12:22:00,2.1,1000,441850
20240201,12:22:09,2.05,600,441850
20240201,12:22:18,2.1,600,441850
20240201,12:22:45,2.1,2250,441850
20240201,12:22:53,2.1,5150,441850
20240201,12:23:03,2.05,1550,441850
20240201,12:23:13,2.05,1650,441850
20240201,12:23:22,2.05,1800,441850
20240201,12:23:31,2.05,9550,441850
20240201,12:23:57,2.1,3500,463950
20240201,12:24:05,2.1,300,463950
20240201,12:24:13,2.15,300,463950
20240201,12:24:22,2.1,200,463950
20240201,12:24:47,2.1,350,463950
20240201,12:24:55,2.1,1050,463950
20240201,12:25:05,2.1,1100,463950
20240201,12:25:13,2.15,4600,463950
20240201,12:25:21,2.15,1400,463950
20240201,12:25:29,2.15,1300,463950
20240201,12:25:38,2.1,850,463950
20240201,12:25:47,2.1,50,463950
20240201,12:25:55,2.1,500,463950
20240201,12:26:04,2.1,1600,463950
20240201,12:26:20,2.05,50,463950
20240201,12:26:28,2.0,3400,463950
20240201,12:26:37,2.05,18800,463950
20240201,12:26:46,2.05,800,463950
20240201,12:26:55,2.0,3500,495750
20240201,12:27:04,2.05,4400,495750
20240201,12:27:14,1.95,5600,495750
20240201,12:27:24,1.95,2550,495750
20240201,12:27:33,2.0,3100,495750
20240201,12:27:42,2.0,4150,495750
20240201,12:27:51,1.95,2250,495750
20240201,12:28:00,1.95,750,495750
20240201,12:28:08,1.95,350,495750
20240201,12:28:17,2.0,1800,495750
20240201,12:28:25,2.0,1800,495750
20240201,12:28:33,2.0,2100,495750
20240201,12:28:42,1.95,2400,495750
20240201,12:28:50,1.95,6650,495750
20240201,12:28:59,1.95,1550,495750
20240201,12:29:08,2.05,13600,495750
20240201,12:29:16,2.0,2600,495750
20240201,12:29:34,2.0,3600,495750
20240201,12:29:43,2.0,1800,495750
20240201,12:29:52,2.0,2300,495750
20240201,12:30:00,2.0,1800,549550
20240201,12:30:08,2.0,1800,549550
20240201,12:30:16,2.0,1800,549550
20240201,12:30:32,1.95,100,549550
20240201,12:30:40,2.0,700,549550
20240201,12:30:57,2.0,1300,549550
20240201,12:31:15,2.0,1600,549550
20240201,12:31:23,1.95,9200,549550
20240201,12:31:33,2.0,12950,549550
20240201,12:31:41,2.0,3500,549550
20240201,12:31:56,2.0,8750,549550
20240201,12:32:05,1.95,350,549550
20240201,12:32:14,2.0,11550,549550
20240201,12:32:40,2.0,400,549550
20240201,12:32:58,2.0,4150,599850
20240201,12:33:07,2.0,300,599850
20240201,12:33:16,2.0,50,599850
20240201,12:33:25,2.0,100,599850
20240201,12:33:42,2.0,50,599850
20240201,12:33:50,2.0,50,599850
20240201,12:33:59,2.0,100,599850
20240201,12:34:07,2.0,600,599850
20240201,12:34:16,2.05,1500,599850
20240201,12:34:34,2.05,5100,599850
20240201,12:34:43,2.05,1000,599850
20240201,12:34:52,2.05,200,599850
20240201,12:35:00,2.05,100,599850
20240201,12:35:09,2.0,400,599850
20240201,12:35:18,2.0,100,599850
20240201,12:35:44,2.0,350,599850
20240201,12:36:35,2.0,8450,604850
20240201,12:37:20,2.0,15900,604850
20240201,12:37:30,2.05,500,604850
20240201,12:37:50,2.0,100,604850
20240201,12:38:00,2.0,500,604850
20240201,12:38:08,2.05,500,604850
20240201,12:38:16,2.0,7250,604850
20240201,12:38:34,2.0,3500,604850
20240201,12:39:17,1.95,50,640550
20240201,12:39:25,1.95,550,640550
20240201,12:39:33,1.9,2350,640550
20240201,12:39:41,1.9,900,640550
20240201,12:39:58,1.95,100,640550
20240201,12:40:40,1.95,200,640550
20240201,12:40:49,2.0,50,640550
20240201,12:41:24,1.9,150,640550
20240201,12:41:33,1.9,250,640550
20240201,12:41:57,1.95,250,644300
20240201,12:42:05,2.0,55800,644300
20240201,12:42:13,2.0,6000,644300
20240201,12:42:20,2.0,250,644300
20240201,12:42:37,2.05,100,644300
20240201,12:42:54,2.0,250,644300
20240201,12:43:40,2.0,250,644300
20240201,12:43:48,2.0,250,644300
20240201,12:43:56,2.0,14850,644300
20240201,12:44:04,1.95,1650,644300
20240201,12:44:12,1.95,850,644300
20240201,12:44:19,1.95,9200,644300
20240201,12:44:27,2.0,4100,644300
20240201,12:44:36,2.0,1250,644300
20240201,12:44:43,2.0,1000,644300
20240201,12:44:51,2.0,50,644300
20240201,12:45:30,2.0,500,736600
20240201,12:45:37,2.0,300,736600
20240201,12:45:46,2.05,100,736600
20240201,12:46:03,2.05,64100,736600
20240201,12:46:12,2.05,4600,736600
20240201,12:46:29,2.0,9700,736600
20240201,12:46:46,1.95,1250,736600
20240201,12:47:02,2.0,700,736600
20240201,12:48:02,2.0,700,736600
20240201,12:48:12,2.0,1550,814200
20240201,12:48:22,2.0,2050,814200
20240201,12:48:31,2.0,300,814200
20240201,12:48:40,2.0,300,814200
20240201,12:48:49,2.0,250,814200
20240201,12:48:59,2.0,250,814200
20240201,12:49:19,2.0,400,814200
20240201,12:49:28,1.95,50,814200
20240201,12:50:39,1.95,2000,814200
20240201,12:50:48,2.0,6900,814200
20240201,12:51:17,2.0,1800,824950
20240201,12:51:26,2.0,2050,824950
20240201,12:51:44,2.0,50,824950
20240201,12:51:53,1.9,250,824950
20240201,12:52:10,1.95,5500,824950
20240201,12:52:19,1.95,900,824950
20240201,12:52:38,2.0,50,824950
20240201,12:53:15,1.95,1600,824950
20240201,12:53:24,1.95,2200,824950
20240201,12:53:34,2.0,2100,824950
20240201,12:53:44,1.95,1400,824950
20240201,12:53:52,1.95,1550,824950
20240201,12:54:01,1.95,300,824950
20240201,12:54:11,1.95,550,838450
20240201,12:54:20,1.95,1250,838450
20240201,12:54:30,1.95,1000,838450
20240201,12:54:50,1.9,900,838450
20240201,12:55:11,1.9,650,838450
20240201,12:55:31,1.9,50,838450
20240201,12:55:42,1.9,100,838450
20240201,12:55:51,1.9,100,838450
20240201,12:56:00,1.9,1750,838450
20240201,12:56:18,1.9,1800,838450
20240201,12:56:27,1.9,3600,838450
20240201,12:56:36,1.9,2850,838450
20240201,12:56:45,1.9,2750,838450
20240201,12:56:54,1.9,50,838450
20240201,12:57:03,1.9,1000,852900
20240201,12:57:11,1.9,50,852900
20240201,12:57:28,1.95,50,852900
20240201,12:58:17,1.95,1850,852900
20240201,12:58:35,1.95,450,852900
20240201,12:58:52,1.9,6650,852900
20240201,12:59:01,1.9,3600,852900
20240201,12:59:09,1.9,1800,852900
20240201,12:59:18,1.95,600,852900
20240201,12:59:26,2.0,60400,852900
20240201,12:59:35,2.0,4550,852900
20240201,12:59:43,2.0,4450,852900
20240201,12:59:52,1.95,1800,852900
20240201,13:00:09,1.95,400,908450
20240201,13:00:18,1.9,6600,908450
20240201,13:00:26,1.9,3550,908450
20240201,13:00:35,1.85,20800,908450
20240201,13:00:43,1.8,3700,908450
20240201,13:00:52,1.9,4900,908450
20240201,13:01:02,1.85,5050,908450
20240201,13:01:12,1.9,28850,908450
20240201,13:01:21,1.9,12050,908450
20240201,13:01:29,1.85,2750,908450
20240201,13:01:37,1.8,4850,908450
20240201,13:01:45,1.8,2500,908450
20240201,13:01:53,1.75,3200,908450
20240201,13:02:01,1.75,950,908450
20240201,13:02:10,1.7,1050,908450
20240201,13:02:20,1.75,100,908450
20240201,13:02:29,1.7,8100,908450
20240201,13:02:38,1.7,3150,908450
20240201,13:02:47,1.75,19800,908450
20240201,13:03:04,1.75,1500,931150
20240201,13:03:12,1.75,1000,931150
20240201,13:03:20,1.75,800,931150
20240201,13:03:28,1.75,6950,931150
20240201,13:03:36,1.75,1900,931150
20240201,13:03:45,1.75,4300,931150
20240201,13:03:54,1.75,300,931150
20240201,13:04:03,1.8,7350,931150
20240201,13:04:20,1.8,350,931150
20240201,13:04:44,1.8,50,931150
20240201,13:04:52,1.75,800,931150
20240201,13:05:16,1.8,1650,931150
20240201,13:05:24,1.75,42500,931150
20240201,13:05:32,1.8,2000,931150
20240201,13:05:41,1.8,2300,931150
20240201,13:05:50,1.8,3900,931150
20240201,13:05:59,1.8,2200,974350
20240201,13:06:06,1.75,3600,974350
20240201,13:06:15,1.8,2350,974350
20240201,13:06:23,1.8,2500,974350
20240201,13:06:30,1.8,1250,974350
20240201,13:06:38,1.8,1950,974350
20240201,13:06:45,1.8,1150,974350
20240201,13:06:53,1.8,150,974350
20240201,13:07:01,1.8,100,974350
20240201,13:07:09,1.8,200,974350
20240201,13:07:16,1.8,1600,974350
20240201,13:07:24,1.8,250,974350
20240201,13:07:39,1.8,1300,974350
20240201,13:07:47,1.8,3800,974350
20240201,13:07:55,1.8,1900,974350
20240201,13:08:05,1.8,2400,974350
20240201,13:08:12,1.8,1900,974350
20240201,13:08:20,1.8,1500,974350
20240201,13:08:35,1.8,1000,974350
20240201,13:09:12,1.8,1300,993900
20240201,13:09:21,1.8,2300,993900
20240201,13:09:29,1.8,3550,993900
20240201,13:09:37,1.8,2150,993900
20240201,13:09:45,1.8,2000,993900
20240201,13:09:52,1.8,4150,993900
20240201,13:09:59,1.8,3600,993900
20240201,13:10:07,1.8,2050,993900
20240201,13:10:16,1.8,2200,993900
20240201,13:10:24,1.65,104050,993900
20240201,13:10:32,1.6,2300,993900
20240201,13:10:41,1.65,1350,993900
20240201,13:10:48,1.65,1150,993900
20240201,13:10:56,1.65,2100,993900
20240201,13:11:05,1.65,1150,993900
20240201,13:11:23,1.7,11400,993900
20240201,13:11:31,1.7,3600,993900
20240201,13:11:40,1.7,250,993900
20240201,13:11:48,1.7,200,993900
20240201,13:11:56,1.7,900,993900
20240201,13:12:04,1.75,100,1118750
20240201,13:12:27,1.7,19700,1118750
20240201,13:12:34,1.7,1900,1118750
20240201,13:12:43,1.7,250,1118750
20240201,13:12:51,1.7,350,1118750
20240201,13:12:58,1.7,500,1118750
20240201,13:13:06,1.65,1000,1118750
20240201,13:13:22,1.7,1450,1118750
20240201,13:13:30,1.65,400,1118750
20240201,13:13:45,1.7,1800,1118750
20240201,13:13:52,1.7,1850,1118750
20240201,13:13:59,1.7,1250,1118750
20240201,13:14:13,1.7,700,1118750
20240201,13:14:21,1.65,50,1118750
20240201,13:14:29,1.65,500,1118750
20240201,13:14:58,1.7,50,1118750
20240201,13:15:06,1.65,1800,1140000
20240201,13:15:15,1.65,450,1140000
20240201,13:15:23,1.65,250,1140000
20240201,13:15:32,1.65,250,1140000
20240201,13:15:41,1.65,300,1140000
20240201,13:15:49,1.7,50,1140000
20240201,13:16:12,1.7,1000,1140000
20240201,13:16:19,1.7,2000,1140000
20240201,13:16:27,1.7,3100,1140000
20240201,13:16:34,1.7,7500,1140000
20240201,13:17:10,1.75,6200,1140000
20240201,13:17:33,1.8,3000,1140000
20240201,13:17:41,1.75,1800,1140000
20240201,13:17:48,1.75,600,1140000
20240201,13:18:09,1.75,100,1147200
20240201,13:18:24,1.8,50,1147200
20240201,13:18:30,1.75,200,1147200
20240201,13:18:37,1.75,50,1147200
20240201,13:18:45,1.8,100,1147200
20240201,13:18:52,1.75,350,1147200
20240201,13:19:01,1.75,500,1147200
20240201,13:19:10,1.75,150,1147200
20240201,13:19:18,1.7,13100,1147200
20240201,13:19:26,1.7,5750,1147200
20240201,13:19:34,1.7,2750,1147200
20240201,13:19:41,1.7,4050,1147200
20240201,13:19:48,1.7,2850,1147200
20240201,13:19:57,1.7,2100,1147200
20240201,13:20:06,1.7,3200,1147200
20240201,13:20:14,1.7,2050,1147200
20240201,13:20:22,1.7,1900,1147200
20240201,13:20:30,1.7,1700,1147200
20240201,13:20:37,1.7,4500,1147200
20240201,13:20:44,1.7,14000,1147200
20240201,13:20:52,1.7,16600,1147200
20240201,13:21:00,1.7,15800,1147200
20240201,13:21:08,1.7,15300,1227350
20240201,13:21:15,1.75,14550,1227350
20240201,13:21:22,1.75,20800,1227350
20240201,13:21:29,1.7,21100,1227350
20240201,13:21:37,1.7,14500,1227350
20240201,13:21:43,1.7,13400,1227350
20240201,13:21:50,1.7,13700,1227350
20240201,13:21:57,1.7,16300,1227350
20240201,13:22:05,1.7,19000,1227350
20240201,13:22:13,1.75,20500,1227350
20240201,13:22:22,1.75,24800,1227350
20240201,13:22:44,1.75,3000,1227350
20240201,13:23:06,1.75,200,1227350
20240201,13:23:30,1.75,100,1227350
20240201,13:23:44,1.75,100,1227350
20240201,13:23:58,1.75,300,1227350
20240201,13:24:32,1.75,350,1387900
20240201,13:24:48,1.75,50,1387900
20240201,13:24:56,1.7,6650,1387900
20240201,13:25:03,1.7,11400,1387900
20240201,13:25:12,1.7,600,1387900
20240201,13:25:21,1.7,200,1387900
20240201,13:25:29,1.7,100,1387900
20240201,13:26:04,1.7,200,1387900
20240201,13:26:18,1.7,500,1387900
20240201,13:26:25,1.7,200,1387900
20240201,13:26:32,1.7,100,1387900
20240201,13:26:40,1.7,900,1387900
20240201,13:26:48,1.7,6900,1387900
20240201,13:26:56,1.7,1800,1387900
20240201,13:27:38,1.7,500,1404200
20240201,13:27:46,1.7,150,1404200
20240201,13:28:02,1.7,100,1404200
20240201,13:29:03,1.65,50,1404200
20240201,13:29:10,1.7,1000,1404200
20240201,13:29:40,1.65,200,1404200
20240201,13:29:55,1.65,3100,1404200
20240201,13:30:09,1.7,50,1409050
20240201,13:30:15,1.7,1850,1409050
20240201,13:30:22,1.7,49200,1409050
20240201,13:30:29,1.7,1800,1409050
20240201,13:30:56,1.7,11800,1409050
20240201,13:31:18,1.7,900,1409050
20240201,13:31:34,1.65,650,1409050
20240201,13:31:51,1.7,3300,1409050
20240201,13:31:58,1.7,1150,1409050
20240201,13:32:06,1.7,100,1409050
20240201,13:32:21,1.7,3800,1409050
20240201,13:32:36,1.7,8650,1409050
20240201,13:33:04,1.75,50,1409050
20240201,13:33:11,1.75,3300,1437350
20240201,13:33:19,1.75,700,1437350
20240201,13:33:43,1.75,100,1437350
20240201,13:33:59,1.75,350,1437350
20240201,13:34:30,1.75,3600,1437350
20240201,13:34:37,1.75,1000,1437350
20240201,13:34:44,1.75,2700,1437350
20240201,13:34:52,1.75,500,1437350
20240201,13:35:41,1.75,50,1437350
20240201,13:35:48,1.75,150,1437350
20240201,13:35:54,1.75,50,1437350
20240201,13:36:08,1.75,50,1435700
20240201,13:36:16,1.75,2700,1435700
20240201,13:36:30,1.8,150,1435700
20240201,13:37:00,1.8,150,1435700
20240201,13:37:07,1.8,200,1435700
20240201,13:37:20,1.8,50,1435700
20240201,13:37:39,1.75,250,1435700
20240201,13:37:46,1.8,150,1435700
20240201,13:38:48,1.8,3300,1435700
20240201,13:38:55,1.8,400,1435700
20240201,13:39:01,1.8,500,1435700
20240201,13:39:08,1.8,200,1439500
20240201,13:39:14,1.8,200,1439500
20240201,13:39:28,1.85,100,1439500
20240201,13:39:54,1.85,50,1439500
20240201,13:40:00,1.8,50,1439500
20240201,13:40:06,1.85,100,1439500
20240201,13:40:20,1.85,50,1439500
20240201,13:40:34,1.75,600,1439500
20240201,13:40:49,1.85,2250,1439500
20240201,13:40:58,1.9,7950,1439500
20240201,13:41:06,1.9,1300,1439500
20240201,13:41:13,1.9,6100,1439500
20240201,13:41:21,1.9,1500,1439500
20240201,13:41:29,1.9,3300,1439500
20240201,13:41:35,1.9,1650,1439500
20240201,13:41:42,1.9,3300,1439500
20240201,13:41:51,1.95,100,1439500
20240201,13:41:59,1.95,100,1439500
20240201,13:42:06,1.95,100,1452000
20240201,13:42:15,2.0,2500,1452000
20240201,13:42:31,2.0,100,1452000
20240201,13:42:40,1.9,300,1452000
20240201,13:42:48,1.95,3600,1452000
20240201,13:42:55,1.95,450,1452000
20240201,13:43:03,1.85,400,1452000
20240201,13:43:10,1.85,250,1452000
20240201,13:43:46,1.9,300,1452000
20240201,13:44:08,1.9,750,1452000
20240201,13:44:22,1.95,100,1452000
20240201,13:44:29,1.95,1800,1452000
20240201,13:44:36,1.9,100,1452000
20240201,13:44:56,1.95,200,1452000
20240201,13:45:10,1.9,50,1459350
20240201,13:45:16,1.9,1250,1459350
20240201,13:45:24,1.9,900,1459350
20240201,13:45:31,1.95,1850,1459350
20240201,13:45:39,1.95,100,1459350
20240201,13:46:05,1.9,500,1459350
20240201,13:46:18,1.9,100,1459350
20240201,13:46:32,1.85,800,1459350
20240201,13:46:45,1.9,100,1459350
20240201,13:47:05,1.9,2000,1459350
20240201,13:47:20,1.85,4850,1459350
20240201,13:47:28,1.85,650,1459350
20240201,13:47:36,1.85,1850,1459350
20240201,13:48:00,1.85,2900,1459350
20240201,13:48:08,1.9,2100,1468250
20240201,13:48:24,1.9,2900,1468250
20240201,13:48:31,1.85,950,1468250
20240201,13:48:39,1.8,3650,1468250
20240201,13:48:46,1.8,4300,1468250
20240201,13:49:50,1.8,1000,1468250
20240201,13:49:57,1.8,50,1468250
20240201,13:50:39,1.8,600,1468250
20240201,13:50:45,1.8,2800,1468250
20240201,13:51:06,1.8,300,1478500
20240201,13:52:07,1.8,3600,1478500
20240201,13:52:14,1.75,50,1478500
20240201,13:52:28,1.7,500,1478500
20240201,13:52:52,1.75,850,1478500
20240201,13:53:53,1.75,3200,1478500
20240201,13:54:16,1.7,50,1480250
20240201,13:54:31,1.75,1800,1480250
20240201,13:54:59,1.7,300,1480250
20240201,13:55:06,1.75,50,1480250
20240201,13:55:13,1.7,150,1480250
20240201,13:56:03,1.7,500,1480250
20240201,13:56:10,1.7,100,1480250
20240201,13:56:53,1.7,3000,1480250
20240201,13:57:01,1.7,200,1480250
20240201,13:57:08,1.7,2550,1484850
20240201,13:57:14,1.7,650,1484850
20240201,13:57:21,1.7,350,1484850
20240201,13:57:28,1.7,50,1484850
20240201,13:57:36,1.75,1800,1484850
20240201,13:58:12,1.7,500,1484850
20240201,13:59:04,1.7,600,1484850
20240201,13:59:20,1.75,2750,1484850
20240201,13:59:51,1.75,700,1484850
20240201,14:00:05,1.7,150,1484850
20240201,14:00:12,1.7,50,1486000
20240201,14:00:20,1.7,100,1486000
20240201,14:00:28,1.7,50,1486000
20240201,14:00:41,1.75,150,1486000
20240201,14:00:48,1.75,3300,1486000
20240201,14:01:03,1.75,950,1486000
20240201,14:01:16,1.7,150,1486000
20240201,14:01:43,1.65,46400,1486000
20240201,14:01:49,1.6,45000,1486000
20240201,14:01:56,1.6,30200,1486000
20240201,14:02:03,1.6,1800,1486000
20240201,14:02:10,1.55,2050,1486000
20240201,14:02:17,1.55,4150,1486000
20240201,14:02:23,1.6,20300,1486000
20240201,14:02:29,1.65,2400,1486000
20240201,14:02:36,1.6,8400,1486000
20240201,14:02:43,1.6,400,1486000
20240201,14:02:49,1.6,3100,1486000
20240201,14:02:56,1.6,4000,1486000
20240201,14:03:02,1.55,1900,1486000
20240201,14:03:15,1.6,10950,1618500
20240201,14:03:26,1.6,29050,1618500
20240201,14:03:33,1.6,14450,1618500
20240201,14:03:40,1.65,15400,1618500
20240201,14:03:47,1.6,8600,1618500
20240201,14:03:54,1.65,5400,1618500
20240201,14:04:16,1.6,900,1618500
20240201,14:04:24,1.65,4800,1618500
20240201,14:04:43,1.65,3800,1618500
20240201,14:04:50,1.6,23500,1618500
20240201,14:04:57,1.65,9100,1618500
20240201,14:05:03,1.65,600,1618500
20240201,14:05:23,1.65,17200,1618500
20240201,14:05:30,1.7,1900,1618500
20240201,14:05:50,1.7,2750,1618500
20240201,14:05:57,1.65,100,1618500
20240201,14:06:12,1.65,150,1723050
20240201,14:06:18,1.65,50,1723050
20240201,14:06:32,1.65,200,1723050
20240201,14:06:38,1.7,2450,1723050
20240201,14:06:44,1.65,50,1723050
20240201,14:06:50,1.65,200,1723050
20240201,14:06:57,1.65,500,1723050
20240201,14:07:04,1.65,200,1723050
20240201,14:07:10,1.65,50,1723050
20240201,14:07:17,1.65,200,1723050
20240201,14:07:39,1.7,2800,1723050
20240201,14:08:00,1.65,50,1723050
20240201,14:08:35,1.65,50,1723050
20240201,14:08:43,1.65,100,1723050
20240201,14:08:51,1.7,4200,1723050
20240201,14:08:59,1.65,100,1723050
20240201,14:09:07,1.65,1000,1723050
20240201,14:09:14,1.65,200,1732300
20240201,14:09:20,1.65,100,1732300
20240201,14:09:27,1.65,200,1732300
20240201,14:09:41,1.65,450,1732300
20240201,14:09:48,1.65,1850,1732300
20240201,14:09:54,1.65,1000,1732300
20240201,14:10:33,1.7,250,1732300
20240201,14:10:39,1.7,50,1732300
20240201,14:10:59,1.65,100,1732300
20240201,14:11:07,1.7,50,1732300
20240201,14:11:14,1.7,3400,1732300
20240201,14:11:27,1.65,400,1732300
20240201,14:11:58,1.7,2800,1732300
20240201,14:12:26,1.75,3200,1739250
20240201,14:12:34,1.7,1800,1739250
20240201,14:12:42,1.7,2400,1739250
20240201,14:12:51,1.75,150,1739250
20240201,14:13:00,1.75,150,1739250
20240201,14:13:09,1.75,250,1739250
20240201,14:13:17,1.7,8400,1739250
20240201,14:13:25,1.75,150,1739250
20240201,14:13:34,1.7,750,1739250
20240201,14:13:41,1.7,850,1739250
20240201,14:13:48,1.65,1000,1739250
20240201,14:13:55,1.7,500,1739250
20240201,14:14:03,1.75,1500,1739250
20240201,14:14:11,1.8,50,1739250
20240201,14:14:18,1.7,4250,1739250
20240201,14:14:33,1.75,3000,1739250
20240201,14:14:40,1.7,800,1739250
20240201,14:14:48,1.7,2550,1739250
20240201,14:14:55,1.75,2850,1739250
20240201,14:15:02,1.7,350,1739250
20240201,14:15:17,1.75,2750,1756300
20240201,14:15:24,1.75,350,1756300
20240201,14:15:54,1.7,5000,1756300
20240201,14:16:00,1.7,250,1756300
20240201,14:16:06,1.7,350,1756300
20240201,14:16:13,1.7,700,1756300
20240201,14:16:20,1.65,4950,1756300
20240201,14:16:27,1.65,950,1756300
20240201,14:16:34,1.65,8200,1756300
20240201,14:16:40,1.6,300,1756300
20240201,14:16:47,1.6,3900,1756300
20240201,14:16:53,1.6,600,1756300
20240201,14:17:00,1.55,650,1756300
20240201,14:17:08,1.6,700,1756300
20240201,14:17:14,1.6,100,1756300
20240201,14:17:22,1.6,150,1756300
20240201,14:17:28,1.6,100,1756300
20240201,14:17:35,1.6,100,1756300
20240201,14:17:48,1.6,100,1756300
20240201,14:18:32,1.65,100,1760600
20240201,14:18:57,1.6,500,1760600
20240201,14:19:27,1.6,100,1760600
20240201,14:19:38,1.65,3600,1760600
20240201,14:19:45,1.65,50,1760600
20240201,14:20:03,1.65,350,1760600
20240201,14:20:16,1.65,3150,1760600
20240201,14:20:22,1.6,4000,1760600
20240201,14:20:28,1.6,150,1760600
20240201,14:20:52,1.6,1100,1760600
20240201,14:20:59,1.65,200,1760600
20240201,14:21:05,1.65,50,1760600
20240201,14:21:42,1.6,150,1771600
20240201,14:21:48,1.65,150,1771600
20240201,14:22:18,1.6,150,1771600
20240201,14:22:41,1.6,50,1771600
20240201,14:22:47,1.65,100,1771600
20240201,14:22:52,1.65,800,1771600
20240201,14:22:58,1.6,150,1771600
20240201,14:23:04,1.6,1800,1771600
20240201,14:23:10,1.5,54600,1771600
20240201,14:23:16,1.5,33700,1771600
20240201,14:23:22,1.5,2150,1771600
20240201,14:23:28,1.5,2900,1771600
20240201,14:23:34,1.6,100,1771600
20240201,14:23:40,1.6,50,1771600
20240201,14:23:52,1.5,5100,1771600
20240201,14:23:57,1.5,2100,1771600
20240201,14:24:27,1.5,850,1850600
20240201,14:24:46,1.55,50,1850600
20240201,14:24:53,1.55,50,1850600
20240201,14:24:59,1.55,100,1850600
20240201,14:25:05,1.6,18100,1850600
20240201,14:25:12,1.6,200,1850600
20240201,14:25:18,1.6,100,1850600
20240201,14:25:25,1.6,50,1850600
20240201,14:25:32,1.55,2350,1850600
20240201,14:25:37,1.55,150,1850600
20240201,14:25:50,1.6,100,1850600
20240201,14:26:02,1.6,100,1850600
20240201,14:26:08,1.6,100,1850600
20240201,14:26:14,1.6,50,1850600
20240201,14:26:31,1.6,50,1850600
20240201,14:26:42,1.6,100,1850600
20240201,14:26:48,1.6,50,1850600
20240201,14:26:54,1.6,50,1850600
20240201,14:27:00,1.6,50,1850600
20240201,14:27:06,1.6,200,1850600
20240201,14:27:12,1.6,50,1850600
20240201,14:28:13,1.55,100,1854300
20240201,14:28:32,1.55,50,1854300
20240201,14:28:55,1.55,10600,1854300
20240201,14:29:03,1.6,6150,1854300
20240201,14:29:09,1.6,1800,1854300
20240201,14:29:16,1.65,100,1854300
20240201,14:29:23,1.65,100,1854300
20240201,14:29:36,1.65,2200,1854300
20240201,14:29:45,1.65,100,1854300
20240201,14:29:53,1.55,2150,1854300
20240201,14:30:02,1.6,250,1854300
20240201,14:30:11,1.6,100,1854300
20240201,14:30:30,1.6,200,1863500
20240201,14:30:37,1.6,1500,1863500
20240201,14:30:44,1.55,2950,1863500
20240201,14:30:51,1.6,100,1863500
20240201,14:31:10,1.55,2400,1863500
20240201,14:31:17,1.65,2000,1863500
20240201,14:31:24,1.65,300,1863500
20240201,14:31:30,1.65,1800,1863500
20240201,14:31:36,1.65,50,1863500
20240201,14:32:05,1.55,350,1863500
20240201,14:32:11,1.65,50,1863500
20240201,14:32:17,1.65,150,1863500
20240201,14:32:29,1.55,2650,1863500
20240201,14:34:10,1.55,1300,1870500
20240201,14:34:20,1.55,450,1870500
20240201,14:34:38,1.6,100,1870500
20240201,14:34:44,1.6,150,1870500
20240201,14:35:08,1.6,150,1870500
20240201,14:35:19,1.6,5400,1870500
20240201,14:35:25,1.65,11900,1870500
20240201,14:35:31,1.65,3600,1870500
20240201,14:35:36,1.65,7400,1870500
20240201,14:35:44,1.65,2050,1870500
20240201,14:35:51,1.65,250,1870500
20240201,14:35:58,1.65,500,1870500
20240201,14:36:06,1.65,250,1870500
20240201,14:36:13,1.65,300,1870500
20240201,14:36:20,1.65,7450,1895200
20240201,14:36:33,1.65,3600,1895200
20240201,14:36:39,1.65,10800,1895200
20240201,14:36:46,1.65,7250,1895200
20240201,14:36:52,1.6,9150,1895200
20240201,14:36:59,1.6,150,1895200
20240201,14:37:05,1.65,7250,1895200
20240201,14:37:10,1.6,1950,1895200
20240201,14:37:21,1.5,69600,1895200
20240201,14:37:26,1.5,3000,1895200
20240201,14:37:42,1.55,100,1895200
20240201,14:37:55,1.55,50,1895200
20240201,14:38:01,1.55,450,1895200
20240201,14:38:07,1.6,500,1895200
20240201,14:38:13,1.6,250,1895200
20240201,14:38:20,1.6,300,1895200
20240201,14:38:26,1.55,8550,1895200
20240201,14:38:39,1.5,900,1895200
20240201,14:38:46,1.5,150,1895200
20240201,14:38:59,1.5,250,1895200
20240201,14:39:05,1.5,950,1895200
20240201,14:39:11,1.45,9350,1895200
20240201,14:39:17,1.35,8850,2002200
20240201,14:39:23,1.35,250,2002200
20240201,14:39:30,1.35,6600,2002200
20240201,14:39:37,1.35,150,2002200
20240201,14:39:45,1.35,200,2002200
20240201,14:39:52,1.35,7000,2002200
20240201,14:39:59,1.35,250,2002200
20240201,14:40:06,1.45,7750,2002200
20240201,14:40:13,1.45,18000,2002200
20240201,14:40:19,1.45,16400,2002200
20240201,14:40:25,1.5,8250,2002200
20240201,14:40:32,1.5,1750,2002200
20240201,14:40:38,1.4,100,2002200
20240201,14:40:44,1.4,1750,2002200
20240201,14:40:51,1.45,300,2002200
20240201,14:40:58,1.5,4900,2002200
20240201,14:41:04,1.45,23000,2002200
20240201,14:41:10,1.55,8700,2002200
20240201,14:41:16,1.5,4750,2002200
20240201,14:41:22,1.45,5300,2002200
20240201,14:41:28,1.45,850,2002200
20240201,14:41:34,1.5,200,2002200
20240201,14:41:48,1.45,50,2002200
20240201,14:41:54,1.5,1000,2002200
20240201,14:42:01,1.5,4000,2002200
20240201,14:42:08,1.5,600,2002200
20240201,14:42:33,1.5,300,2077200
20240201,14:42:39,1.45,10750,2077200
20240201,14:42:57,1.45,19800,2077200
20240201,14:43:04,1.45,10000,2077200
20240201,14:43:23,1.45,7000,2077200
20240201,14:43:37,1.5,150,2077200
20240201,14:44:11,1.45,100,2077200
20240201,14:44:47,1.5,3000,2077200
20240201,14:44:55,1.5,1500,2077200
20240201,14:45:24,1.5,100,2121700
20240201,14:46:13,1.5,50,2121700
20240201,14:46:41,1.45,3600,2121700
20240201,14:47:15,1.45,150,2121700
20240201,14:47:59,1.45,200,2121700
20240201,14:48:06,1.45,100,2121700
20240201,14:48:12,1.5,6000,2123500
20240201,14:48:24,1.45,300,2123500
20240201,14:48:31,1.45,15100,2123500
20240201,14:48:37,1.45,1350,2123500
20240201,14:48:45,1.45,1250,2123500
20240201,14:48:51,1.45,750,2123500
20240201,14:48:57,1.4,350,2123500
20240201,14:49:03,1.45,100,2123500
20240201,14:49:10,1.4,50,2123500
20240201,14:49:17,1.45,34200,2123500
20240201,14:49:24,1.45,2100,2123500
20240201,14:49:36,1.45,500,2123500
20240201,14:50:40,1.5,1100,2123500
20240201,14:50:48,1.5,50,2123500
20240201,14:50:56,1.45,250,2123500
20240201,14:51:05,1.5,800,2123500
20240201,14:51:14,1.5,500,2165750
20240201,14:51:22,1.5,650,2165750
20240201,14:51:29,1.5,100,2165750
20240201,14:51:38,1.5,500,2165750
20240201,14:51:45,1.5,200,2165750
20240201,14:51:58,1.5,5700,2165750
20240201,14:52:06,1.55,1350,2165750
20240201,14:52:13,1.55,200,2165750
20240201,14:52:20,1.55,150,2165750
20240201,14:52:27,1.55,50,2165750
20240201,14:52:34,1.55,150,2165750
20240201,14:52:41,1.55,150,2165750
20240201,14:52:47,1.55,150,2165750
20240201,14:52:53,1.55,50,2165750
20240201,14:52:59,1.5,1000,2165750
20240201,14:53:05,1.5,3600,2165750
20240201,14:53:11,1.5,300,2165750
20240201,14:53:18,1.45,24000,2165750
20240201,14:53:24,1.45,6000,2165750
20240201,14:53:30,1.5,1000,2165750
20240201,14:53:37,1.55,150,2165750
20240201,14:53:44,1.55,50,2165750
20240201,14:53:49,1.5,800,2165750
20240201,14:53:56,1.55,3400,2165750
20240201,14:54:01,1.45,2800,2165750
20240201,14:54:07,1.45,200,2165750
20240201,14:54:13,1.5,150,2165750
20240201,14:54:19,1.45,1800,2198200
20240201,14:54:43,1.5,600,2198200
20240201,14:54:51,1.45,2000,2198200
20240201,14:54:59,1.45,11400,2198200
20240201,14:55:05,1.45,6600,2198200
20240201,14:55:12,1.45,1000,2198200
20240201,14:55:20,1.45,1000,2198200
20240201,14:55:42,1.45,800,2198200
20240201,14:56:04,1.45,1400,2198200
20240201,14:56:12,1.45,2250,2198200
20240201,14:56:30,1.45,1800,2198200
20240201,14:57:27,1.45,100,2203350
20240201,14:57:33,1.45,250,2203350
20240201,14:57:51,1.45,350,2203350
20240201,14:58:09,1.4,900,2203350
20240201,14:58:31,1.4,150,2203350
20240201,14:58:36,1.45,8000,2203350
20240201,14:58:42,1.45,150,2203350
20240201,14:59:00,1.5,2900,2203350
20240201,14:59:45,1.45,3700,2203350
20240201,14:59:52,1.4,200,2203350
20240201,15:00:20,1.5,50,2211700
20240201,15:00:52,1.5,50,2211700
20240201,15:01:06,1.45,50,2211700
20240201,15:01:33,1.5,500,2211700
20240201,15:01:39,1.5,50,2211700
20240201,15:01:45,1.5,550,2211700
20240201,15:02:04,1.45,300,2211700
20240201,15:02:12,1.45,1450,2211700
20240201,15:02:19,1.45,1250,2211700
20240201,15:02:34,1.45,1800,2211700
20240201,15:02:41,1.5,50,2211700
20240201,15:03:04,1.45,150,2211700
20240201,15:03:12,1.5,50,2211700
20240201,15:03:35,1.4,9750,2215350
20240201,15:04:37,1.45,50,2215350
20240201,15:05:01,1.4,1050,2215350
20240201,15:05:08,1.4,300,2215350
20240201,15:05:17,1.4,2350,2215350
20240201,15:05:32,1.4,1000,2215350
20240201,15:05:47,1.4,20150,2215350
20240201,15:06:21,1.4,100,2244750
20240201,15:06:51,1.35,900,2244750
20240201,15:06:58,1.35,50,2244750
20240201,15:07:27,1.4,1000,2244750
20240201,15:07:34,1.4,1800,2244750
20240201,15:07:41,1.4,750,2244750
20240201,15:08:03,1.4,1800,2244750
20240201,15:08:10,1.4,9350,2244750
20240201,15:08:18,1.4,200,2244750
20240201,15:08:39,1.4,700,2244750
20240201,15:09:03,1.35,2900,2244750
20240201,15:09:10,1.4,1050,2244750
20240201,15:09:24,1.4,2500,2259900
20240201,15:09:31,1.4,150,2259900
20240201,15:09:38,1.4,3000,2259900
20240201,15:09:45,1.4,3000,2259900
20240201,15:09:52,1.4,150,2259900
20240201,15:09:58,1.4,550,2259900
20240201,15:10:21,1.4,750,2259900
20240201,15:10:35,1.4,500,2259900
20240201,15:10:56,1.35,900,2259900
20240201,15:11:03,1.4,13600,2259900
20240201,15:11:10,1.4,39900,2259900
20240201,15:11:17,1.4,250,2259900
20240201,15:11:39,1.45,1550,2259900
20240201,15:12:06,1.4,8300,2259900
20240201,15:12:12,1.35,400,2259900
20240201,15:12:19,1.35,1100,2328950
20240201,15:12:26,1.35,14800,2328950
20240201,15:12:33,1.35,9500,2328950
20240201,15:12:39,1.35,1750,2328950
20240201,15:12:47,1.4,2000,2328950
20240201,15:13:09,1.3,10200,2328950
20240201,15:13:16,1.3,2700,2328950
20240201,15:13:23,1.25,6100,2328950
20240201,15:13:30,1.25,5000,2328950
20240201,15:13:52,1.25,900,2328950
20240201,15:13:59,1.25,6300,2328950
20240201,15:14:07,1.25,3350,2328950
20240201,15:14:14,1.3,600,2328950
20240201,15:14:22,1.35,1900,2328950
20240201,15:14:30,1.35,550,2328950
20240201,15:14:37,1.4,3500,2328950
20240201,15:14:51,1.35,1800,2328950
20240201,15:14:57,1.4,8000,2328950
20240201,15:15:04,1.35,3400,2328950
20240201,15:15:11,1.4,500,2328950
20240201,15:15:19,1.35,300,2328950
20240201,15:15:27,1.4,50,2352150
20240201,15:15:34,1.4,200,2352150
20240201,15:15:42,1.4,1250,2352150
20240201,15:15:50,1.4,450,2352150
20240201,15:15:58,1.4,1350,2352150
20240201,15:16:05,1.4,500,2352150
20240201,15:16:13,1.4,200,2352150
20240201,15:16:20,1.4,500,2352150
20240201,15:16:27,1.4,700,2352150
20240201,15:16:34,1.4,300,2352150
