date,time,tick_price,volume,open_interest
20240108,14:20:31,3.1,50,50
20240109,10:22:08,3.1,1,50
20240109,10:22:08,3.0,1850,50
20240109,10:22:19,2.8,1250,50
20240109,10:45:55,2.8,250,2900
20240109,10:46:06,3.1,250,2900
20240109,10:46:17,3.1,350,2900
20240109,11:11:16,3.05,300,3450
20240109,11:17:28,2.8,300,3450
20240109,11:17:46,2.9,150,3450
20240109,11:25:34,3.2,450,3450
20240109,11:32:49,3.2,3600,3700
20240109,11:32:49,2.4,3600,3700
20240109,11:33:59,2.85,700,3700
20240109,11:34:13,2.8,650,3700
20240109,11:34:28,3.0,1800,3700
20240109,11:34:35,3.05,1800,3700
20240109,11:39:59,2.85,250,4750
20240109,12:30:44,2.9,50,4900
20240109,12:31:28,2.7,50,4900
20240109,12:37:36,2.85,200,4900
20240109,12:55:23,2.85,50,4900
20240109,12:56:41,2.85,50,4900
20240109,13:06:18,2.9,400,4900
20240109,13:32:34,3.0,900,4700
20240109,13:43:16,2.95,50,4700
20240109,13:54:40,2.95,450,4700
20240109,13:56:07,2.85,150,4700
20240109,14:11:26,2.9,250,4750
20240109,14:11:42,2.9,1500,4750
20240109,14:11:52,2.9,50,4750
20240109,14:12:23,2.85,1800,6250
20240109,14:16:57,2.9,200,8050
20240109,14:21:09,2.9,50,8050
20240109,14:22:50,2.9,400,8050
20240109,14:25:03,2.9,300,8300
20240109,14:25:39,2.95,50,8300
20240109,15:07:04,2.8,100,8600
20240109,15:07:37,3.2,100,8600
20240109,15:10:51,3.3,600,8700
20240109,15:12:28,3.3,100,8850
20240109,15:14:16,3.1,400,8850
20240109,15:26:00,3.2,200,8950
20240109,15:26:30,2.9,200,8950
20240109,15:28:05,3.4,200,8800
20240109,15:28:16,3.4,50,8800
20240110,09:15:16,3.2,1,8800
20240110,09:15:16,3.2,200,8800
20240110,09:16:34,3.8,150,8800
20240110,09:17:21,3.8,1450,8800
20240110,09:18:14,3.3,100,9100
20240110,09:19:06,3.25,150,9100
20240110,09:19:12,3.15,600,9100
20240110,09:19:34,3.15,200,9100
20240110,09:19:39,3.25,100,9100
20240110,09:19:54,3.25,50,9100
20240110,09:20:05,3.2,200,9100
20240110,09:20:17,3.25,200,9100
20240110,09:20:35,3.2,50,9600
20240110,09:20:53,3.2,100,9600
20240110,09:21:21,3.3,300,9600
20240110,09:21:27,3.25,200,9600
20240110,09:22:30,3.3,200,9600
20240110,09:23:01,3.3,350,9600
20240110,09:23:07,3.3,250,9600
20240110,09:23:13,3.3,250,9600
20240110,09:23:29,3.3,250,9600
20240110,09:23:45,3.3,250,10600
20240110,09:24:09,3.3,250,10600
20240110,09:25:15,3.35,250,10600
20240110,09:26:31,3.2,250,10600
20240110,09:26:38,3.2,100,11500
20240110,09:27:01,3.25,100,11500
20240110,09:27:08,3.2,200,11500
20240110,09:27:16,3.3,100,11500
20240110,09:27:30,3.35,1000,11500
20240110,09:27:47,3.3,1400,11500
20240110,09:27:55,3.35,600,11500
20240110,09:28:04,3.35,150,11500
20240110,09:28:21,3.25,600,11500
20240110,09:28:44,3.35,2900,11500
20240110,09:29:01,3.45,250,11500
20240110,09:29:15,3.4,250,11500
20240110,09:29:21,3.3,50,11500
20240110,09:29:27,3.55,100,11500
20240110,09:29:34,3.55,200,11500
20240110,09:29:40,3.6,150,19100
20240110,09:29:46,3.65,50,19100
20240110,09:29:54,3.65,50,19100
20240110,09:30:02,3.7,450,19100
20240110,09:30:09,3.75,250,19100
20240110,09:30:15,3.8,400,19100
20240110,09:30:23,3.9,350,19100
20240110,09:30:30,4.05,600,19100
20240110,09:30:45,3.75,100,19100
20240110,09:30:59,3.5,600,19100
20240110,09:31:14,3.5,200,19100
20240110,09:31:49,3.75,450,19100
20240110,09:31:55,3.7,150,19100
20240110,09:32:02,3.75,400,19100
20240110,09:33:15,3.35,100,19100
20240110,09:33:30,3.3,150,20050
20240110,09:33:37,3.3,50,20050
20240110,09:33:53,3.3,100,20050
20240110,09:34:02,3.3,250,20050
20240110,09:34:26,3.3,150,20050
20240110,09:34:33,3.3,150,20050
20240110,09:34:42,3.2,200,20050
20240110,09:35:04,3.2,150,20050
20240110,09:36:11,3.4,100,19600
20240110,09:37:13,3.5,150,19600
20240110,09:37:31,3.6,50,19600
20240110,09:37:56,3.55,150,19600
20240110,09:38:02,3.55,50,19600
20240110,09:38:14,3.4,5000,19600
20240110,09:39:03,3.6,100,19500
20240110,09:39:16,3.6,100,19500
20240110,09:39:29,3.6,200,19500
20240110,09:39:35,3.6,200,19500
20240110,09:39:47,3.6,100,19500
20240110,09:39:53,3.6,150,19500
20240110,09:40:27,3.6,250,19500
20240110,09:40:48,3.65,50,19500
20240110,09:41:51,3.65,50,19950
20240110,09:43:26,3.6,400,19950
20240110,09:44:08,3.65,200,19950
20240110,09:44:15,3.55,250,19950
20240110,09:44:22,3.6,300,19950
20240110,09:44:41,3.5,750,19700
20240110,09:44:47,3.5,300,19700
20240110,09:44:55,3.45,250,19700
20240110,09:45:03,3.4,200,19700
20240110,09:45:10,3.4,900,19700
20240110,09:45:29,3.5,450,19700
20240110,09:45:42,3.4,250,19700
20240110,09:45:49,3.5,400,19700
20240110,09:47:01,3.55,100,19700
20240110,09:47:49,3.6,1200,19400
20240110,09:48:44,3.6,100,19400
20240110,09:48:57,3.6,50,19400
20240110,09:49:04,3.6,300,19400
20240110,09:49:23,3.55,100,19400
20240110,09:49:34,3.55,100,19400
20240110,09:49:40,3.5,300,19400
20240110,09:49:45,3.5,100,19400
20240110,09:49:57,3.55,450,19400
20240110,09:50:58,3.55,100,20150
20240110,09:51:20,3.65,50,20150
20240110,09:51:26,3.55,400,20150
20240110,09:52:31,3.65,400,20150
20240110,09:52:51,3.7,150,20150
20240110,09:53:41,3.7,50,19300
20240110,09:54:34,3.7,1800,19300
20240110,09:55:02,3.75,100,19300
20240110,09:55:48,3.65,1800,19300
20240110,09:57:27,3.7,50,19400
20240110,09:57:33,3.7,300,19400
20240110,09:57:39,3.65,200,19400
20240110,09:58:09,3.7,400,19400
20240110,09:58:16,3.7,100,19400
20240110,09:58:22,3.7,1050,19400
20240110,09:58:29,3.7,50,19400
20240110,09:58:37,3.75,150,19400
20240110,09:59:06,3.65,950,19400
20240110,09:59:47,3.6,1200,20050
20240110,10:00:11,3.75,1650,20050
20240110,10:01:56,3.75,50,20050
20240110,10:02:17,3.75,200,20050
20240110,10:03:13,3.75,50,18750
20240110,10:03:27,3.7,100,18750
20240110,10:03:34,3.7,200,18750
20240110,10:03:55,3.7,250,18750
20240110,10:04:27,3.7,100,18750
20240110,10:07:33,3.75,200,18800
20240110,10:07:50,3.65,400,18800
20240110,10:08:07,3.65,400,18800
20240110,10:08:36,3.6,50,18800
20240110,10:08:51,3.7,100,19050
20240110,10:10:29,3.7,200,19050
20240110,10:10:35,3.7,100,19050
20240110,10:10:40,3.75,50,19050
20240110,10:10:44,3.65,250,19050
20240110,10:11:22,3.7,400,19050
20240110,10:11:26,3.7,50,19050
20240110,10:11:36,3.7,100,19050
20240110,10:12:14,3.7,100,19050
20240110,10:12:41,3.6,800,19050
20240110,10:12:58,3.7,150,19050
20240110,10:15:47,3.55,250,18500
20240110,10:16:11,3.55,300,18500
20240110,10:16:59,3.5,50,18500
20240110,10:17:05,3.55,200,18500
20240110,10:17:45,3.5,200,18400
20240110,10:18:10,3.5,200,18400
20240110,10:18:50,3.45,100,18400
20240110,10:18:55,3.45,100,18400
20240110,10:20:22,3.55,50,18400
20240110,10:20:34,3.5,150,18400
20240110,10:20:47,3.55,450,18350
20240110,10:20:53,3.6,300,18350
20240110,10:21:04,3.45,100,18350
20240110,10:21:10,3.45,100,18350
20240110,10:21:15,3.45,750,18350
20240110,10:21:31,3.45,100,18350
20240110,10:21:37,3.45,100,18350
20240110,10:22:07,3.6,100,18350
20240110,10:22:20,3.55,50,18350
20240110,10:23:42,3.6,50,17450
20240110,10:23:50,3.55,400,17450
20240110,10:23:56,3.65,50,17450
20240110,10:25:13,3.6,200,17450
20240110,10:25:21,3.5,550,17450
20240110,10:26:46,3.6,300,17450
20240110,10:26:54,3.6,50,17450
20240110,10:29:31,3.7,50,17450
20240110,10:30:02,3.6,250,17700
20240110,10:33:31,3.55,250,17450
20240110,10:39:31,3.5,200,17200
20240110,10:39:50,3.55,100,17200
20240110,10:41:56,3.55,250,17150
20240110,10:44:45,3.6,250,17150
20240110,10:48:45,3.65,100,17650
20240110,10:49:22,3.6,100,17650
20240110,10:49:52,3.6,50,17650
20240110,10:50:24,3.6,150,17650
20240110,10:53:11,3.6,200,17650
20240110,10:56:30,3.55,650,17450
20240110,10:56:56,3.55,100,16800
20240110,10:57:03,3.55,50,16800
20240110,10:57:11,3.55,100,16800
20240110,10:57:53,3.55,100,16800
20240110,10:58:04,3.55,50,16800
20240110,10:58:37,3.55,100,16800
20240110,10:58:44,3.55,100,16800
20240110,10:58:52,3.55,100,16800
20240110,11:00:06,3.55,100,16850
20240110,11:00:31,3.55,200,16850
20240110,11:01:16,3.55,200,16850
20240110,11:01:38,3.55,250,16850
20240110,11:02:17,3.65,500,16850
20240110,11:03:17,3.6,1500,17550
20240110,11:04:56,3.55,250,17550
20240110,11:06:17,3.6,250,19050
20240110,11:14:03,3.5,300,19050
20240110,11:14:21,3.55,650,19050
20240110,11:14:27,3.5,50,19050
20240110,11:14:46,3.5,250,19050
20240110,11:14:52,3.5,250,18800
20240110,11:23:45,3.5,400,18550
20240110,11:27:31,3.45,50,18400
20240110,11:28:32,3.55,50,18400
20240110,11:28:57,3.6,650,18400
20240110,11:29:01,3.65,500,18400
20240110,11:30:04,3.6,600,17600
20240110,11:39:52,3.5,300,17600
20240110,11:39:58,3.55,50,17600
20240110,11:41:24,3.5,100,17600
20240110,11:41:31,3.5,400,17600
20240110,11:41:49,3.55,350,17600
20240110,11:42:24,3.5,250,16750
20240110,11:53:09,3.55,250,17000
20240110,11:53:11,3.55,50,17000
20240110,11:56:35,3.5,300,17000
20240110,11:59:29,3.45,100,17300
20240110,12:00:08,3.45,50,17350
20240110,12:01:30,3.5,2550,17350
20240110,12:04:10,3.55,1550,19550
20240110,12:04:36,3.6,100,19550
20240110,12:06:17,3.65,400,19650
20240110,12:19:52,3.9,1250,20050
20240110,12:19:55,4.0,1000,20050
20240110,12:20:47,3.8,500,20050
20240110,12:21:39,3.85,100,19200
20240110,12:21:58,3.9,150,19200
20240110,12:22:49,3.8,500,19200
20240110,12:23:28,3.8,500,19200
20240110,12:23:58,3.75,100,19150
20240110,12:25:50,3.85,550,19150
20240110,12:31:29,3.8,500,19150
20240110,12:32:03,3.8,100,19150
20240110,12:32:53,3.85,300,19150
20240110,12:33:51,3.75,50,19100
20240110,12:35:15,3.85,200,19100
20240110,12:36:36,3.75,300,19150
20240110,12:38:48,3.9,2000,19150
20240110,12:43:26,3.9,500,20150
20240110,12:44:58,4.0,350,20150
20240110,12:45:05,4.05,650,20500
20240110,12:45:22,4.15,100,20500
20240110,12:45:31,4.3,100,20500
20240110,12:45:41,4.3,150,20500
20240110,12:47:12,4.3,800,20500
20240110,12:47:51,3.9,650,20500
20240110,12:48:08,3.65,300,20500
20240110,12:48:17,3.7,200,20500
20240110,12:48:53,3.9,150,20500
20240110,12:49:01,3.95,400,20500
20240110,12:49:08,3.9,50,20500
20240110,12:49:16,4.0,150,20500
20240110,12:49:24,4.0,250,20500
20240110,12:49:46,4.05,150,20500
20240110,12:50:18,4.0,50,20500
20240110,12:51:17,4.1,50,20500
20240110,12:52:29,4.1,1000,20500
20240110,12:53:10,4.15,900,20500
20240110,12:53:53,4.15,200,20500
20240110,12:55:59,3.95,800,21250
20240110,12:56:21,4.05,100,21250
20240110,12:59:42,4.1,700,21200
20240110,13:00:42,4.05,50,21200
20240110,13:01:11,4.15,200,21200
20240110,13:04:43,4.1,200,21150
20240110,13:06:00,4.05,50,21150
20240110,13:06:30,4.0,100,21150
20240110,13:06:36,4.0,50,21150
20240110,13:06:49,4.0,50,21150
20240110,13:07:03,3.95,100,21150
20240110,13:07:25,4.0,300,21150
20240110,13:07:40,4.0,150,21150
20240110,13:08:14,3.9,800,21150
20240110,13:08:17,4.0,400,21150
20240110,13:08:46,3.9,200,21150
20240110,13:12:38,4.05,100,21450
20240110,13:12:56,3.9,1650,21450
20240110,13:13:08,3.95,50,21450
20240110,13:13:43,3.85,200,21450
20240110,13:14:26,3.95,200,21450
20240110,13:14:50,4.05,1400,21450
20240110,13:15:20,4.0,50,23600
20240110,13:18:08,3.95,200,23650
20240110,13:18:25,4.0,50,23650
20240110,13:18:32,4.0,400,23650
20240110,13:19:34,4.0,750,23650
20240110,13:20:19,4.05,200,23650
20240110,13:21:03,4.1,50,23650
20240110,13:22:09,4.0,100,23400
20240110,13:26:15,4.0,200,23400
20240110,13:27:37,3.95,100,23300
20240110,13:31:54,3.9,250,23200
20240110,13:31:58,3.9,150,23200
20240110,13:33:32,4.0,200,22800
20240110,13:34:55,4.0,350,22800
20240110,13:36:52,4.0,100,22700
20240110,13:38:15,3.95,50,22700
20240110,13:38:22,4.0,50,22700
20240110,13:38:38,3.95,300,22700
20240110,13:39:05,3.95,150,22700
20240110,13:39:28,3.9,200,22650
20240110,13:40:17,3.85,500,22650
20240110,13:40:30,3.9,50,22650
20240110,13:44:07,3.85,50,22450
20240110,13:44:16,3.75,750,22450
20240110,13:47:38,3.7,100,23200
20240110,13:49:19,3.75,250,23200
20240110,13:51:30,3.75,1550,23200
20240110,13:52:33,3.7,50,23200
20240110,13:56:08,3.7,150,24250
20240110,13:56:41,3.65,250,24250
20240110,13:57:10,3.6,200,24250
20240110,13:59:52,3.6,250,24000
20240110,14:00:07,3.6,50,24000
20240110,14:00:18,3.6,300,23700
20240110,14:00:47,3.6,650,23700
20240110,14:00:56,3.6,100,23700
20240110,14:03:41,3.5,50,24100
20240110,14:03:53,3.5,350,24100
20240110,14:05:47,3.5,800,24100
20240110,14:05:52,3.4,1350,24100
20240110,14:06:03,3.4,150,24100
20240110,14:06:50,3.45,200,24700
20240110,14:07:47,3.5,200,24700
20240110,14:08:01,3.45,200,24700
20240110,14:10:07,3.35,300,24300
20240110,14:10:25,3.35,50,24300
20240110,14:10:30,3.3,500,24300
20240110,14:11:28,3.25,1500,24300
20240110,14:12:52,3.25,50,25050
20240110,14:12:58,3.25,50,25050
20240110,14:13:11,3.2,1000,25050
20240110,14:13:29,3.15,500,25050
20240110,14:13:59,3.15,500,25050
20240110,14:14:25,3.25,600,25050
20240110,14:14:35,3.25,100,25050
20240110,14:15:21,3.2,300,25700
20240110,14:17:07,3.2,100,25700
20240110,14:18:19,3.25,750,25950
20240110,14:18:27,3.2,200,25950
20240110,14:18:44,3.2,500,25950
20240110,14:18:49,3.2,200,25950
20240110,14:19:24,3.1,500,25950
20240110,14:20:08,3.05,150,25950
20240110,14:22:23,3.05,250,27450
20240110,14:25:03,3.0,1050,27450
20240110,14:25:52,3.0,250,27450
20240110,14:26:16,2.95,500,27450
20240110,14:27:08,2.95,750,27450
20240110,14:30:56,3.0,50,28950
20240110,14:32:12,2.95,100,28950
20240110,14:32:18,2.95,100,28950
20240110,14:34:46,2.9,100,29000
20240110,14:34:51,2.9,50,29000
20240110,14:35:03,2.85,50,29000
20240110,14:36:17,2.85,650,29000
20240110,14:36:33,2.8,50,28350
20240110,14:36:46,2.75,1750,28350
20240110,14:38:07,2.75,50,28350
20240110,14:38:54,2.75,750,28350
20240110,14:39:31,2.65,500,28350
20240110,14:40:39,2.6,750,28350
20240110,14:40:52,2.6,200,28350
20240110,14:43:24,2.6,50,28300
20240110,14:43:37,2.6,250,28300
20240110,14:43:42,2.6,400,28300
20240110,14:44:36,2.7,100,28300
20240110,14:45:38,2.7,50,28350
20240110,14:45:57,2.7,50,28350
20240110,14:47:36,2.65,400,28350
20240110,14:47:41,2.65,350,28350
20240110,14:47:47,2.65,200,28350
20240110,14:47:53,2.65,600,28350
20240110,14:48:01,2.55,450,28350
20240110,14:48:21,2.55,50,26550
20240110,14:48:29,2.45,500,26550
20240110,14:48:36,2.5,200,26550
20240110,14:48:49,2.4,150,26550
20240110,14:49:03,2.4,50,26550
20240110,14:49:08,2.45,500,26550
20240110,14:49:14,2.45,50,26550
20240110,14:49:46,2.35,50,26550
20240110,14:49:51,2.35,200,26550
20240110,14:51:25,2.35,50,25500
20240110,14:52:12,2.35,100,25500
20240110,14:52:23,2.3,400,25500
20240110,14:52:29,2.35,100,25500
20240110,14:52:56,2.35,100,25500
20240110,14:54:16,2.35,200,25500
20240110,14:55:20,2.3,50,25350
20240110,14:56:42,2.25,200,25350
20240110,14:57:16,2.2,250,25350
20240110,14:58:29,2.2,250,25450
20240110,14:58:35,2.3,150,25450
20240110,15:01:07,2.25,300,25450
20240110,15:01:14,2.25,500,25450
20240110,15:01:37,2.3,500,25450
20240110,15:01:49,2.25,500,25450
20240110,15:01:55,2.25,50,25450
20240110,15:02:00,2.3,500,25450
20240110,15:02:12,2.25,50,25450
20240110,15:02:24,2.25,200,25450
20240110,15:02:41,2.25,50,25450
20240110,15:02:49,2.25,50,25450
20240110,15:03:52,2.2,2000,27100
20240110,15:04:16,2.25,700,27100
20240110,15:04:29,2.3,1800,27100
20240110,15:04:35,2.3,500,27100
20240110,15:04:57,2.25,100,27100
20240110,15:05:05,2.3,200,27100
20240110,15:05:17,2.3,50,27100
20240110,15:05:24,2.2,550,27100
20240110,15:05:30,2.3,400,27100
20240110,15:05:36,2.3,50,27100
20240110,15:05:49,2.2,250,27100
20240110,15:05:55,2.2,250,27100
20240110,15:06:01,2.2,300,27100
20240110,15:06:13,2.3,1050,27100
20240110,15:06:20,2.35,50,27100
20240110,15:06:32,2.35,100,28650
20240110,15:06:39,2.35,300,28650
20240110,15:06:45,2.45,50,28650
20240110,15:06:50,2.4,250,28650
20240110,15:06:56,2.45,400,28650
20240110,15:07:02,2.4,100,28650
20240110,15:07:09,2.4,100,28650
20240110,15:07:31,2.35,250,28650
20240110,15:07:58,2.35,250,28650
20240110,15:09:05,2.35,200,28650
20240110,15:09:11,2.35,150,28650
20240110,15:09:16,2.3,1300,28650
20240110,15:10:02,2.3,1300,28900
20240110,15:10:46,2.35,250,28900
20240110,15:11:15,2.3,750,28900
20240110,15:11:32,2.3,250,28900
20240110,15:12:06,2.3,1000,28900
20240110,15:12:39,2.35,650,27800
20240110,15:12:59,2.25,200,27800
20240110,15:13:05,2.3,50,27800
20240110,15:13:10,2.3,100,27800
20240110,15:13:26,2.25,1300,27800
20240110,15:14:11,2.25,1400,27800
20240110,15:14:26,2.25,100,27800
20240110,15:14:36,2.2,100,27800
20240110,15:14:56,2.3,100,27800
20240110,15:15:22,2.3,100,27800
20240110,15:15:32,2.2,300,28350
20240110,15:15:37,2.25,100,28350
20240110,15:16:26,2.2,100,28350
20240110,15:16:55,2.25,200,28350
20240110,15:17:14,2.3,250,28350
20240110,15:17:19,2.3,50,28350
20240110,15:18:09,2.2,150,28350
20240110,15:18:23,2.25,100,28350
20240110,15:20:08,2.1,200,28800
20240110,15:23:08,2.1,1250,28900
20240110,15:24:28,2.1,400,28550
20240110,15:26:31,2.1,1500,28550
20240110,15:27:41,2.0,700,28450
20240110,15:28:12,2.0,50,28450
20240110,15:28:19,2.1,400,28450
20240110,15:29:40,1.85,100,28450
20240111,09:15:37,2.05,1,27600
20240111,09:15:37,2.0,600,27600
20240111,09:16:05,2.25,50,27600
20240111,09:16:13,2.25,300,27600
20240111,09:16:19,2.2,350,27600
20240111,09:16:25,2.2,350,27600
20240111,09:16:30,2.2,600,27600
20240111,09:16:36,2.25,50,27600
20240111,09:16:41,2.2,50,27600
20240111,09:16:47,2.2,150,27600
20240111,09:16:53,2.1,150,27600
20240111,09:16:59,2.2,200,27600
20240111,09:17:06,2.15,450,27600
20240111,09:17:12,2.15,250,27600
20240111,09:17:18,2.15,50,27600
20240111,09:17:23,2.15,150,27600
20240111,09:17:44,2.15,100,29650
20240111,09:17:55,2.15,50,29650
20240111,09:18:15,2.15,500,29650
20240111,09:18:29,2.15,150,29650
20240111,09:18:39,2.1,550,29650
20240111,09:18:43,2.1,150,29650
20240111,09:18:48,2.1,450,29650
20240111,09:18:55,2.15,150,29650
20240111,09:19:52,2.05,300,29650
20240111,09:20:02,2.0,100,29650
20240111,09:20:34,2.05,500,31400
20240111,09:22:20,1.9,100,31400
20240111,09:24:31,1.9,250,31350
20240111,09:25:15,1.95,300,31350
20240111,09:25:23,1.85,250,31350
20240111,09:26:17,1.85,100,31350
20240111,09:28:04,2.0,50,31100
20240111,09:28:19,2.0,50,31100
20240111,09:28:48,2.0,500,31100
20240111,09:28:55,2.0,50,31100
20240111,09:30:45,1.95,300,31700
20240111,09:31:37,1.95,250,31700
20240111,09:31:45,1.85,350,31700
20240111,09:31:52,1.9,1550,31700
20240111,09:32:00,1.95,150,31700
20240111,09:32:08,1.85,200,31700
20240111,09:32:16,1.85,550,31700
20240111,09:32:26,1.8,1200,31700
20240111,09:32:35,1.75,850,29100
20240111,09:32:42,1.75,450,29100
20240111,09:32:50,1.75,400,29100
20240111,09:32:58,1.75,100,29100
20240111,09:33:06,1.75,500,29100
20240111,09:36:26,1.8,200,28800
20240111,09:38:18,1.75,1050,28800
20240111,09:39:48,1.8,100,27650
20240111,09:40:56,1.85,50,27650
20240111,09:41:36,1.85,50,27750
20240111,09:50:53,1.8,50,27750
20240111,09:51:34,1.8,250,27750
20240111,09:51:55,1.85,750,27750
20240111,09:52:02,1.85,650,27750
20240111,09:54:16,1.85,300,28950
20240111,09:56:06,1.9,200,28950
20240111,09:57:09,2.0,1100,28950
20240111,09:59:07,1.95,200,28950
20240111,09:59:14,1.95,250,28950
20240111,09:59:42,1.95,50,30400
20240111,10:00:10,2.0,400,30400
20240111,10:00:17,2.0,800,30400
20240111,10:00:39,1.95,150,30400
20240111,10:01:08,2.0,1250,30400
20240111,10:01:15,2.0,3850,30400
20240111,10:01:22,1.9,600,30400
20240111,10:01:43,1.95,100,30400
20240111,10:03:23,1.9,250,34400
20240111,10:04:27,1.9,250,34400
20240111,10:04:34,1.9,300,34400
20240111,10:05:29,1.9,800,34400
20240111,10:10:54,1.9,50,35050
20240111,10:11:01,1.9,950,35050
20240111,10:11:08,1.9,150,35050
20240111,10:11:16,1.9,100,35050
20240111,10:11:23,1.95,50,35050
20240111,10:11:31,1.95,550,35050
20240111,10:11:38,1.95,50,36150
20240111,10:11:53,1.95,50,36150
20240111,10:12:01,1.95,50,36150
20240111,10:12:16,1.95,50,36150
20240111,10:12:30,1.95,100,36150
20240111,10:12:38,1.9,50,36150
20240111,10:12:45,1.9,250,36150
20240111,10:12:52,1.95,550,36150
20240111,10:12:59,2.0,500,36150
20240111,10:13:07,1.9,300,36150
20240111,10:13:14,2.0,50,36150
20240111,10:13:50,1.95,200,36150
20240111,10:13:57,2.0,500,36150
20240111,10:14:12,1.95,1400,36150
20240111,10:14:56,1.95,500,36000
20240111,10:15:20,1.95,350,36000
20240111,10:17:48,1.9,1000,36350
20240111,10:18:09,1.85,400,36350
20240111,10:18:45,1.95,500,36350
20240111,10:20:05,1.9,250,36350
20240111,10:20:20,1.85,300,36350
20240111,10:21:39,1.9,200,36350
20240111,10:23:19,1.9,300,36350
20240111,10:24:09,1.85,250,36850
20240111,10:24:52,1.85,250,36850
20240111,10:26:27,1.85,350,36850
20240111,10:26:40,1.85,250,36850
20240111,10:28:13,1.85,250,36850
20240111,10:31:51,1.8,300,36850
20240111,10:33:33,1.8,50,36550
20240111,10:34:09,1.85,150,36550
20240111,10:34:36,1.85,50,36550
20240111,10:34:50,1.9,1000,36550
20240111,10:35:03,1.85,50,36550
20240111,10:35:10,1.85,200,36550
20240111,10:35:23,1.85,100,36550
20240111,10:35:30,1.85,150,36550
20240111,10:35:49,1.85,150,37350
20240111,10:36:02,1.85,150,37350
20240111,10:36:21,1.85,500,37350
20240111,10:38:31,1.85,300,37350
20240111,10:38:45,1.9,50,38100
20240111,10:40:08,1.85,100,38100
20240111,10:40:14,1.85,100,38100
20240111,10:41:53,1.85,550,38150
20240111,10:41:59,1.9,300,38150
20240111,10:45:50,1.9,250,38950
20240111,10:46:40,1.9,1800,38950
20240111,10:46:52,1.9,450,38950
20240111,10:47:18,1.9,300,38950
20240111,10:48:01,1.9,400,41750
20240111,10:51:21,1.85,200,41750
20240111,10:52:02,1.9,500,41750
20240111,10:53:54,1.9,250,42250
20240111,10:56:24,1.9,100,42250
20240111,10:58:11,1.9,750,42500
20240111,10:59:20,1.85,100,42500
20240111,10:59:37,1.9,100,42500
20240111,11:00:19,1.9,1200,42550
20240111,11:03:30,1.95,50,42550
20240111,11:05:23,1.9,100,42550
20240111,11:05:58,2.0,1250,42450
20240111,11:07:21,1.95,100,42450
20240111,11:07:48,1.95,1300,42450
20240111,11:11:33,1.95,400,43700
20240111,11:11:38,1.95,600,43700
20240111,11:12:08,1.95,50,43700
20240111,11:12:24,1.95,50,43700
20240111,11:13:07,1.95,300,43700
20240111,11:14:04,1.95,50,43700
20240111,11:17:08,1.85,100,44150
20240111,11:17:39,1.8,1100,44150
20240111,11:19:24,1.8,100,43350
20240111,11:20:09,1.9,650,43350
20240111,11:22:10,1.85,1800,43450
20240111,11:22:27,1.9,250,43450
20240111,11:31:25,1.85,350,43450
20240111,11:32:08,1.85,100,43450
20240111,11:35:22,1.9,100,43550
20240111,11:38:26,1.9,100,43650
20240111,11:43:02,1.9,200,43750
20240111,11:45:20,1.8,250,43750
20240111,11:50:12,1.8,300,43750
20240111,11:58:46,1.9,50,43450
20240111,12:03:41,1.85,200,43500
20240111,12:04:11,1.8,250,43500
20240111,12:06:33,1.85,2850,43250
20240111,12:07:47,1.8,250,43250
20240111,12:10:41,1.8,200,45650
20240111,12:10:50,1.85,750,45650
20240111,12:12:39,1.85,250,46400
20240111,12:16:40,1.85,1800,46650
20240111,12:18:26,1.85,1200,47450
20240111,12:21:16,1.85,200,47600
20240111,12:22:47,1.85,550,47600
20240111,12:29:23,1.8,1800,48000
20240111,12:29:48,1.8,2000,48000
20240111,12:35:10,1.75,300,48650
20240111,12:36:00,1.75,550,48350
20240111,12:37:16,1.85,1000,48350
20240111,12:37:51,1.8,1000,48350
20240111,12:38:27,1.9,1000,48350
20240111,12:39:10,1.85,200,49150
20240111,12:39:16,1.85,750,49150
20240111,12:39:29,1.9,250,49150
20240111,12:39:42,1.85,250,49150
20240111,12:39:55,1.9,200,49150
20240111,12:40:07,1.85,250,49150
20240111,12:43:30,1.85,50,49650
20240111,12:50:24,1.85,500,49700
20240111,12:53:40,1.85,250,49950
20240111,12:54:24,1.85,50,49700
20240111,12:54:37,1.85,50,49700
20240111,12:54:40,1.85,150,49700
20240111,12:54:55,1.85,100,49700
20240111,12:55:07,1.85,50,49700
20240111,12:56:00,1.8,50,49700
20240111,12:56:09,1.85,350,49700
20240111,12:56:18,1.85,400,49700
20240111,12:56:25,1.85,450,49700
20240111,12:56:32,1.9,100,49700
20240111,12:56:40,1.9,200,49700
20240111,12:56:46,1.9,150,49700
20240111,12:56:53,1.9,250,49700
20240111,12:57:00,1.9,50,50550
20240111,12:57:07,1.9,150,50550
20240111,12:57:14,1.85,100,50550
20240111,12:57:22,1.9,50,50550
20240111,12:57:29,1.9,350,50550
20240111,12:57:36,1.9,150,50550
20240111,12:57:43,1.9,100,50550
20240111,12:57:50,1.85,450,50550
20240111,12:57:57,1.9,50,50550
20240111,12:58:03,1.9,50,50550
20240111,12:58:10,1.9,150,50550
20240111,12:58:17,1.9,100,50550
20240111,12:58:24,1.9,50,50550
20240111,12:58:30,1.9,100,50550
20240111,12:58:41,1.85,350,50550
20240111,12:58:45,1.9,150,50550
20240111,12:58:53,1.9,100,50550
20240111,12:58:58,1.9,50,50550
20240111,12:59:01,1.9,50,50550
20240111,12:59:08,1.9,100,50550
20240111,12:59:11,1.9,50,50550
20240111,12:59:14,1.9,100,50550
20240111,12:59:17,1.9,100,50550
20240111,12:59:25,1.9,150,50550
20240111,12:59:39,1.9,50,50550
20240111,12:59:43,1.9,100,50550
20240111,12:59:46,1.9,50,50550
20240111,12:59:50,1.9,100,50550
20240111,12:59:57,1.95,150,50550
20240111,13:00:00,1.9,100,50550
20240111,13:00:12,1.9,50,52450
20240111,13:00:19,1.9,50,52450
20240111,13:00:23,1.9,50,52450
20240111,13:00:26,1.9,50,52450
20240111,13:00:29,1.9,100,52450
20240111,13:00:32,1.9,50,52450
20240111,13:00:34,1.9,50,52450
20240111,13:00:41,1.9,50,52450
20240111,13:00:51,1.9,50,52450
20240111,13:00:54,1.9,50,52450
20240111,13:03:09,1.85,250,52900
20240111,13:05:43,1.8,450,52900
20240111,13:13:48,1.8,250,53400
20240111,13:14:03,1.8,650,53400
20240111,13:14:18,1.8,50,53400
20240111,13:14:21,1.8,50,53400
20240111,13:14:27,1.8,50,53400
20240111,13:14:45,1.75,100,53400
20240111,13:14:49,1.75,100,53400
20240111,13:14:55,1.75,50,53400
20240111,13:14:57,1.75,50,53400
20240111,13:15:02,1.75,50,53400
20240111,13:15:07,1.8,900,52950
20240111,13:15:17,1.75,50,52950
20240111,13:15:25,1.75,150,52950
20240111,13:15:54,1.75,50,52950
20240111,13:16:18,1.8,150,52950
20240111,13:16:31,1.8,50,52950
20240111,13:16:34,1.8,50,52950
20240111,13:16:37,1.75,100,52950
20240111,13:17:36,1.75,50,52950
20240111,13:18:52,1.8,1250,52600
20240111,13:19:35,1.8,50,52600
20240111,13:20:13,1.8,850,52600
20240111,13:21:06,1.75,50,53500
20240111,13:21:18,1.75,50,53500
20240111,13:21:35,1.75,50,53500
20240111,13:22:20,1.75,1050,53500
20240111,13:22:57,1.75,150,53500
20240111,13:23:09,1.8,650,53500
20240111,13:23:13,1.8,150,53500
20240111,13:23:16,1.8,150,53500
20240111,13:23:21,1.8,50,53500
20240111,13:23:26,1.8,300,53500
20240111,13:23:31,1.75,600,53500
20240111,13:23:36,1.75,500,53500
20240111,13:23:40,1.75,250,53500
20240111,13:23:52,1.75,50,53500
20240111,13:23:55,1.75,100,53500
20240111,13:24:02,1.75,50,53500
20240111,13:24:06,1.75,250,54300
20240111,13:24:12,1.75,50,54300
20240111,13:24:19,1.75,50,54300
20240111,13:24:22,1.75,50,54300
20240111,13:24:27,1.75,100,54300
20240111,13:24:34,1.75,50,54300
20240111,13:24:40,1.75,250,54300
20240111,13:24:54,1.7,50,54300
20240111,13:25:03,1.7,50,54300
20240111,13:25:08,1.7,100,54300
20240111,13:25:15,1.7,50,54300
20240111,13:25:21,1.7,100,54300
20240111,13:25:24,1.7,100,54300
20240111,13:25:27,1.7,100,54300
20240111,13:25:30,1.7,50,54300
20240111,13:25:33,1.7,100,54300
20240111,13:25:44,1.7,100,54300
20240111,13:25:57,1.7,100,54300
20240111,13:26:29,1.7,100,54300
20240111,13:27:15,1.7,400,54300
20240111,13:27:16,1.7,150,54350
20240111,13:27:17,1.7,100,54350
20240111,13:27:20,1.7,50,54350
20240111,13:28:32,1.7,250,54350
20240111,13:28:35,1.7,50,54350
20240111,13:28:39,1.7,400,54350
20240111,13:29:38,1.7,950,54350
20240111,13:30:34,1.8,2750,56300
20240111,13:30:46,1.8,150,56300
20240111,13:31:41,1.75,200,56300
20240111,13:31:44,1.75,400,56300
20240111,13:34:07,1.8,300,59750
20240111,13:34:14,1.8,2050,59750
20240111,13:34:40,1.75,400,59750
20240111,13:38:13,1.75,250,58800
20240111,13:44:46,1.85,150,59050
20240111,13:47:00,1.85,2000,59050
20240111,13:52:19,1.75,400,59050
20240111,13:52:23,1.75,400,59050
20240111,13:52:27,1.75,800,59050
20240111,14:01:20,1.75,1800,60650
20240111,14:10:42,1.8,1000,62450
20240111,14:10:58,1.8,200,62450
20240111,14:11:07,1.8,100,62450
20240111,14:13:41,1.8,250,61650
20240111,14:13:50,1.8,300,61650
20240111,14:13:58,1.8,550,61650
20240111,14:14:07,1.8,650,61650
20240111,14:14:16,1.8,250,61650
20240111,14:14:33,1.8,3850,61650
20240111,14:14:42,1.75,750,61650
20240111,14:14:51,1.75,300,61650
20240111,14:15:07,1.75,700,61650
20240111,14:15:38,1.8,6050,65200
20240111,14:15:47,1.8,250,65200
20240111,14:15:56,1.8,1200,65200
20240111,14:16:05,1.8,250,65200
20240111,14:16:13,1.8,300,65200
20240111,14:16:45,1.8,950,65200
20240111,14:16:53,1.8,3600,65200
20240111,14:17:24,1.8,250,65200
20240111,14:17:32,1.8,600,65200
20240111,14:18:13,1.85,250,65200
20240111,14:20:11,1.8,1300,72900
20240111,14:20:28,1.8,500,72900
20240111,14:21:00,1.7,10950,72900
20240111,14:21:08,1.7,600,72900
20240111,14:21:30,1.7,7900,82200
20240111,14:21:38,1.7,3150,82200
20240111,14:22:14,1.75,250,82200
20240111,14:24:19,1.75,200,89750
20240111,14:24:34,1.7,6000,89750
20240111,14:25:00,1.7,600,89750
20240111,14:25:25,1.7,600,89750
20240111,14:25:57,1.7,1100,89750
20240111,14:26:04,1.75,750,89750
20240111,14:26:57,1.8,300,89750
20240111,14:27:04,1.8,300,89750
20240111,14:27:27,1.8,150,95600
20240111,14:27:36,1.7,4200,95600
20240111,14:27:51,1.7,200,95600
20240111,14:28:52,1.7,1500,95600
20240111,14:29:02,1.7,500,95600
20240111,14:29:11,1.7,750,95600
20240111,14:29:19,1.7,1550,95600
20240111,14:29:26,1.7,150,95600
20240111,14:29:33,1.7,450,95600
20240111,14:30:12,1.7,500,95600
20240111,14:31:09,1.75,2750,101150
20240111,14:32:06,1.7,100,101150
20240111,14:32:13,1.7,300,101150
20240111,14:32:20,1.7,250,101150
20240111,14:32:27,1.7,250,101150
20240111,14:32:43,1.7,250,101150
20240111,14:33:52,1.7,350,100000
20240111,14:34:15,1.75,200,100000
20240111,14:35:06,1.7,700,100000
20240111,14:35:14,1.7,200,100000
20240111,14:38:52,1.65,300,99600
20240111,14:41:02,1.65,1500,99600
20240111,14:43:01,1.65,2800,99950
20240111,14:43:24,1.65,500,99950
20240111,14:46:51,1.6,250,101400
20240111,14:47:09,1.6,150,101400
20240111,14:47:22,1.6,200,101400
20240111,14:47:42,1.6,2600,101400
20240111,14:48:38,1.6,250,100450
20240111,14:48:45,1.6,200,100450
20240111,14:49:08,1.6,50,100450
20240111,14:49:16,1.6,200,100450
20240111,14:49:23,1.6,150,100450
20240111,14:49:31,1.6,300,100450
20240111,14:49:45,1.6,10550,100450
20240111,14:49:51,1.65,50,100450
20240111,14:49:59,1.65,50,100450
20240111,14:50:06,1.65,1650,100450
20240111,14:50:13,1.7,150,100450
20240111,14:50:20,1.7,50,100450
20240111,14:50:27,1.7,50,100450
20240111,14:50:34,1.7,150,100450
20240111,14:50:40,1.7,350,100450
20240111,14:50:47,1.7,1850,100450
20240111,14:50:54,1.7,200,100450
20240111,14:51:00,1.7,100,100450
20240111,14:51:07,1.7,350,100450
20240111,14:51:14,1.75,250,100450
20240111,14:51:22,1.75,100,100450
20240111,14:51:31,1.75,100,100450
20240111,14:51:56,1.75,200,100450
20240111,14:52:02,1.75,150,100450
20240111,14:52:10,1.75,150,100450
20240111,14:52:24,1.75,100,100450
20240111,14:52:31,1.75,100,100450
20240111,14:52:39,1.75,250,100450
20240111,14:52:47,1.75,1050,100450
20240111,14:53:07,1.7,1500,100450
20240111,14:53:35,1.65,100,100450
20240111,14:55:19,1.7,150,103500
20240111,14:55:25,1.7,100,103500
20240111,14:55:50,1.7,100,103500
20240111,14:58:33,1.65,1350,103850
20240111,14:58:40,1.7,500,103850
20240111,14:59:11,1.7,200,103850
20240111,14:59:21,1.75,900,103850
20240111,14:59:30,1.75,200,103850
20240111,14:59:38,1.75,3550,103850
20240111,14:59:55,1.7,250,103850
20240111,15:00:11,1.75,500,103850
20240111,15:00:27,1.65,450,104700
20240111,15:00:36,1.7,500,104700
20240111,15:00:44,1.7,1500,104700
20240111,15:00:52,1.7,250,104700
20240111,15:01:40,1.7,1950,104700
20240111,15:01:47,1.7,300,104700
20240111,15:01:53,1.75,350,104700
20240111,15:02:14,1.75,250,104700
20240111,15:02:39,1.75,2250,104700
20240111,15:02:57,1.75,300,104700
20240111,15:03:34,1.75,5200,110350
20240111,15:03:41,1.7,5800,110350
20240111,15:03:47,1.75,650,110350
20240111,15:03:52,1.8,3450,110350
20240111,15:03:59,1.8,600,110350
20240111,15:04:20,1.7,21800,110350
20240111,15:04:27,1.7,550,110350
20240111,15:04:56,1.65,300,110350
20240111,15:05:20,1.7,1650,110350
20240111,15:05:26,1.75,1100,110350
20240111,15:05:32,1.7,250,110350
20240111,15:05:39,1.7,250,110350
20240111,15:05:45,1.75,500,110350
20240111,15:05:52,1.7,300,110350
20240111,15:06:11,1.75,3050,110350
20240111,15:06:16,1.75,1500,110350
20240111,15:06:32,1.75,100,123250
20240111,15:07:15,1.65,11600,123250
20240111,15:07:22,1.65,200,123250
20240111,15:08:05,1.7,50,123250
20240111,15:09:17,1.6,10400,123250
20240111,15:09:24,1.6,200,123250
20240111,15:10:14,1.65,500,137500
20240111,15:10:40,1.65,1500,137500
20240111,15:11:11,1.6,900,137500
20240111,15:11:17,1.6,350,137500
20240111,15:12:02,1.55,550,137500
20240111,15:12:08,1.55,200,137500
20240111,15:12:13,1.55,7650,137500
20240111,15:12:19,1.55,200,137500
20240111,15:12:24,1.55,200,133550
20240111,15:12:29,1.55,50,133550
20240111,15:13:01,1.55,100,133550
20240111,15:13:07,1.55,400,133550
20240111,15:13:13,1.55,250,133550
20240111,15:13:33,1.6,4000,133550
20240111,15:13:45,1.6,1450,133550
20240111,15:13:50,1.65,300,133550
20240111,15:14:01,1.6,400,133550
20240111,15:14:07,1.6,400,133550
20240111,15:14:12,1.6,350,133550
20240111,15:15:04,1.6,2050,133550
20240111,15:15:15,1.6,350,133550
20240111,15:15:26,1.6,500,132700
20240111,15:15:37,1.65,500,132700
20240111,15:15:47,1.65,1500,132700
20240111,15:15:53,1.65,500,132700
20240111,15:16:20,1.6,500,132700
20240111,15:16:40,1.65,1000,132700
20240111,15:16:50,1.65,2000,132700
20240111,15:16:56,1.65,1000,132700
20240111,15:17:01,1.65,1000,132700
20240111,15:17:16,1.6,1000,132700
20240111,15:17:48,1.65,500,132700
20240111,15:18:40,1.6,150,140200
20240111,15:19:29,1.6,12600,140200
20240111,15:19:35,1.55,7150,140200
20240111,15:19:58,1.6,2100,140200
20240111,15:20:04,1.55,600,140200
20240111,15:20:16,1.55,600,140200
20240111,15:20:59,1.6,100,140200
20240111,15:21:04,1.6,1250,140200
20240111,15:21:21,1.6,1000,140200
20240111,15:21:39,1.6,100,148050
20240111,15:22:56,1.6,2000,148050
20240111,15:23:02,1.6,500,148050
20240111,15:23:25,1.55,400,148050
20240111,15:23:31,1.55,3600,148050
20240111,15:23:37,1.55,3600,148050
20240111,15:23:42,1.55,4700,148050
20240111,15:23:47,1.45,9950,148050
20240111,15:23:53,1.45,250,148050
20240111,15:23:58,1.5,400,148050
20240111,15:24:08,1.45,2150,148050
20240111,15:24:29,1.5,50,159900
20240111,15:24:47,1.45,300,159900
20240111,15:24:57,1.45,1250,159900
20240111,15:25:36,1.45,150,159900
20240111,15:25:58,1.5,250,159900
20240111,15:26:04,1.5,2800,159900
20240111,15:26:15,1.5,200,159900
20240111,15:26:26,1.45,500,159900
20240111,15:26:42,1.45,600,159900
20240111,15:26:53,1.45,3900,159900
20240111,15:26:58,1.4,200,159900
20240111,15:27:05,1.4,200,159900
20240111,15:27:12,1.4,1000,159900
20240111,15:27:24,1.45,1650,159900
20240111,15:27:37,1.5,450,155900
20240111,15:27:43,1.45,500,155900
20240111,15:27:56,1.45,350,155900
20240111,15:28:10,1.5,6600,155900
20240111,15:28:43,1.45,500,155900
20240111,15:28:56,1.45,2600,155900
20240111,15:29:02,1.45,1800,155900
20240111,15:29:09,1.45,3700,155900
20240111,15:29:17,1.45,5000,155900
20240111,15:29:24,1.45,1700,155900
20240111,15:29:38,1.45,1250,155900
20240111,15:29:47,1.5,1750,155900
20240111,15:29:54,1.5,3050,155900
20240111,15:30:01,1.5,4200,155900
20240112,09:15:00,1.6,1,158400
20240112,09:15:00,1.6,1500,158400
20240112,09:15:01,1.6,250,158400
20240112,09:15:02,1.6,50,158400
20240112,09:15:03,1.35,3600,158400
20240112,09:15:05,1.35,4750,158400
20240112,09:15:06,1.5,7700,158400
20240112,09:15:07,1.5,4200,158400
20240112,09:15:08,1.55,1000,158400
20240112,09:15:09,1.55,400,158400
20240112,09:15:10,1.5,2150,158400
20240112,09:15:11,1.45,3150,158400
20240112,09:15:12,1.4,500,158400
20240112,09:15:13,1.4,200,158400
20240112,09:15:14,1.4,2850,158400
20240112,09:15:16,1.45,500,158400
20240112,09:15:17,1.45,300,158400
20240112,09:15:18,1.4,1000,158400
20240112,09:15:19,1.4,1000,158400
20240112,09:15:22,1.4,1000,158400
20240112,09:15:23,1.35,5400,158400
20240112,09:15:27,1.35,2000,158400
20240112,09:15:29,1.4,150,158400
20240112,09:15:30,1.35,2550,158400
20240112,09:15:31,1.35,150,158400
20240112,09:15:35,1.35,1300,158400
20240112,09:15:36,1.4,150,158400
20240112,09:15:37,1.4,50,158400
20240112,09:15:40,1.35,3550,158400
20240112,09:15:41,1.35,2500,158400
20240112,09:15:43,1.35,100,158400
20240112,09:15:45,1.35,4300,158400
20240112,09:15:46,1.3,1050,158400
20240112,09:15:51,1.3,350,158400
20240112,09:15:51,1.3,250,158400
20240112,09:15:55,1.35,2750,158400
20240112,09:15:56,1.35,1300,158400
20240112,09:15:57,1.35,100,158400
20240112,09:15:58,1.35,4250,158400
20240112,09:15:59,1.35,2300,158400
20240112,09:16:02,1.35,1800,158400
20240112,09:16:03,1.35,2150,158400
20240112,09:16:05,1.35,1500,158400
20240112,09:16:07,1.35,400,158400
20240112,09:16:07,1.4,1550,158400
20240112,09:16:09,1.4,50,158400
20240112,09:16:13,1.35,2250,158400
20240112,09:16:14,1.3,2250,158400
20240112,09:16:29,1.35,550,158400
20240112,09:16:38,1.3,200,158400
20240112,09:16:39,1.35,500,158400
20240112,09:16:49,1.35,50,158400
20240112,09:16:52,1.3,1000,158400
20240112,09:16:55,1.35,450,158400
20240112,09:17:01,1.35,1250,158400
20240112,09:17:03,1.35,900,158400
20240112,09:17:04,1.3,200,158400
20240112,09:17:09,1.35,2300,158400
20240112,09:17:13,1.4,4050,158400
20240112,09:17:15,1.4,250,158400
20240112,09:17:17,1.35,650,158400
20240112,09:17:38,1.35,3350,162150
20240112,09:17:39,1.35,50,162150
20240112,09:17:45,1.35,1250,162150
20240112,09:17:50,1.35,200,162150
20240112,09:18:06,1.35,50,162150
20240112,09:18:08,1.3,1800,162150
20240112,09:18:14,1.35,1850,162150
20240112,09:18:23,1.35,50,162150
20240112,09:18:29,1.35,1800,162150
20240112,09:18:31,1.35,50,162150
20240112,09:18:31,1.35,2000,162150
20240112,09:18:33,1.35,3450,162150
20240112,09:18:35,1.4,50,162150
20240112,09:18:46,1.4,1200,162150
20240112,09:19:02,1.4,50,162150
20240112,09:19:33,1.35,250,162150
20240112,09:19:54,1.35,800,162150
20240112,09:19:56,1.4,50,162150
20240112,09:20:01,1.4,550,162150
20240112,09:20:02,1.4,700,162150
20240112,09:20:03,1.4,550,162150
20240112,09:20:04,1.4,550,162150
20240112,09:20:05,1.4,650,162150
20240112,09:20:06,1.4,650,162150
20240112,09:20:07,1.4,550,162150
20240112,09:20:14,1.35,500,162150
20240112,09:20:20,1.4,50,163150
20240112,09:20:46,1.4,50,163150
20240112,09:20:48,1.4,12300,163150
20240112,09:20:51,1.4,1400,163150
20240112,09:20:51,1.4,1450,163150
20240112,09:20:52,1.4,200,163150
20240112,09:20:54,1.4,1750,163150
20240112,09:20:57,1.4,550,163150
20240112,09:20:58,1.4,550,163150
20240112,09:21:07,1.4,5050,163150
20240112,09:21:09,1.4,2300,163150
20240112,09:21:11,1.45,200,163150
20240112,09:21:11,1.45,1250,163150
20240112,09:21:12,1.45,900,163150
20240112,09:21:28,1.45,50,163150
20240112,09:21:34,1.45,100,163150
20240112,09:21:35,1.45,50,163150
20240112,09:21:45,1.4,250,163150
20240112,09:22:07,1.45,100,163150
20240112,09:22:08,1.45,50,163150
20240112,09:22:09,1.45,50,163150
20240112,09:22:10,1.45,50,163150
20240112,09:22:12,1.45,150,163150
20240112,09:22:13,1.45,50,163150
20240112,09:22:14,1.45,250,163150
20240112,09:22:15,1.45,200,163150
20240112,09:22:16,1.45,200,163150
20240112,09:22:18,1.45,2100,163150
20240112,09:22:19,1.45,150,163150
20240112,09:22:20,1.45,100,163150
20240112,09:22:21,1.45,14800,163150
20240112,09:22:23,1.45,100,163150
20240112,09:22:24,1.45,50,163150
20240112,09:22:25,1.45,200,163150
20240112,09:22:26,1.45,50,163150
20240112,09:22:27,1.45,50,163150
20240112,09:22:28,1.45,50,163150
20240112,09:22:29,1.45,50,163150
20240112,09:22:30,1.45,50,163150
20240112,09:22:31,1.45,50,163150
20240112,09:22:32,1.45,50,163150
20240112,09:22:33,1.45,50,163150
20240112,09:22:34,1.45,50,163150
20240112,09:22:35,1.45,50,163150
20240112,09:22:36,1.45,50,163150
20240112,09:22:37,1.45,200,163150
20240112,09:22:38,1.45,200,163150
20240112,09:22:39,1.45,200,163150
20240112,09:22:40,1.45,200,163150
20240112,09:22:41,1.45,250,163150
20240112,09:22:42,1.45,100,163150
20240112,09:22:42,1.45,3750,163150
20240112,09:22:44,1.5,100,163150
20240112,09:22:45,1.5,50,163150
20240112,09:22:46,1.5,50,163150
20240112,09:22:47,1.5,50,163150
20240112,09:22:48,1.45,6800,163150
20240112,09:22:49,1.45,50,163150
20240112,09:22:50,1.45,100,163150
20240112,09:22:51,1.45,50,163150
20240112,09:22:51,1.45,13000,163150
20240112,09:22:52,1.5,50,163150
20240112,09:22:54,1.45,3400,163150
20240112,09:22:55,1.5,50,163150
20240112,09:22:56,1.5,100,163150
20240112,09:22:57,1.5,50,163150
20240112,09:22:58,1.5,50,163150
20240112,09:22:59,1.5,100,163150
20240112,09:23:00,1.5,50,163150
20240112,09:23:01,1.45,250,163150
20240112,09:23:02,1.5,200,163150
20240112,09:23:04,1.5,400,163150
20240112,09:23:05,1.5,200,163150
20240112,09:23:06,1.5,500,163150
20240112,09:23:09,1.5,100,163150
20240112,09:23:10,1.5,100,163150
20240112,09:23:11,1.5,50,163150
20240112,09:23:12,1.5,50,163150
20240112,09:23:13,1.5,100,163150
20240112,09:23:14,1.5,50,163150
20240112,09:23:16,1.5,100,163150
20240112,09:23:17,1.5,50,163150
20240112,09:23:18,1.5,50,163150
20240112,09:23:19,1.5,200,158000
20240112,09:23:21,1.5,400,158000
20240112,09:23:27,1.45,900,158000
20240112,09:23:30,1.5,50,158000
20240112,09:23:31,1.5,50,158000
20240112,09:23:32,1.5,50,158000
20240112,09:23:33,1.5,50,158000
20240112,09:23:34,1.5,50,158000
20240112,09:23:35,1.5,400,158000
20240112,09:23:36,1.5,50,158000
20240112,09:23:37,1.5,600,158000
20240112,09:23:38,1.5,11800,158000
20240112,09:23:39,1.55,50,158000
20240112,09:23:42,1.55,50,158000
20240112,09:23:43,1.55,50,158000
20240112,09:23:44,1.55,50,158000
20240112,09:23:45,1.5,550,158000
20240112,09:23:46,1.55,50,158000
20240112,09:23:47,1.55,50,158000
20240112,09:23:48,1.55,50,158000
20240112,09:23:49,1.55,100,158000
20240112,09:23:50,1.5,150,158000
20240112,09:23:52,1.5,50,158000
20240112,09:24:04,1.55,1800,158000
20240112,09:24:09,1.55,250,158000
20240112,09:24:11,1.55,300,158000
20240112,09:24:12,1.55,250,158000
20240112,09:24:13,1.55,1800,158000
20240112,09:24:14,1.55,10750,158000
20240112,09:24:16,1.55,4850,158000
20240112,09:24:18,1.55,5100,158000
20240112,09:24:19,1.55,1750,158000
20240112,09:24:25,1.5,450,158000
20240112,09:24:27,1.55,50,158000
20240112,09:24:29,1.55,2000,158000
20240112,09:24:34,1.55,50,158000
20240112,09:24:35,1.55,4050,158000
20240112,09:24:38,1.55,1300,158000
20240112,09:24:40,1.55,1200,158000
20240112,09:24:41,1.55,350,158000
20240112,09:24:42,1.55,2800,158000
20240112,09:24:43,1.55,8000,158000
20240112,09:24:44,1.55,1050,158000
20240112,09:24:45,1.55,200,158000
20240112,09:24:46,1.55,50,158000
20240112,09:24:47,1.55,50,158000
20240112,09:24:48,1.55,100,158000
20240112,09:24:49,1.55,100,158000
20240112,09:24:50,1.55,50,158000
20240112,09:24:51,1.55,5100,158000
20240112,09:24:52,1.6,200,158000
20240112,09:24:53,1.6,200,158000
20240112,09:24:55,1.6,50,158000
20240112,09:24:56,1.6,50,158000
20240112,09:24:57,1.6,50,158000
20240112,09:24:58,1.6,50,158000
20240112,09:24:59,1.6,50,158000
20240112,09:25:00,1.6,200,158000
20240112,09:25:01,1.6,200,158000
20240112,09:25:02,1.6,250,158000
20240112,09:25:03,1.6,200,158000
20240112,09:25:04,1.6,200,158000
20240112,09:25:05,1.6,200,158000
20240112,09:25:06,1.6,250,158000
20240112,09:25:08,1.6,50,158000
20240112,09:25:09,1.6,50,158000
20240112,09:25:10,1.6,1850,158000
20240112,09:25:11,1.6,100,158000
20240112,09:25:12,1.6,50,158000
20240112,09:25:13,1.6,50,158000
20240112,09:25:14,1.6,50,158000
20240112,09:25:15,1.6,200,158000
20240112,09:25:16,1.6,300,158000
20240112,09:25:17,1.6,200,158000
20240112,09:25:18,1.6,50,158000
20240112,09:25:19,1.6,100,158000
20240112,09:25:20,1.6,4850,158000
20240112,09:25:21,1.6,4650,158000
20240112,09:25:22,1.6,1850,158000
20240112,09:25:23,1.65,12750,158000
20240112,09:25:24,1.7,12100,158000
20240112,09:25:25,1.7,200,158000
20240112,09:25:26,1.7,250,158000
20240112,09:25:27,1.7,50,158000
20240112,09:25:29,1.7,9150,158000
20240112,09:25:36,1.65,100,158000
20240112,09:25:39,1.65,100,158000
20240112,09:25:43,1.7,300,158000
20240112,09:25:51,1.75,10800,158000
20240112,09:25:52,1.7,2950,158000
20240112,09:25:53,1.7,150,158000
20240112,09:25:54,1.7,50,158000
20240112,09:25:55,1.7,50,158000
20240112,09:25:56,1.7,5350,158000
20240112,09:25:57,1.7,2050,158000
20240112,09:25:58,1.7,2500,158000
20240112,09:25:59,1.7,3300,158000
20240112,09:26:00,1.75,50,158000
20240112,09:26:01,1.75,50,158000
20240112,09:26:02,1.7,1850,158000
20240112,09:26:03,1.75,50,158000
20240112,09:26:04,1.7,5350,158000
20240112,09:26:05,1.7,8150,158000
20240112,09:26:06,1.7,200,158000
20240112,09:26:09,1.75,9850,158000
20240112,09:26:10,1.75,11250,158000
20240112,09:26:11,1.7,400,158000
20240112,09:26:13,1.75,50,158000
20240112,09:26:14,1.75,50,158000
20240112,09:26:16,1.75,4600,158000
20240112,09:26:17,1.75,5800,158000
20240112,09:26:18,1.75,200,158000
20240112,09:26:19,1.8,7050,158000
20240112,09:26:26,1.8,50,161700
20240112,09:26:27,1.8,50,161700
20240112,09:26:29,1.8,50,161700
20240112,09:26:30,1.8,50,161700
20240112,09:26:31,1.8,50,161700
20240112,09:26:32,1.8,150,161700
20240112,09:26:33,1.8,50,161700
20240112,09:26:34,1.8,50,161700
20240112,09:26:35,1.8,50,161700
20240112,09:26:36,1.8,100,161700
20240112,09:26:37,1.8,50,161700
20240112,09:26:38,1.8,50,161700
20240112,09:26:39,1.8,50,161700
20240112,09:26:40,1.8,50,161700
20240112,09:26:41,1.8,50,161700
20240112,09:26:42,1.8,100,161700
20240112,09:26:43,1.8,50,161700
20240112,09:26:44,1.75,100,161700
20240112,09:26:45,1.75,1850,161700
20240112,09:26:46,1.8,50,161700
20240112,09:26:47,1.8,50,161700
20240112,09:26:48,1.8,50,161700
20240112,09:26:49,1.75,100,161700
20240112,09:26:50,1.8,50,161700
20240112,09:26:51,1.8,50,161700
20240112,09:26:52,1.8,50,161700
20240112,09:26:53,1.8,50,161700
20240112,09:26:54,1.8,50,161700
20240112,09:26:55,1.75,300,161700
20240112,09:26:56,1.75,1100,161700
20240112,09:26:57,1.8,50,161700
20240112,09:26:58,1.75,2050,161700
20240112,09:26:59,1.75,2000,161700
20240112,09:27:01,1.8,600,161700
20240112,09:27:12,1.75,1650,161700
20240112,09:27:14,1.8,50,161700
20240112,09:27:16,1.8,50,161700
20240112,09:27:29,1.75,3300,161700
20240112,09:27:30,1.75,9150,161700
20240112,09:27:33,1.7,1800,161700
20240112,09:27:42,1.75,9600,161700
20240112,09:27:43,1.75,7800,161700
20240112,09:27:44,1.75,7900,161700
20240112,09:27:45,1.75,8100,161700
20240112,09:27:46,1.8,9500,161700
20240112,09:27:47,1.8,2650,161700
20240112,09:27:52,1.75,500,161700
20240112,09:27:53,1.75,700,161700
20240112,09:28:05,1.75,27400,161700
20240112,09:28:09,1.75,50,161700
20240112,09:28:10,1.75,550,161700
20240112,09:28:11,1.75,50,161700
20240112,09:28:12,1.75,50,161700
20240112,09:28:13,1.75,50,161700
20240112,09:28:14,1.75,50,161700
20240112,09:28:15,1.75,50,161700
20240112,09:28:16,1.75,50,161700
20240112,09:28:17,1.7,100,161700
20240112,09:28:19,1.75,200,161700
20240112,09:28:20,1.75,100,161700
20240112,09:28:21,1.75,50,161700
20240112,09:28:21,1.7,50,161700
20240112,09:28:23,1.75,150,161700
20240112,09:28:24,1.75,50,161700
20240112,09:28:27,1.75,50,161700
20240112,09:28:32,1.7,1800,161700
20240112,09:28:35,1.7,7100,161700
20240112,09:28:37,1.7,100,161700
20240112,09:28:38,1.7,50,161700
20240112,09:28:39,1.7,50,161700
20240112,09:28:40,1.7,650,161700
20240112,09:28:41,1.7,1850,161700
20240112,09:28:46,1.7,6800,161700
20240112,09:28:51,1.7,50,161700
20240112,09:28:53,1.7,150,161700
20240112,09:29:09,1.7,50,161700
20240112,09:29:10,1.7,50,161700
20240112,09:29:11,1.7,50,161700
20240112,09:29:11,1.7,5400,161700
20240112,09:29:12,1.7,50,161700
20240112,09:29:13,1.7,50,161700
20240112,09:29:14,1.7,50,161700
20240112,09:29:15,1.7,50,161700
20240112,09:29:17,1.7,100,161700
20240112,09:29:18,1.7,50,161700
20240112,09:29:19,1.7,50,161700
20240112,09:29:20,1.7,50,166350
20240112,09:29:38,1.65,50,166350
20240112,09:29:55,1.7,700,166350
20240112,09:29:57,1.7,250,166350
20240112,09:30:04,1.65,50,166350
20240112,09:30:06,1.7,50,166350
20240112,09:30:07,1.7,500,166350
20240112,09:30:11,1.7,50,166350
20240112,09:30:43,1.7,500,166350
20240112,09:30:50,1.7,50,166350
20240112,09:31:09,1.7,200,166350
20240112,09:31:10,1.7,100,166350
20240112,09:31:17,1.7,1800,166350
20240112,09:31:19,1.7,1800,166350
20240112,09:31:22,1.7,50,166350
20240112,09:31:40,1.65,50,166350
20240112,09:32:02,1.65,2150,166350
20240112,09:32:06,1.7,2150,166350
20240112,09:32:08,1.65,1800,166350
20240112,09:32:09,1.65,1800,166350
20240112,09:32:15,1.65,2300,166350
20240112,09:32:15,1.65,100,166350
20240112,09:32:16,1.7,1200,166350
20240112,09:32:17,1.7,3700,166350
20240112,09:32:26,1.7,50,162750
20240112,09:32:28,1.7,50,162750
20240112,09:32:49,1.7,1000,162750
20240112,09:32:56,1.7,50,162750
20240112,09:32:57,1.7,50,162750
20240112,09:32:58,1.7,100,162750
20240112,09:32:59,1.7,50,162750
20240112,09:33:00,1.7,50,162750
20240112,09:33:01,1.7,2700,162750
20240112,09:33:02,1.7,200,162750
20240112,09:33:03,1.7,50,162750
20240112,09:33:04,1.7,1850,162750
20240112,09:33:06,1.7,50,162750
20240112,09:33:09,1.7,50,162750
20240112,09:33:12,1.7,50,162750
20240112,09:33:16,1.7,100,162750
20240112,09:33:19,1.7,300,162750
20240112,09:33:29,1.65,1800,162750
20240112,09:33:31,1.7,50,162750
20240112,09:33:59,1.7,100,162750
20240112,09:34:08,1.65,350,162750
20240112,09:34:09,1.65,5350,162750
20240112,09:34:10,1.65,250,162750
20240112,09:34:21,1.65,50,162750
20240112,09:34:22,1.65,50,162750
20240112,09:34:23,1.65,50,162750
20240112,09:34:47,1.65,100,162750
20240112,09:35:04,1.65,100,162750
20240112,09:35:11,1.6,150,162750
20240112,09:35:14,1.6,3000,162750
20240112,09:35:22,1.65,150,162750
20240112,09:35:26,1.65,1400,174050
20240112,09:35:27,1.65,1100,174050
20240112,09:35:38,1.65,400,174050
20240112,09:35:39,1.6,1800,174050
20240112,09:36:10,1.65,250,174050
20240112,09:36:11,1.6,2000,174050
20240112,09:36:12,1.6,1800,174050
20240112,09:36:13,1.6,1800,174050
20240112,09:36:18,1.6,9850,174050
20240112,09:36:20,1.55,1000,174050
20240112,09:36:34,1.55,2600,174050
20240112,09:36:36,1.55,7300,174050
20240112,09:36:38,1.55,700,174050
20240112,09:36:53,1.55,300,174050
20240112,09:36:54,1.55,50,174050
20240112,09:36:58,1.55,8550,174050
20240112,09:37:00,1.55,500,174050
20240112,09:37:03,1.6,50,174050
20240112,09:37:04,1.6,50,174050
20240112,09:37:05,1.6,50,174050
20240112,09:37:31,1.55,550,174050
20240112,09:38:05,1.6,200,174050
20240112,09:38:06,1.6,1000,174050
20240112,09:38:16,1.55,1000,174050
20240112,09:38:17,1.55,1500,174050
20240112,09:38:27,1.6,50,174050
20240112,09:38:29,1.6,50,175050
20240112,09:38:31,1.6,50,175050
20240112,09:38:32,1.6,50,175050
20240112,09:38:33,1.6,50,175050
20240112,09:38:34,1.6,50,175050
20240112,09:38:35,1.6,50,175050
20240112,09:38:36,1.6,50,175050
20240112,09:38:37,1.6,50,175050
20240112,09:38:38,1.6,50,175050
20240112,09:38:39,1.6,50,175050
20240112,09:39:00,1.55,50,175050
20240112,09:39:27,1.55,400,175050
20240112,09:39:48,1.55,350,175050
20240112,09:39:52,1.6,50,175050
20240112,09:40:24,1.55,50,175050
20240112,09:40:34,1.55,650,175050
20240112,09:40:36,1.55,5850,175050
20240112,09:40:37,1.55,1000,175050
20240112,09:41:46,1.5,1800,173050
20240112,09:41:47,1.5,4100,173050
20240112,09:42:49,1.5,2000,173050
20240112,09:42:50,1.5,2000,173050
20240112,09:42:52,1.45,50,173050
20240112,09:42:53,1.45,50,173050
20240112,09:42:54,1.45,50,173050
20240112,09:42:55,1.45,50,173050
20240112,09:42:56,1.45,50,173050
20240112,09:42:57,1.45,50,173050
20240112,09:42:58,1.45,50,173050
20240112,09:42:59,1.45,50,173050
20240112,09:43:00,1.45,50,173050
20240112,09:43:01,1.45,50,173050
20240112,09:43:02,1.5,250,173050
20240112,09:43:03,1.45,50,173050
20240112,09:43:04,1.45,100,173050
20240112,09:43:40,1.45,50,173050
20240112,09:44:18,1.5,400,173050
20240112,09:44:20,1.5,5450,173050
20240112,09:44:24,1.5,50,173700
20240112,09:44:26,1.5,100,173700
20240112,09:44:27,1.5,50,173700
20240112,09:44:28,1.5,50,173700
20240112,09:44:29,1.5,200,173700
20240112,09:44:30,1.5,200,173700
20240112,09:44:31,1.5,200,173700
20240112,09:44:32,1.5,50,173700
20240112,09:44:34,1.5,100,173700
20240112,09:44:35,1.5,50,173700
20240112,09:44:36,1.5,50,173700
20240112,09:44:37,1.5,50,173700
20240112,09:44:38,1.5,50,173700
20240112,09:44:39,1.5,50,173700
20240112,09:44:40,1.5,50,173700
20240112,09:44:41,1.5,50,173700
20240112,09:44:43,1.5,100,173700
20240112,09:44:44,1.5,50,173700
20240112,09:44:45,1.5,50,173700
20240112,09:44:46,1.5,50,173700
20240112,09:44:47,1.5,50,173700
20240112,09:45:01,1.55,200,173700
20240112,09:45:17,1.5,50,173700
20240112,09:45:44,1.55,1500,173700
20240112,09:45:58,1.5,2050,173700
20240112,09:46:00,1.55,1000,173700
20240112,09:46:55,1.5,50,173700
20240112,09:47:03,1.5,100,173700
20240112,09:47:06,1.55,100,173700
20240112,09:47:25,1.55,50,170700
20240112,09:47:26,1.55,50,170700
20240112,09:47:27,1.55,50,170700
20240112,09:47:28,1.55,50,170700
20240112,09:47:29,1.55,50,170700
20240112,09:47:30,1.55,50,170700
20240112,09:47:31,1.55,50,170700
20240112,09:47:32,1.55,50,170700
20240112,09:47:33,1.55,50,170700
20240112,09:47:34,1.55,50,170700
20240112,09:47:35,1.55,50,170700
20240112,09:47:36,1.55,50,170700
20240112,09:47:41,1.55,50,170700
20240112,09:47:42,1.55,50,170700
20240112,09:47:43,1.55,50,170700
20240112,09:47:44,1.55,50,170700
20240112,09:47:45,1.55,50,170700
20240112,09:47:46,1.55,50,170700
20240112,09:47:47,1.55,50,170700
20240112,09:47:55,1.55,50,170700
20240112,09:48:02,1.55,50,170700
20240112,09:48:04,1.55,50,170700
20240112,09:48:05,1.55,50,170700
20240112,09:48:06,1.55,50,170700
20240112,09:48:07,1.55,50,170700
20240112,09:48:08,1.55,50,170700
20240112,09:48:10,1.55,50,170700
20240112,09:48:11,1.55,50,170700
20240112,09:48:12,1.55,50,170700
20240112,09:48:13,1.55,50,170700
20240112,09:48:18,1.55,50,170700
20240112,09:48:19,1.55,50,170700
20240112,09:48:22,1.55,2550,170700
20240112,09:48:23,1.55,50,170700
20240112,09:48:24,1.55,50,170700
20240112,09:48:32,1.55,50,170700
20240112,09:48:34,1.55,150,170700
20240112,09:48:36,1.55,50,170700
20240112,09:48:38,1.55,50,170700
20240112,09:48:39,1.55,50,170700
20240112,09:48:40,1.55,50,170700
20240112,09:48:41,1.55,50,170700
20240112,09:48:42,1.55,50,170700
20240112,09:48:43,1.55,50,170700
20240112,09:48:44,1.55,50,170700
20240112,09:48:48,1.55,50,170700
20240112,09:49:02,1.55,300,170700
20240112,09:49:10,1.55,50,170700
20240112,09:49:42,1.55,100,170700
20240112,09:50:30,1.55,12850,170700
20240112,09:50:31,1.55,400,170750
20240112,09:50:36,1.55,400,170750
20240112,09:50:39,1.55,500,170750
20240112,09:51:35,1.5,650,170750
20240112,09:51:38,1.5,500,170750
20240112,09:51:38,1.5,50,170750
20240112,09:51:41,1.5,550,170750
20240112,09:51:42,1.5,50,170750
20240112,09:51:45,1.5,650,170750
20240112,09:51:48,1.5,500,170750
20240112,09:51:51,1.5,700,170750
20240112,09:51:54,1.5,2150,170750
20240112,09:51:57,1.45,450,170750
20240112,09:52:02,1.45,200,170750
20240112,09:52:07,1.5,50,170750
20240112,09:52:25,1.5,50,170750
20240112,09:52:26,1.5,50,170750
20240112,09:52:27,1.5,50,170750
20240112,09:52:28,1.5,50,170750
20240112,09:52:29,1.5,50,170750
20240112,09:52:30,1.5,50,170750
20240112,09:52:31,1.5,550,170750
20240112,09:52:32,1.5,50,170750
20240112,09:52:33,1.5,50,170750
20240112,09:52:34,1.5,50,170750
20240112,09:52:35,1.5,50,170750
20240112,09:52:36,1.5,50,170750
20240112,09:52:37,1.5,300,170750
20240112,09:52:38,1.5,300,170750
20240112,09:52:39,1.5,50,170750
20240112,09:52:40,1.5,50,170750
20240112,09:52:41,1.5,50,170750
20240112,09:52:42,1.5,50,170750
20240112,09:52:43,1.5,300,170750
20240112,09:52:55,1.5,100,170750
20240112,09:52:57,1.5,100,170750
20240112,09:52:59,1.5,100,170750
20240112,09:53:02,1.5,100,170750
20240112,09:53:04,1.5,150,170750
20240112,09:53:05,1.5,100,170750
20240112,09:53:07,1.5,100,170750
20240112,09:53:10,1.5,50,170750
20240112,09:53:12,1.5,100,170750
20240112,09:53:13,1.5,100,170750
20240112,09:53:16,1.5,50,170750
20240112,09:53:19,1.5,100,170750
20240112,09:53:23,1.5,500,170750
20240112,09:53:26,1.5,300,171800
20240112,09:53:27,1.5,500,171800
20240112,09:53:28,1.5,550,171800
20240112,09:53:30,1.5,1800,171800
20240112,09:53:32,1.5,100,171800
20240112,09:53:33,1.5,500,171800
20240112,09:53:34,1.5,500,171800
20240112,09:53:35,1.5,1800,171800
20240112,09:53:36,1.5,2300,171800
20240112,09:53:37,1.5,550,171800
20240112,09:53:41,1.5,500,171800
20240112,09:53:43,1.5,2600,171800
20240112,09:53:47,1.5,1600,171800
20240112,09:53:48,1.5,100,171800
20240112,09:53:49,1.5,50,171800
20240112,09:53:53,1.5,100,171800
20240112,09:54:43,1.5,50,171800
20240112,09:54:44,1.5,200,171800
20240112,09:54:47,1.5,700,171800
20240112,09:54:47,1.5,250,171800
20240112,09:54:50,1.5,1850,171800
20240112,09:54:50,1.5,100,171800
20240112,09:54:51,1.5,200,171800
20240112,09:54:53,1.5,2150,171800
20240112,09:54:54,1.5,250,171800
20240112,09:54:56,1.45,550,171800
20240112,09:54:57,1.45,550,171800
20240112,09:54:58,1.45,100,171800
20240112,09:54:59,1.45,750,171800
20240112,09:55:01,1.45,950,171800
20240112,09:55:03,1.45,950,171800
20240112,09:55:06,1.45,950,171800
20240112,09:55:10,1.5,1000,171800
20240112,09:55:13,1.45,600,171800
20240112,09:55:16,1.45,50,171800
20240112,09:55:43,1.5,250,171800
20240112,09:55:44,1.5,50,171800
20240112,09:55:45,1.5,50,171800
20240112,09:55:46,1.5,50,171800
20240112,09:55:47,1.5,50,171800
20240112,09:55:48,1.5,50,171800
20240112,09:55:49,1.5,50,171800
20240112,09:55:50,1.5,50,171800
20240112,09:55:51,1.5,50,171800
20240112,09:55:52,1.5,50,171800
20240112,09:55:53,1.5,50,171800
20240112,09:55:54,1.5,50,171800
20240112,09:55:55,1.5,50,171800
20240112,09:55:57,1.5,100,171800
20240112,09:55:58,1.5,50,171800
20240112,09:55:59,1.5,50,171800
20240112,09:56:00,1.5,50,171800
20240112,09:56:01,1.5,50,171800
20240112,09:56:02,1.5,50,171800
20240112,09:56:03,1.5,50,171800
20240112,09:56:04,1.5,50,171800
20240112,09:56:05,1.5,50,171800
20240112,09:56:06,1.5,50,171800
20240112,09:56:07,1.5,50,171800
20240112,09:56:08,1.5,50,171800
20240112,09:56:09,1.5,50,171800
20240112,09:56:10,1.5,50,171800
20240112,09:56:12,1.5,100,171800
20240112,09:56:12,1.5,10800,171800
20240112,09:56:13,1.55,50,171800
20240112,09:56:19,1.55,50,171800
20240112,09:56:25,1.55,50,189050
20240112,09:56:28,1.55,450,189050
20240112,09:56:31,1.55,50,189050
20240112,09:56:34,1.55,50,189050
20240112,09:56:45,1.55,50,189050
20240112,09:57:01,1.55,100,189050
20240112,09:57:03,1.55,50,189050
20240112,09:57:04,1.55,50,189050
20240112,09:57:05,1.55,50,189050
20240112,09:57:06,1.55,50,189050
20240112,09:57:09,1.55,100,189050
20240112,09:57:12,1.55,100,189050
20240112,09:57:14,1.55,50,189050
20240112,09:57:15,1.55,150,189050
20240112,09:57:18,1.55,100,189050
20240112,09:57:20,1.55,50,189050
20240112,09:57:21,1.55,100,189050
20240112,09:57:23,1.55,100,189050
20240112,09:57:25,1.55,50,189050
20240112,09:57:26,1.55,3600,189050
20240112,09:57:27,1.6,13500,189050
20240112,09:57:29,1.6,50,189050
20240112,09:57:30,1.6,850,189050
20240112,09:57:31,1.6,650,189050
20240112,09:57:32,1.65,10750,189050
20240112,09:57:34,1.65,950,189050
20240112,09:57:35,1.65,650,189050
20240112,09:57:38,1.6,50,189050
20240112,09:57:41,1.6,50,189050
20240112,09:57:44,1.6,50,189050
20240112,09:57:46,1.65,50,189050
20240112,09:57:48,1.65,100,189050
20240112,09:57:49,1.65,100,189050
20240112,09:58:09,1.65,50,189050
20240112,09:58:17,1.65,350,189050
20240112,09:58:27,1.65,50,189050
20240112,09:58:28,1.65,50,189050
20240112,09:58:31,1.65,1800,189050
20240112,09:58:32,1.65,100,189050
20240112,09:58:38,1.65,1800,189050
20240112,09:59:22,1.65,1800,189050
20240112,09:59:26,1.65,1550,189050
20240112,09:59:27,1.65,1500,192450
20240112,09:59:28,1.65,2150,192450
20240112,09:59:29,1.65,1500,192450
20240112,09:59:30,1.65,6300,192450
20240112,09:59:33,1.65,2450,192450
20240112,09:59:34,1.65,50,192450
20240112,09:59:35,1.6,4950,192450
20240112,09:59:38,1.6,2350,192450
20240112,09:59:39,1.65,1800,192450
20240112,09:59:41,1.6,550,192450
20240112,09:59:44,1.65,250,192450
20240112,09:59:45,1.6,500,192450
20240112,09:59:49,1.6,300,192450
20240112,09:59:52,1.6,500,192450
20240112,10:00:23,1.65,1650,192450
20240112,10:00:50,1.6,50,192450
20240112,10:00:59,1.6,50,192450
20240112,10:01:06,1.6,50,192450
20240112,10:01:29,1.65,150,192450
20240112,10:01:34,1.6,150,192450
20240112,10:01:36,1.65,100,192450
20240112,10:01:38,1.6,50,192450
20240112,10:01:43,1.6,1750,192450
20240112,10:01:45,1.65,50,192450
20240112,10:01:58,1.6,50,192450
20240112,10:02:28,1.65,1800,192450
20240112,10:02:29,1.65,11650,187950
20240112,10:02:31,1.65,250,187950
20240112,10:02:31,1.65,50,187950
20240112,10:02:32,1.65,50,187950
20240112,10:02:34,1.65,100,187950
20240112,10:02:35,1.65,3050,187950
20240112,10:02:41,1.65,50,187950
20240112,10:02:44,1.7,1800,187950
20240112,10:02:46,1.65,1850,187950
20240112,10:02:48,1.7,1800,187950
20240112,10:02:49,1.65,50,187950
20240112,10:02:50,1.7,1800,187950
20240112,10:02:52,1.7,1800,187950
20240112,10:02:54,1.7,1800,187950
20240112,10:02:57,1.65,50,187950
20240112,10:02:59,1.7,1100,187950
20240112,10:03:02,1.7,2100,187950
20240112,10:03:10,1.65,200,187950
20240112,10:03:13,1.65,600,187950
20240112,10:03:25,1.65,16550,187950
20240112,10:03:38,1.7,250,187950
20240112,10:03:39,1.7,1800,187950
20240112,10:03:55,1.7,8300,187950
20240112,10:03:56,1.7,2000,187950
20240112,10:03:57,1.7,100,187950
20240112,10:04:00,1.7,50,187950
20240112,10:04:15,1.7,50,187950
20240112,10:04:16,1.7,50,187950
20240112,10:04:17,1.7,50,187950
20240112,10:04:18,1.7,50,187950
20240112,10:04:19,1.7,50,187950
20240112,10:04:21,1.7,50,187950
20240112,10:04:22,1.7,50,187950
20240112,10:04:23,1.7,50,187950
20240112,10:04:28,1.7,50,187950
20240112,10:04:29,1.7,15250,187950
20240112,10:04:30,1.7,4150,187950
20240112,10:04:31,1.7,3650,187950
20240112,10:04:32,1.7,7500,187950
20240112,10:04:34,1.75,7750,187950
20240112,10:04:35,1.7,8000,187950
20240112,10:04:36,1.75,4950,187950
20240112,10:04:41,1.8,1850,187950
20240112,10:04:42,1.8,1850,187950
20240112,10:04:43,1.8,1850,187950
20240112,10:04:57,1.75,50,187950
20240112,10:04:58,1.75,50,187950
20240112,10:04:59,1.75,250,187950
20240112,10:05:00,1.8,8850,187950
20240112,10:05:01,1.8,2400,187950
20240112,10:05:03,1.75,17000,187950
20240112,10:05:04,1.8,5700,187950
20240112,10:05:05,1.85,200,187950
20240112,10:05:06,1.85,100,187950
20240112,10:05:06,1.85,500,187950
20240112,10:05:12,1.85,5800,187950
20240112,10:05:15,1.8,2400,187950
20240112,10:05:18,1.8,10450,187950
20240112,10:05:22,1.8,1150,187950
20240112,10:05:23,1.8,200,187950
20240112,10:05:26,1.8,350,204000
20240112,10:05:38,1.8,1900,204000
20240112,10:05:39,1.8,17650,204000
20240112,10:05:50,1.85,550,204000
20240112,10:05:59,1.85,850,204000
20240112,10:06:00,1.8,3300,204000
20240112,10:06:10,1.8,1800,204000
20240112,10:06:11,1.85,1000,204000
20240112,10:06:13,1.85,2200,204000
20240112,10:06:32,1.85,300,204000
20240112,10:06:33,1.9,1800,204000
20240112,10:06:35,1.9,1000,204000
20240112,10:06:39,1.85,1800,204000
20240112,10:06:46,1.85,3250,204000
20240112,10:06:48,1.85,800,204000
20240112,10:06:49,1.85,500,204000
20240112,10:06:59,1.8,100,204000
20240112,10:07:01,1.8,100,204000
20240112,10:07:26,1.85,550,204000
20240112,10:07:27,1.85,550,204000
20240112,10:07:29,1.85,950,204000
20240112,10:07:35,1.85,12100,204000
20240112,10:07:48,1.9,50,204000
20240112,10:08:12,1.9,50,204000
20240112,10:08:24,1.8,26900,204000
20240112,10:08:25,1.75,29950,204000
20240112,10:08:26,1.8,1200,204000
20240112,10:08:28,1.8,2400,204000
20240112,10:08:31,1.8,1650,222400
20240112,10:08:39,1.8,300,222400
20240112,10:08:41,1.75,1800,222400
20240112,10:08:50,1.75,3000,222400
20240112,10:09:03,1.75,200,222400
20240112,10:09:07,1.75,300,222400
20240112,10:09:10,1.75,1600,222400
20240112,10:09:11,1.75,2400,222400
20240112,10:09:12,1.75,100,222400
20240112,10:09:13,1.75,10550,222400
20240112,10:09:17,1.8,2000,222400
20240112,10:09:26,1.8,1800,222400
20240112,10:09:28,1.8,1900,222400
20240112,10:09:33,1.8,4050,222400
20240112,10:09:35,1.85,450,222400
20240112,10:09:39,1.8,50,222400
20240112,10:09:42,1.8,50,222400
20240112,10:09:44,1.8,400,222400
20240112,10:09:45,1.8,200,222400
20240112,10:09:46,1.8,200,222400
20240112,10:09:47,1.8,200,222400
20240112,10:09:48,1.8,200,222400
20240112,10:09:49,1.8,200,222400
20240112,10:09:50,1.8,200,222400
20240112,10:09:51,1.8,3400,222400
20240112,10:09:53,1.75,400,222400
20240112,10:09:54,1.75,50,222400
20240112,10:09:55,1.75,50,222400
20240112,10:09:56,1.75,50,222400
20240112,10:09:57,1.75,50,222400
20240112,10:09:58,1.75,50,222400
20240112,10:09:59,1.8,5950,222400
20240112,10:10:00,1.75,50,222400
20240112,10:10:01,1.75,50,222400
20240112,10:10:10,1.8,300,222400
20240112,10:10:14,1.8,450,222400
20240112,10:10:23,1.8,4400,222400
20240112,10:10:26,1.85,100,222400
20240112,10:10:27,1.8,3700,222400
20240112,10:10:28,1.8,400,222400
20240112,10:10:32,1.8,1800,222400
20240112,10:10:33,1.85,550,222400
20240112,10:10:34,1.8,2000,222400
20240112,10:10:37,1.8,700,222400
20240112,10:10:39,1.85,50,222400
20240112,10:10:40,1.8,2600,222400
20240112,10:10:41,1.85,9550,222400
20240112,10:10:46,1.85,1800,222400
20240112,10:10:49,1.85,1400,222400
20240112,10:10:53,1.8,2800,222400
20240112,10:11:24,1.75,100,222400
20240112,10:11:41,1.75,500,219300
20240112,10:11:49,1.75,1300,219300
20240112,10:11:57,1.8,50,219300
20240112,10:11:59,1.8,100,219300
20240112,10:12:00,1.8,50,219300
20240112,10:12:01,1.8,50,219300
20240112,10:12:02,1.8,50,219300
20240112,10:12:03,1.85,6450,219300
20240112,10:12:04,1.8,10200,219300
20240112,10:12:05,1.8,7800,219300
20240112,10:12:06,1.8,50,219300
20240112,10:12:07,1.8,2750,219300
20240112,10:12:08,1.8,4650,219300
20240112,10:12:10,1.8,1500,219300
20240112,10:12:11,1.8,3300,219300
20240112,10:12:12,1.8,1350,219300
20240112,10:12:13,1.8,3250,219300
20240112,10:12:14,1.8,1750,219300
20240112,10:12:16,1.85,1800,219300
20240112,10:12:17,1.8,2200,219300
20240112,10:12:18,1.8,50,219300
20240112,10:12:41,1.8,6350,219300
20240112,10:12:51,1.8,1150,219300
20240112,10:12:58,1.75,300,219300
20240112,10:13:01,1.75,1800,219300
20240112,10:13:02,1.75,1600,219300
20240112,10:13:02,1.75,3800,219300
20240112,10:13:03,1.75,4000,219300
20240112,10:13:06,1.8,300,219300
20240112,10:13:13,1.8,300,219300
20240112,10:13:14,1.8,50,219300
20240112,10:13:15,1.8,350,219300
20240112,10:13:17,1.8,100,219300
20240112,10:13:17,1.75,3350,219300
20240112,10:13:18,1.75,7700,219300
20240112,10:13:19,1.75,650,219300
20240112,10:13:20,1.8,50,219300
20240112,10:13:22,1.8,350,219300
20240112,10:13:23,1.8,50,219300
20240112,10:13:24,1.8,50,219300
20240112,10:13:25,1.8,50,219300
20240112,10:13:26,1.8,50,219300
20240112,10:13:27,1.8,50,219300
20240112,10:13:36,1.75,7500,219300
20240112,10:13:39,1.75,1750,219300
20240112,10:13:40,1.75,50,219300
20240112,10:13:41,1.75,3750,219300
20240112,10:13:43,1.75,6300,219300
20240112,10:13:44,1.75,2950,219300
20240112,10:13:45,1.75,5350,219300
20240112,10:13:46,1.75,350,219300
20240112,10:13:48,1.75,2750,219300
20240112,10:13:49,1.75,1500,219300
20240112,10:13:50,1.75,700,219300
20240112,10:13:52,1.75,600,219300
20240112,10:13:56,1.75,50,219300
20240112,10:13:58,1.75,100,219300
20240112,10:14:25,1.75,150,219300
20240112,10:14:36,1.7,250,225750
20240112,10:15:37,1.75,50,225750
20240112,10:15:41,1.75,200,225750
20240112,10:15:56,1.7,50,225750
20240112,10:15:57,1.75,50,225750
20240112,10:16:05,1.75,400,225750
20240112,10:16:09,1.75,100,225750
20240112,10:16:12,1.75,500,225750
20240112,10:16:29,1.7,150,225750
20240112,10:16:39,1.75,50,225750
20240112,10:16:44,1.7,500,225750
20240112,10:17:00,1.7,50,225750
20240112,10:17:20,1.7,4650,225750
20240112,10:17:30,1.7,50,227850
20240112,10:17:38,1.7,100,227850
20240112,10:17:46,1.7,1050,227850
20240112,10:17:56,1.7,100,227850
20240112,10:18:09,1.7,50,227850
20240112,10:18:23,1.7,100,227850
20240112,10:18:31,1.7,700,227850
20240112,10:18:32,1.7,1800,227850
20240112,10:18:42,1.65,100,227850
20240112,10:18:45,1.65,1200,227850
20240112,10:19:06,1.7,50,227850
20240112,10:19:07,1.7,50,227850
20240112,10:19:08,1.7,50,227850
20240112,10:19:09,1.7,200,227850
20240112,10:19:10,1.7,200,227850
20240112,10:19:11,1.7,200,227850
20240112,10:19:12,1.7,50,227850
20240112,10:19:13,1.7,100,227850
20240112,10:19:14,1.7,50,227850
20240112,10:19:15,1.7,50,227850
20240112,10:19:16,1.7,200,227850
20240112,10:19:17,1.7,200,227850
20240112,10:19:23,1.7,50,227850
20240112,10:19:24,1.7,50,227850
20240112,10:19:27,1.7,100,227850
20240112,10:19:37,1.7,12300,227850
20240112,10:19:38,1.7,4500,227850
20240112,10:19:39,1.7,850,227850
20240112,10:19:40,1.7,1900,227850
20240112,10:19:44,1.7,3100,227850
20240112,10:19:46,1.7,1600,227850
20240112,10:19:47,1.7,1800,227850
20240112,10:19:49,1.7,50,227850
20240112,10:19:56,1.7,1800,227850
20240112,10:19:57,1.7,1200,227850
20240112,10:20:14,1.7,650,227850
20240112,10:20:25,1.7,50,227850
20240112,10:20:26,1.7,50,227850
20240112,10:20:28,1.7,50,227850
20240112,10:20:30,1.7,50,234650
20240112,10:20:31,1.7,50,234650
20240112,10:20:42,1.7,100,234650
20240112,10:20:54,1.7,500,234650
20240112,10:21:06,1.7,600,234650
20240112,10:21:11,1.7,6600,234650
20240112,10:21:18,1.7,1800,234650
20240112,10:22:21,1.7,450,234650
20240112,10:22:38,1.7,50,234650
20240112,10:23:20,1.7,50,234650
20240112,10:23:39,1.7,50,234650
20240112,10:23:45,1.7,1800,239300
20240112,10:23:50,1.7,1800,239300
20240112,10:24:14,1.7,1800,239300
20240112,10:24:15,1.7,2300,239300
20240112,10:24:24,1.7,900,239300
20240112,10:25:59,1.65,50,239300
20240112,10:26:10,1.7,300,239300
20240112,10:26:10,1.7,1500,239300
20240112,10:26:12,1.7,2600,239300
20240112,10:26:14,1.7,200,239300
20240112,10:26:17,1.7,200,239300
20240112,10:26:26,1.7,50,239300
20240112,10:26:32,1.7,200,235050
20240112,10:26:34,1.7,200,235050
20240112,10:26:43,1.7,200,235050
20240112,10:26:44,1.7,50,235050
20240112,10:26:45,1.7,50,235050
20240112,10:26:46,1.7,50,235050
20240112,10:26:47,1.7,50,235050
20240112,10:26:48,1.7,50,235050
20240112,10:26:49,1.7,50,235050
20240112,10:26:53,1.7,200,235050
20240112,10:27:01,1.7,200,235050
20240112,10:27:04,1.7,550,235050
20240112,10:27:08,1.75,50,235050
20240112,10:27:18,1.7,50,235050
20240112,10:27:19,1.7,50,235050
20240112,10:27:20,1.7,50,235050
20240112,10:27:21,1.7,50,235050
20240112,10:27:22,1.7,600,235050
20240112,10:27:35,1.75,2000,235050
20240112,10:27:37,1.7,50,235050
20240112,10:27:38,1.7,600,235050
20240112,10:27:39,1.7,50,235050
20240112,10:27:40,1.7,50,235050
20240112,10:27:41,1.7,50,235050
20240112,10:27:42,1.7,1850,235050
20240112,10:27:45,1.7,50,235050
20240112,10:27:46,1.7,50,235050
20240112,10:27:47,1.7,100,235050
20240112,10:27:48,1.7,50,235050
20240112,10:27:50,1.7,50,235050
20240112,10:28:05,1.7,200,235050
20240112,10:28:13,1.7,550,235050
20240112,10:28:21,1.7,50,235050
20240112,10:28:22,1.7,50,235050
20240112,10:28:23,1.7,150,235050
20240112,10:28:24,1.75,750,235050
20240112,10:28:25,1.7,200,235050
20240112,10:28:27,1.75,1800,235050
20240112,10:28:28,1.75,1800,235050
20240112,10:28:29,1.7,200,235050
20240112,10:28:30,1.75,6950,235050
20240112,10:28:35,1.75,200,235050
20240112,10:28:42,1.8,50,235050
20240112,10:28:52,1.8,50,235050
20240112,10:28:53,1.75,100,235050
20240112,10:28:54,1.75,4000,235050
20240112,10:28:59,1.75,250,235050
20240112,10:29:01,1.8,7800,235050
20240112,10:29:04,1.8,1200,235050
20240112,10:29:21,1.8,150,235050
20240112,10:29:25,1.8,50,235050
20240112,10:29:26,1.8,50,235050
20240112,10:29:27,1.8,50,235050
20240112,10:29:28,1.8,50,235050
20240112,10:29:29,1.8,50,235050
20240112,10:29:30,1.75,250,232900
20240112,10:29:31,1.8,200,232900
20240112,10:29:32,1.8,200,232900
20240112,10:29:33,1.85,4650,232900
20240112,10:29:34,1.85,50,232900
20240112,10:29:35,1.85,50,232900
20240112,10:29:36,1.85,50,232900
20240112,10:29:37,1.85,200,232900
20240112,10:29:38,1.85,200,232900
20240112,10:29:39,1.85,200,232900
20240112,10:29:40,1.85,50,232900
20240112,10:29:45,1.85,50,232900
20240112,10:29:46,1.85,50,232900
20240112,10:29:47,1.85,50,232900
20240112,10:29:48,1.85,500,232900
20240112,10:29:49,1.85,50,232900
20240112,10:29:50,1.85,50,232900
20240112,10:29:51,1.85,50,232900
20240112,10:29:52,1.85,1850,232900
20240112,10:29:53,1.85,50,232900
20240112,10:29:54,1.85,50,232900
20240112,10:29:55,1.85,50,232900
20240112,10:29:56,1.85,50,232900
20240112,10:29:57,1.85,1150,232900
20240112,10:29:58,1.85,50,232900
20240112,10:29:59,1.85,50,232900
20240112,10:30:00,1.85,50,232900
20240112,10:30:01,1.85,50,232900
20240112,10:30:03,1.85,50,232900
20240112,10:30:06,1.85,50,232900
20240112,10:30:07,1.85,50,232900
20240112,10:30:08,1.85,550,232900
20240112,10:30:10,1.8,1300,232900
20240112,10:30:12,1.85,550,232900
20240112,10:30:13,1.85,100,232900
20240112,10:30:14,1.85,600,232900
20240112,10:30:15,1.85,50,232900
20240112,10:30:16,1.85,600,232900
20240112,10:30:17,1.85,50,232900
20240112,10:30:18,1.85,50,232900
20240112,10:30:19,1.85,50,232900
20240112,10:30:20,1.85,600,232900
20240112,10:30:27,1.85,50,232900
20240112,10:30:36,1.8,50,232900
20240112,10:30:37,1.85,50,232900
20240112,10:30:38,1.85,50,232900
20240112,10:30:43,1.85,50,232900
20240112,10:30:44,1.85,50,232900
20240112,10:30:45,1.85,50,232900
20240112,10:30:46,1.85,50,232900
20240112,10:30:48,1.85,50,232900
20240112,10:30:50,1.85,3600,232900
20240112,10:30:57,1.85,50,232900
20240112,10:30:58,1.85,50,232900
20240112,10:30:59,1.85,50,232900
20240112,10:31:00,1.85,50,232900
20240112,10:31:01,1.85,50,232900
20240112,10:31:02,1.85,50,232900
20240112,10:31:07,1.85,1800,232900
20240112,10:31:10,1.85,50,232900
20240112,10:31:16,1.85,50,232900
20240112,10:31:18,1.85,50,232900
20240112,10:31:24,1.85,50,232900
20240112,10:31:25,1.85,50,232900
20240112,10:31:27,1.85,50,232900
20240112,10:31:32,1.85,1700,232900
20240112,10:31:33,1.85,1800,232900
20240112,10:31:34,1.85,50,232900
20240112,10:31:49,1.85,250,232900
20240112,10:32:05,1.85,50,232900
20240112,10:32:07,1.85,50,232900
20240112,10:32:10,1.85,50,232900
20240112,10:32:12,1.85,50,232900
20240112,10:32:13,1.85,1800,232900
20240112,10:32:14,1.8,50,232900
20240112,10:32:15,1.85,50,232900
20240112,10:32:17,1.85,50,232900
20240112,10:32:18,1.85,50,232900
20240112,10:32:21,1.85,50,232900
20240112,10:32:24,1.85,50,232900
20240112,10:32:25,1.85,50,232900
20240112,10:32:26,1.85,50,232900
20240112,10:32:27,1.85,50,232900
20240112,10:32:29,1.85,300,232900
20240112,10:32:33,1.85,50,241200
20240112,10:32:41,1.8,900,241200
20240112,10:32:42,1.85,50,241200
20240112,10:32:56,1.8,600,241200
20240112,10:32:57,1.75,9600,241200
20240112,10:32:59,1.8,750,241200
20240112,10:33:03,1.8,50,241200
20240112,10:33:05,1.8,50,241200
20240112,10:33:07,1.8,50,241200
20240112,10:33:08,1.8,50,241200
20240112,10:33:12,1.8,2150,241200
20240112,10:33:15,1.8,1550,241200
20240112,10:33:38,1.8,450,241200
20240112,10:33:39,1.85,1800,241200
20240112,10:33:40,1.8,1800,241200
20240112,10:33:44,1.85,50,241200
20240112,10:33:44,1.8,50,241200
20240112,10:34:09,1.85,50,241200
20240112,10:34:25,1.8,550,241200
20240112,10:34:45,1.8,700,241200
20240112,10:34:52,1.8,400,241200
20240112,10:35:14,1.85,50,241200
20240112,10:35:18,1.85,1800,241200
20240112,10:35:19,1.8,1050,241200
20240112,10:35:28,1.85,100,241200
20240112,10:35:35,1.8,50,243100
20240112,10:35:36,1.85,3850,243100
20240112,10:35:57,1.85,1800,243100
20240112,10:36:11,1.85,250,243100
20240112,10:36:33,1.85,10700,243100
20240112,10:36:40,1.9,3400,243100
20240112,10:36:45,1.85,850,243100
20240112,10:36:47,1.9,3700,243100
20240112,10:36:49,1.9,700,243100
20240112,10:37:12,1.85,50,243100
20240112,10:37:14,1.9,150,243100
20240112,10:37:32,1.9,1850,243100
20240112,10:37:33,1.9,1550,243100
20240112,10:37:35,1.9,1000,243100
20240112,10:37:41,1.9,50,243100
20240112,10:37:48,1.9,350,243100
20240112,10:38:30,1.95,200,243100
20240112,10:38:43,1.95,6000,243100
20240112,10:38:44,1.95,500,239300
20240112,10:38:45,1.95,50,239300
20240112,10:38:46,1.9,4600,239300
20240112,10:38:47,1.9,400,239300
20240112,10:38:57,1.9,150,239300
20240112,10:39:15,1.9,50,239300
20240112,10:39:23,1.9,1800,239300
20240112,10:39:34,1.95,100,239300
20240112,10:39:44,1.95,50,239300
20240112,10:39:49,1.95,50,239300
20240112,10:39:52,1.95,200,239300
20240112,10:39:53,1.95,1800,239300
20240112,10:39:54,1.95,4750,239300
20240112,10:39:55,1.95,3650,239300
20240112,10:39:56,2.0,3950,239300
20240112,10:40:00,2.0,50,239300
20240112,10:40:02,1.95,2750,239300
20240112,10:40:07,2.0,50,239300
20240112,10:40:10,2.0,1900,239300
20240112,10:40:11,2.0,500,239300
20240112,10:40:12,2.0,3500,239300
20240112,10:40:14,2.05,6800,239300
20240112,10:40:20,2.05,50,239300
20240112,10:40:25,2.0,50,239300
20240112,10:40:29,2.05,3100,239300
20240112,10:40:34,2.0,200,239300
20240112,10:40:36,2.0,150,239300
20240112,10:40:48,2.05,5250,239300
20240112,10:40:53,2.1,2800,239300
20240112,10:40:54,2.1,1150,239300
20240112,10:40:55,2.15,1800,239300
20240112,10:40:57,2.2,2600,239300
20240112,10:41:01,2.2,1800,239300
20240112,10:41:08,2.2,3600,239300
20240112,10:41:11,2.2,1800,239300
20240112,10:41:12,2.2,850,239300
20240112,10:41:22,2.2,50,239300
20240112,10:41:24,2.2,8400,239300
20240112,10:41:26,2.15,3150,239300
20240112,10:41:34,2.15,2800,257350
20240112,10:41:40,2.15,1950,257350
20240112,10:41:41,2.15,5600,257350
20240112,10:41:42,2.15,1150,257350
20240112,10:41:43,2.15,400,257350
20240112,10:41:44,2.1,5500,257350
20240112,10:41:45,2.15,4500,257350
20240112,10:41:47,2.15,950,257350
20240112,10:41:49,2.1,1050,257350
20240112,10:41:50,2.1,50,257350
20240112,10:41:56,2.15,500,257350
20240112,10:42:00,2.15,1800,257350
20240112,10:42:04,2.15,500,257350
20240112,10:42:09,2.1,250,257350
20240112,10:42:11,2.1,1100,257350
20240112,10:42:21,2.15,100,257350
20240112,10:42:39,2.15,250,257350
20240112,10:42:56,2.1,250,257350
20240112,10:42:58,2.1,300,257350
20240112,10:43:06,2.15,500,257350
20240112,10:43:25,2.15,1800,257350
20240112,10:43:29,2.1,2750,257350
20240112,10:43:31,2.1,2900,257350
20240112,10:43:41,2.1,300,257350
20240112,10:43:45,2.15,1800,257350
20240112,10:43:47,2.1,1800,257350
20240112,10:43:48,2.1,500,257350
20240112,10:43:52,2.1,1000,257350
20240112,10:44:13,2.15,50,257350
20240112,10:44:16,2.15,50,257350
20240112,10:44:16,2.15,100,257350
20240112,10:44:18,2.15,1600,257350
20240112,10:44:26,2.15,200,257350
20240112,10:44:32,2.2,1800,268450
20240112,10:44:52,2.2,100,268450
20240112,10:45:00,2.15,500,268450
20240112,10:45:24,2.15,200,268450
20240112,10:45:26,2.15,400,268450
20240112,10:45:37,2.15,50,268450
20240112,10:45:40,2.15,200,268450
20240112,10:46:01,2.15,500,268450
20240112,10:46:21,2.2,1800,268450
20240112,10:46:23,2.15,50,268450
20240112,10:46:28,2.15,300,268450
20240112,10:46:38,2.2,1800,268450
20240112,10:46:41,2.15,50,268450
20240112,10:46:53,2.2,50,268450
20240112,10:46:59,2.15,1300,268450
20240112,10:47:04,2.2,1800,268450
20240112,10:47:09,2.2,50,268450
20240112,10:47:25,2.2,50,268450
20240112,10:47:52,2.2,50,273700
20240112,10:47:59,2.15,300,273700
20240112,10:48:18,2.15,11800,273700
20240112,10:48:19,2.15,2050,273700
20240112,10:49:32,2.1,150,273700
20240112,10:49:36,2.1,2550,273700
20240112,10:49:37,2.15,250,273700
20240112,10:49:38,2.1,1600,273700
20240112,10:50:00,2.15,100,273700
20240112,10:50:01,2.1,50,273700
20240112,10:50:05,2.1,2800,273700
20240112,10:50:08,2.15,150,273700
20240112,10:50:17,2.15,250,273700
20240112,10:50:26,2.15,50,273700
20240112,10:50:59,2.15,1800,271350
20240112,10:51:00,2.15,1800,271350
20240112,10:51:09,2.15,9350,271350
20240112,10:51:29,2.15,50,271350
20240112,10:51:34,2.15,150,271350
20240112,10:51:43,2.1,2500,271350
20240112,10:51:47,2.1,2500,271350
20240112,10:52:24,2.15,300,271350
20240112,10:52:34,2.15,1050,271350
20240112,10:52:41,2.15,2400,271350
20240112,10:52:51,2.15,250,271350
20240112,10:53:06,2.15,250,271350
20240112,10:53:23,2.1,1000,271350
20240112,10:53:29,2.1,300,271350
20240112,10:54:09,2.1,800,271350
20240112,10:54:10,2.1,9400,274150
20240112,10:54:15,2.1,250,274150
20240112,10:54:16,2.1,750,274150
20240112,10:54:17,2.1,1800,274150
20240112,10:54:19,2.1,4600,274150
20240112,10:54:22,2.1,2100,274150
20240112,10:54:25,2.1,1850,274150
20240112,10:54:27,2.05,100,274150
20240112,10:54:38,2.05,200,274150
20240112,10:54:39,2.05,550,274150
20240112,10:54:41,2.05,200,274150
20240112,10:54:42,2.05,200,274150
20240112,10:54:44,2.05,750,274150
20240112,10:54:56,2.05,1800,274150
20240112,10:55:09,2.05,1200,274150
20240112,10:55:34,2.05,1800,274150
20240112,10:55:53,2.05,500,274150
20240112,10:56:00,2.1,50,274150
20240112,10:56:02,2.05,50,274150
20240112,10:56:28,2.05,50,274150
20240112,10:56:47,2.05,1800,277200
20240112,10:56:53,2.1,50,277200
20240112,10:57:00,2.05,50,277200
20240112,10:57:43,2.1,300,277200
20240112,10:58:59,2.1,400,277200
20240112,10:59:01,2.1,250,277200
20240112,10:59:14,2.1,50,277200
20240112,10:59:19,2.1,1800,277200
20240112,10:59:25,2.1,250,277200
20240112,10:59:29,2.1,250,277200
20240112,10:59:30,2.1,250,277200
20240112,10:59:34,2.05,50,277200
20240112,11:00:09,2.1,900,276850
20240112,11:00:10,2.1,250,276850
20240112,11:00:11,2.1,1250,276850
20240112,11:00:12,2.1,250,276850
20240112,11:00:14,2.1,400,276850
20240112,11:00:15,2.1,400,276850
20240112,11:00:16,2.1,5400,276850
20240112,11:00:19,2.1,100,276850
20240112,11:00:21,2.1,250,276850
20240112,11:00:22,2.1,200,276850
20240112,11:00:24,2.1,400,276850
20240112,11:00:25,2.1,200,276850
20240112,11:00:27,2.1,2050,276850
20240112,11:00:27,2.1,700,276850
20240112,11:00:31,2.1,1400,276850
20240112,11:00:32,2.1,50,276850
20240112,11:00:33,2.1,50,276850
20240112,11:00:36,2.1,50,276850
20240112,11:00:38,2.1,100,276850
20240112,11:00:39,2.1,50,276850
20240112,11:00:39,2.1,3600,276850
20240112,11:00:40,2.1,5450,276850
20240112,11:00:41,2.05,50,276850
20240112,11:00:43,2.05,100,276850
20240112,11:00:44,2.05,50,276850
20240112,11:00:45,2.05,200,276850
20240112,11:00:46,2.05,200,276850
20240112,11:00:47,2.05,200,276850
20240112,11:00:48,2.05,200,276850
20240112,11:00:50,2.1,1000,276850
20240112,11:00:56,2.1,100,276850
20240112,11:01:08,2.05,250,276850
20240112,11:01:12,2.1,250,276850
20240112,11:01:14,2.1,1050,276850
20240112,11:01:20,2.05,50,276850
20240112,11:01:40,2.1,50,276850
20240112,11:01:41,2.1,50,276850
20240112,11:01:42,2.1,50,276850
20240112,11:01:43,2.1,50,276850
20240112,11:01:44,2.1,50,276850
20240112,11:01:45,2.1,50,276850
20240112,11:01:46,2.1,50,276850
20240112,11:01:47,2.1,50,276850
20240112,11:01:48,2.1,50,276850
20240112,11:01:49,2.1,50,276850
20240112,11:01:50,2.1,50,276850
20240112,11:01:51,2.1,50,276850
20240112,11:02:03,2.1,50,276850
20240112,11:02:04,2.1,50,276850
20240112,11:02:08,2.1,50,276850
20240112,11:02:09,2.1,50,276850
20240112,11:02:10,2.1,1850,276850
20240112,11:02:21,2.1,2400,276850
20240112,11:02:24,2.05,4400,276850
20240112,11:02:26,2.1,1800,276850
20240112,11:02:27,2.1,50,276850
20240112,11:02:28,2.1,50,276850
20240112,11:02:29,2.1,2850,276850
20240112,11:02:36,2.1,50,276850
20240112,11:02:37,2.1,50,275100
20240112,11:02:38,2.1,50,275100
20240112,11:02:39,2.1,50,275100
20240112,11:02:40,2.1,50,275100
20240112,11:02:41,2.1,50,275100
20240112,11:02:42,2.1,50,275100
20240112,11:02:43,2.05,1650,275100
20240112,11:02:44,2.1,50,275100
20240112,11:02:45,2.1,50,275100
20240112,11:02:47,2.1,50,275100
20240112,11:02:51,2.1,50,275100
20240112,11:02:56,2.1,50,275100
20240112,11:02:57,2.1,50,275100
20240112,11:02:58,2.1,50,275100
20240112,11:02:59,2.1,50,275100
20240112,11:03:00,2.1,50,275100
20240112,11:03:01,2.1,50,275100
20240112,11:03:02,2.1,50,275100
20240112,11:03:03,2.05,150,275100
20240112,11:03:04,2.1,50,275100
20240112,11:03:05,2.1,50,275100
20240112,11:03:10,2.1,50,275100
20240112,11:03:11,2.1,50,275100
20240112,11:03:14,2.1,1800,275100
20240112,11:03:15,2.1,50,275100
20240112,11:03:22,2.1,1400,275100
20240112,11:03:59,2.15,1850,275100
20240112,11:04:06,2.15,50,275100
20240112,11:04:07,2.15,50,275100
20240112,11:04:08,2.15,50,275100
20240112,11:04:09,2.15,50,275100
20240112,11:04:10,2.15,50,275100
20240112,11:04:11,2.15,50,275100
20240112,11:04:12,2.15,50,275100
20240112,11:04:13,2.15,50,275100
20240112,11:04:14,2.15,50,275100
20240112,11:04:15,2.15,50,275100
20240112,11:04:16,2.15,50,275100
20240112,11:04:46,2.15,50,275100
20240112,11:04:48,2.15,50,275100
20240112,11:04:49,2.15,50,275100
20240112,11:05:01,2.15,3700,275100
20240112,11:05:22,2.15,50,275100
20240112,11:05:33,2.15,50,275100
20240112,11:05:35,2.15,50,285350
20240112,11:05:37,2.15,50,285350
20240112,11:05:39,2.15,100,285350
20240112,11:05:40,2.15,50,285350
20240112,11:05:41,2.15,50,285350
20240112,11:05:43,2.15,50,285350
20240112,11:05:46,2.15,2700,285350
20240112,11:06:23,2.15,9500,285350
20240112,11:07:55,2.15,100,285350
20240112,11:07:56,2.15,550,285350
20240112,11:07:59,2.1,750,285350
20240112,11:08:04,2.15,3000,285350
20240112,11:08:11,2.1,300,285350
20240112,11:08:13,2.1,1700,285350
20240112,11:08:15,2.1,5750,285350
20240112,11:08:16,2.1,1300,285350
20240112,11:08:17,2.1,250,285350
20240112,11:08:18,2.1,9050,285350
20240112,11:08:19,2.1,1800,285350
20240112,11:08:20,2.1,550,285350
20240112,11:08:21,2.15,3900,285350
20240112,11:08:22,2.1,3600,285350
20240112,11:08:24,2.15,50,285350
20240112,11:08:37,2.1,700,288400
20240112,11:08:49,2.1,1100,288400
20240112,11:09:01,2.15,150,288400
20240112,11:09:29,2.15,200,288400
20240112,11:09:49,2.15,1100,288400
20240112,11:10:08,2.1,50,288400
20240112,11:10:09,2.1,50,288400
20240112,11:10:10,2.1,50,288400
20240112,11:10:11,2.1,50,288400
20240112,11:10:41,2.15,1000,288400
20240112,11:10:53,2.1,50,288400
20240112,11:10:54,2.1,50,288400
20240112,11:10:55,2.1,50,288400
20240112,11:10:56,2.1,50,288400
20240112,11:10:57,2.1,50,288400
20240112,11:10:58,2.1,50,288400
20240112,11:10:59,2.1,50,288400
20240112,11:11:00,2.1,50,288400
20240112,11:11:01,2.1,50,288400
20240112,11:11:02,2.1,50,288400
20240112,11:11:03,2.1,200,288400
20240112,11:11:04,2.1,200,288400
20240112,11:11:06,2.1,100,288400
20240112,11:11:07,2.1,50,288400
20240112,11:11:08,2.1,200,288400
20240112,11:11:09,2.1,50,288400
20240112,11:11:10,2.1,100,288400
20240112,11:11:11,2.1,50,288400
20240112,11:11:12,2.1,50,288400
20240112,11:11:13,2.1,50,288400
20240112,11:11:14,2.1,50,288400
20240112,11:11:15,2.1,50,288400
20240112,11:11:16,2.1,50,288400
20240112,11:11:17,2.1,50,288400
20240112,11:11:18,2.1,200,288400
20240112,11:11:19,2.1,200,288400
20240112,11:11:21,2.1,4000,288400
20240112,11:11:33,2.05,50,288400
20240112,11:11:40,2.05,50,288400
20240112,11:11:41,2.1,50,285300
20240112,11:11:45,2.1,2000,285300
20240112,11:11:47,2.05,50,285300
20240112,11:11:51,2.05,50,285300
20240112,11:11:53,2.05,50,285300
20240112,11:11:54,2.05,50,285300
20240112,11:11:55,2.05,50,285300
20240112,11:11:56,2.05,50,285300
20240112,11:11:57,2.05,50,285300
20240112,11:11:58,2.05,50,285300
20240112,11:11:59,2.05,50,285300
20240112,11:12:00,2.05,50,285300
20240112,11:12:01,2.05,50,285300
20240112,11:12:02,2.05,50,285300
20240112,11:12:03,2.05,50,285300
20240112,11:12:04,2.05,50,285300
20240112,11:12:05,2.05,50,285300
20240112,11:12:06,2.05,50,285300
20240112,11:12:07,2.05,50,285300
20240112,11:12:08,2.05,50,285300
20240112,11:12:09,2.05,50,285300
20240112,11:12:10,2.05,50,285300
20240112,11:12:11,2.1,1850,285300
20240112,11:12:12,2.05,50,285300
20240112,11:12:13,2.05,50,285300
20240112,11:12:14,2.05,50,285300
20240112,11:12:15,2.05,50,285300
20240112,11:12:16,2.05,50,285300
20240112,11:12:17,2.05,50,285300
20240112,11:12:18,2.05,50,285300
20240112,11:12:19,2.05,200,285300
20240112,11:12:20,2.05,150,285300
20240112,11:12:21,2.05,50,285300
20240112,11:12:22,2.05,1700,285300
20240112,11:12:23,2.05,100,285300
20240112,11:12:24,2.05,850,285300
20240112,11:12:25,2.05,50,285300
20240112,11:12:26,2.05,50,285300
20240112,11:12:27,2.05,50,285300
20240112,11:12:28,2.05,50,285300
20240112,11:12:29,2.05,50,285300
20240112,11:12:36,2.05,850,285300
20240112,11:12:38,2.05,50,285300
20240112,11:12:39,2.05,2500,285300
20240112,11:12:43,2.0,50,285300
20240112,11:12:45,2.0,450,285300
20240112,11:12:58,2.0,800,285300
20240112,11:12:59,2.0,500,285300
20240112,11:13:10,2.05,50,285300
20240112,11:13:31,2.0,50,285300
20240112,11:13:32,2.0,50,285300
20240112,11:13:33,2.0,50,285300
20240112,11:13:35,2.0,50,285300
20240112,11:13:54,2.05,500,285300
20240112,11:14:41,2.05,50,280650
20240112,11:15:31,2.05,250,280650
20240112,11:15:38,2.0,50,280650
20240112,11:15:57,2.0,150,280650
20240112,11:15:59,2.05,50,280650
20240112,11:16:02,2.05,500,280650
20240112,11:16:45,2.05,50,280650
20240112,11:16:49,2.0,150,280650
20240112,11:16:51,2.0,1200,280650
20240112,11:17:02,2.0,50,280650
20240112,11:17:03,2.0,4750,280650
20240112,11:17:05,2.0,2500,280650
20240112,11:17:06,2.0,500,280650
20240112,11:17:07,2.0,300,280650
20240112,11:17:08,2.0,500,280650
20240112,11:17:09,2.0,100,280650
20240112,11:17:13,2.0,100,280650
20240112,11:17:19,2.0,50,280650
20240112,11:17:31,2.0,1750,280650
20240112,11:17:45,1.95,100,281250
20240112,11:17:49,2.0,800,281250
20240112,11:17:50,2.0,2400,281250
20240112,11:17:51,2.05,9600,281250
20240112,11:17:52,2.05,800,281250
20240112,11:18:04,2.0,1250,281250
20240112,11:18:48,2.0,400,281250
20240112,11:18:49,2.0,1000,281250
20240112,11:19:22,2.0,400,281250
20240112,11:19:35,2.0,1050,281250
20240112,11:19:39,2.0,950,281250
20240112,11:19:39,2.0,1400,281250
20240112,11:19:41,2.05,2400,281250
20240112,11:19:42,2.05,9000,281250
20240112,11:19:43,2.05,5400,281250
20240112,11:19:52,2.05,2600,281250
20240112,11:19:52,2.05,2000,281250
20240112,11:19:59,2.05,4550,281250
20240112,11:20:04,2.0,350,281250
20240112,11:20:11,2.0,300,281250
20240112,11:20:13,2.0,600,281250
20240112,11:20:23,2.05,2550,281250
20240112,11:20:24,2.0,800,281250
20240112,11:20:27,2.0,1850,281250
20240112,11:20:27,2.0,450,281250
20240112,11:20:29,2.0,400,281250
20240112,11:20:39,2.05,300,281250
20240112,11:20:44,2.0,50,285300
20240112,11:20:47,2.0,50,285300
20240112,11:20:48,2.05,1250,285300
20240112,11:20:53,2.0,600,285300
20240112,11:20:58,2.05,1800,285300
20240112,11:21:03,2.0,200,285300
20240112,11:21:09,2.0,600,285300
20240112,11:21:11,2.05,1450,285300
20240112,11:21:12,2.05,850,285300
20240112,11:21:12,2.05,50,285300
20240112,11:21:15,2.05,50,285300
20240112,11:21:19,2.05,50,285300
20240112,11:21:20,2.05,200,285300
20240112,11:21:21,2.05,250,285300
20240112,11:21:22,2.05,200,285300
20240112,11:21:23,2.05,200,285300
20240112,11:21:24,2.05,50,285300
20240112,11:21:27,2.05,50,285300
20240112,11:21:28,2.05,50,285300
20240112,11:21:29,2.05,50,285300
20240112,11:21:30,2.05,50,285300
20240112,11:21:31,2.05,50,285300
20240112,11:21:32,2.05,200,285300
20240112,11:21:33,2.05,200,285300
20240112,11:21:34,2.05,200,285300
20240112,11:21:36,2.05,50,285300
20240112,11:21:37,2.05,50,285300
20240112,11:21:38,2.05,50,285300
20240112,11:21:39,2.05,50,285300
20240112,11:21:40,2.05,50,285300
20240112,11:21:41,2.05,50,285300
20240112,11:21:43,2.05,100,285300
20240112,11:21:44,2.05,50,285300
20240112,11:21:45,2.05,50,285300
20240112,11:21:46,2.05,50,285300
20240112,11:21:47,2.05,50,285300
20240112,11:21:47,2.05,1800,285300
20240112,11:21:49,2.05,100,285300
20240112,11:21:50,2.05,50,285300
20240112,11:22:08,2.05,5600,285300
20240112,11:22:15,2.05,50,285300
20240112,11:22:45,2.1,300,285300
20240112,11:22:48,2.1,1000,285300
20240112,11:22:56,2.1,250,285300
20240112,11:22:57,2.1,150,285300
20240112,11:22:59,2.1,700,285300
20240112,11:23:03,2.1,550,285300
20240112,11:25:37,2.1,500,279050
20240112,11:25:40,2.1,2700,279050
20240112,11:25:53,2.1,300,279050
20240112,11:26:40,2.1,500,279050
20240112,11:27:20,2.05,50,278300
20240112,11:27:26,2.1,500,278300
20240112,11:28:09,2.05,750,278300
20240112,11:28:10,2.05,350,278300
20240112,11:28:29,2.1,1000,278300
20240112,11:28:30,2.1,2400,278300
20240112,11:29:06,2.1,250,278300
20240112,11:29:07,2.15,1150,278300
20240112,11:29:22,2.1,150,278300
20240112,11:30:07,2.1,50,278300
20240112,11:30:20,2.15,100,279550
20240112,11:30:56,2.1,500,279550
20240112,11:31:02,2.1,500,279550
20240112,11:31:19,2.1,750,279550
20240112,11:31:31,2.1,450,279550
20240112,11:31:31,2.1,400,279550
20240112,11:31:35,2.1,50,279550
20240112,11:31:38,2.1,500,279550
20240112,11:31:42,2.1,5550,279550
20240112,11:31:45,2.1,250,279550
20240112,11:31:49,2.1,350,279550
20240112,11:31:55,2.1,300,279550
20240112,11:31:57,2.1,400,279550
20240112,11:32:02,2.1,1500,279550
20240112,11:32:03,2.1,50,279550
20240112,11:32:07,2.1,50,279550
20240112,11:32:10,2.1,800,279550
20240112,11:32:12,2.1,450,279550
20240112,11:32:25,2.1,350,279550
20240112,11:32:27,2.1,250,279550
20240112,11:32:29,2.1,950,279550
20240112,11:32:30,2.15,400,279550
20240112,11:32:38,2.1,50,279550
20240112,11:32:42,2.1,1050,272100
20240112,11:32:43,2.15,150,272100
20240112,11:32:46,2.1,50,272100
20240112,11:33:06,2.15,50,272100
20240112,11:33:40,2.1,50,272100
20240112,11:34:09,2.15,500,272100
20240112,11:34:17,2.15,50,272100
20240112,11:34:30,2.1,350,272100
20240112,11:34:32,2.1,1700,272100
20240112,11:34:52,2.15,200,272100
20240112,11:36:06,2.1,500,272100
20240112,11:36:13,2.1,50,270600
20240112,11:36:21,2.1,50,270600
20240112,11:36:29,2.1,50,270600
20240112,11:36:38,2.1,200,270600
20240112,11:36:39,2.1,50,270600
20240112,11:36:49,2.1,50,270600
20240112,11:37:00,2.1,200,270600
20240112,11:37:03,2.1,50,270600
20240112,11:37:08,2.1,100,270600
20240112,11:37:16,2.1,50,270600
20240112,11:37:30,2.15,1450,270600
20240112,11:37:37,2.1,3400,270600
20240112,11:37:47,2.1,1800,270600
20240112,11:37:50,2.1,50,270600
20240112,11:37:52,2.1,50,270600
20240112,11:38:04,2.1,500,270600
20240112,11:38:17,2.1,450,270600
20240112,11:38:18,2.1,50,270600
20240112,11:38:20,2.1,50,270600
20240112,11:38:22,2.1,50,270600
20240112,11:38:23,2.1,50,270600
20240112,11:38:24,2.1,50,270600
20240112,11:38:25,2.1,50,270600
20240112,11:38:26,2.1,50,270600
20240112,11:38:27,2.1,50,270600
20240112,11:38:28,2.1,50,270600
20240112,11:38:29,2.1,1850,270600
20240112,11:38:33,2.1,100,270600
20240112,11:38:37,2.1,50,270600
20240112,11:38:42,2.1,1500,269600
20240112,11:38:43,2.1,5500,269600
20240112,11:38:45,2.1,2450,269600
20240112,11:39:10,2.1,50,269600
20240112,11:39:12,2.1,50,269600
20240112,11:39:13,2.1,50,269600
20240112,11:39:15,2.1,50,269600
20240112,11:39:16,2.1,50,269600
20240112,11:39:20,2.1,50,269600
20240112,11:39:24,2.1,50,269600
20240112,11:39:27,2.1,50,269600
20240112,11:39:29,2.1,50,269600
20240112,11:39:31,2.1,50,269600
20240112,11:39:32,2.1,50,269600
20240112,11:39:33,2.1,50,269600
20240112,11:39:35,2.1,50,269600
20240112,11:39:39,2.1,50,269600
20240112,11:39:40,2.1,50,269600
20240112,11:39:42,2.1,50,269600
20240112,11:39:43,2.1,50,269600
20240112,11:39:45,2.1,50,269600
20240112,11:39:46,2.1,50,269600
20240112,11:39:58,2.1,50,269600
20240112,11:40:07,2.15,6000,269600
20240112,11:40:24,2.1,500,269600
20240112,11:40:57,2.1,1500,269600
20240112,11:41:07,2.1,500,269600
20240112,11:41:18,2.1,250,269600
20240112,11:41:39,2.1,50,269600
20240112,11:41:41,2.15,50,275100
20240112,11:41:42,2.15,50,275100
20240112,11:41:43,2.15,50,275100
20240112,11:41:44,2.15,50,275100
20240112,11:41:45,2.15,50,275100
20240112,11:41:46,2.15,300,275100
20240112,11:41:47,2.15,50,275100
20240112,11:41:50,2.15,50,275100
20240112,11:41:51,2.15,50,275100
20240112,11:41:56,2.1,50,275100
20240112,11:41:58,2.15,50,275100
20240112,11:42:02,2.15,50,275100
20240112,11:42:04,2.1,250,275100
20240112,11:42:08,2.15,50,275100
20240112,11:42:15,2.1,50,275100
20240112,11:42:20,2.1,1050,275100
20240112,11:42:26,2.15,50,275100
20240112,11:42:29,2.15,50,275100
20240112,11:42:31,2.15,50,275100
20240112,11:42:32,2.15,50,275100
20240112,11:42:33,2.15,50,275100
20240112,11:42:35,2.15,50,275100
20240112,11:42:37,2.15,50,275100
20240112,11:42:39,2.15,50,275100
20240112,11:42:41,2.15,50,275100
20240112,11:42:42,2.15,50,275100
20240112,11:42:47,2.15,50,275100
20240112,11:42:49,2.15,50,275100
20240112,11:42:50,2.15,50,275100
20240112,11:42:53,2.15,50,275100
