date,time,tick_price,volume,open_interest
20231212,13:08:39,22.15,50,50
20231212,13:26:25,36.95,50,50
20231212,13:27:02,37.15,100,50
20231213,10:19:44,42.0,1,200
20231213,10:19:44,42.0,500,200
20231213,11:04:20,38.95,50,700
20231213,11:50:07,38.95,50,700
20231213,12:58:49,38.0,50,700
20231213,13:20:41,37.8,50,700
20231213,13:23:44,37.8,450,700
20231213,13:54:28,35.0,100,1150
20231213,13:57:50,35.25,500,1050
20231214,12:54:22,23.1,1,550
20231214,12:54:22,23.1,100,550
20231214,12:56:44,23.0,100,550
20231214,13:17:27,22.95,50,450
20231214,13:18:11,22.95,100,450
20231214,13:18:21,22.95,100,550
20231214,13:34:27,23.3,100,400
20231214,14:25:46,23.55,100,500
20231215,09:54:05,21.4,1,500
20231215,09:54:05,21.4,300,500
20231215,10:03:39,21.0,50,500
20231215,10:03:48,21.0,50,800
20231215,10:04:40,21.0,50,800
20231215,10:05:06,21.3,100,800
20231215,10:08:28,21.5,250,1050
20231215,10:14:48,21.85,50,1300
20231215,10:39:42,22.45,50,1350
20231215,10:49:22,22.45,50,1300
20231215,10:58:42,22.2,50,1300
20231215,13:46:00,17.05,50,1350
20231220,11:45:28,15.4,1,1350
20231220,11:45:28,15.4,50,1350
20231222,13:14:44,12.15,1,1300
20231222,13:14:44,12.15,100,1300
20231222,13:15:32,18.7,100,1400
20231222,13:15:40,18.7,100,1400
20231222,13:16:28,18.0,100,1400
20231222,13:16:37,18.35,100,1400
20231222,13:16:45,18.0,1150,1400
20231222,13:17:01,18.0,250,1400
20231222,13:19:45,18.0,100,2450
20231222,13:20:41,17.7,100,2450
20231222,13:31:02,17.75,100,2250
20231222,13:31:10,17.75,50,2250
20231222,13:32:40,18.3,100,2250
20231222,13:40:25,19.1,50,2200
20231222,13:41:45,19.1,200,2200
20231222,14:44:28,19.1,50,2200
20231222,14:59:10,19.1,100,2250
20231222,15:07:32,16.85,50,2350
20231222,15:21:17,17.7,150,2350
20231226,09:15:18,17.95,1,2400
20231226,09:15:18,17.95,50,2400
20231226,09:16:34,17.8,50,2400
20231226,09:19:18,9.05,50,2450
20231226,09:32:40,9.05,150,2400
20231226,09:33:06,16.15,50,2550
20231226,09:40:33,16.4,50,2550
20231226,09:42:46,12.9,50,2600
20231226,09:55:38,13.1,50,2550
20231226,10:41:12,14.05,50,2500
20231226,10:44:07,17.45,50,2550
20231226,11:54:33,16.5,50,2600
20231226,11:56:49,14.85,50,2600
20231226,12:15:39,14.85,50,2650
20231226,12:17:53,14.65,400,2650
20231226,12:18:48,14.65,100,3050
20231226,12:59:51,14.65,50,3150
20231226,14:02:47,14.6,100,3150
20231226,14:12:12,14.6,250,3250
20231226,14:17:14,15.5,50,3500
20231226,14:57:30,15.4,50,3550
20231226,15:17:28,12.35,50,3600
20231226,15:18:29,13.35,50,3600
20231227,10:45:44,12.85,1,3650
20231227,10:45:44,12.85,50,3650
20231227,10:48:22,10.2,50,3650
20231227,13:16:01,10.2,100,3600
20231227,13:16:27,10.2,200,3600
20231227,14:16:30,10.55,50,3400
20231227,14:16:39,10.55,50,3400
20231227,14:17:04,10.5,150,3400
20231227,14:17:13,10.5,150,3400
20231227,14:18:37,10.5,50,3300
20231227,14:24:14,10.5,500,3300
20231227,14:28:38,10.5,850,3300
20231227,14:30:29,10.15,950,3300
20231227,15:09:29,10.15,100,4150
20231227,15:09:38,10.85,100,4250
20231227,15:15:08,10.5,150,4150
20231227,15:21:51,10.5,50,4200
20231227,15:24:55,11.45,50,4200
20231228,09:19:28,10.95,1,4250
20231228,09:19:28,10.95,50,4250
20231228,09:23:29,13.9,500,4250
20231228,09:23:49,13.9,100,4250
20231228,09:46:51,10.2,50,4650
20231228,09:47:18,10.1,50,4650
20231228,10:03:03,9.05,50,4650
20231228,11:22:21,9.05,150,4600
20231228,11:26:38,9.75,100,4750
20231228,12:32:24,9.75,100,4650
20231228,14:48:45,8.4,50,4650
20231228,14:48:57,7.9,1150,4650
20231228,14:51:16,7.85,100,4650
20231228,14:56:23,7.7,100,3650
20231228,14:57:34,7.4,400,3650
20231228,15:00:15,7.3,550,3650
20231228,15:00:34,7.0,1250,3650
20231228,15:00:53,7.0,700,4350
20231228,15:01:12,7.2,100,4350
20231228,15:01:49,7.2,250,4350
20231228,15:04:31,7.15,100,5400
20231228,15:05:26,7.15,100,5400
20231228,15:05:37,7.1,100,5400
20231228,15:08:22,6.75,1200,5350
20231228,15:08:59,6.75,250,5350
20231228,15:09:08,6.8,100,5350
20231228,15:09:37,6.8,250,5350
20231228,15:10:07,6.75,50,7000
20231228,15:10:45,6.75,150,7000
20231228,15:14:09,6.5,100,7050
20231228,15:17:02,6.3,100,7100
20231228,15:21:20,6.15,100,7100
20231228,15:24:16,5.7,50,7100
20231228,15:25:11,5.7,50,7100
20231229,09:15:37,5.0,1,7100
20231229,09:15:37,5.0,100,7100
20231229,09:19:15,6.45,950,7200
20231229,09:19:33,6.45,50,7200
20231229,09:20:05,6.35,100,7200
20231229,09:21:45,6.5,100,8250
20231229,09:21:52,6.5,250,8250
20231229,09:21:58,6.35,300,8250
20231229,09:22:04,6.35,250,8250
20231229,09:22:36,6.35,200,8250
20231229,09:22:42,6.3,50,8250
20231229,09:25:46,6.1,2250,8250
20231229,09:25:52,6.05,150,7500
20231229,09:25:59,6.05,100,7500
20231229,09:26:05,6.05,350,7500
20231229,09:26:42,6.05,100,10000
20231229,09:26:56,6.0,250,10000
20231229,09:27:03,6.05,750,10000
20231229,09:27:10,6.05,200,10000
20231229,09:27:22,6.0,50,10000
20231229,09:27:28,6.0,50,10000
20231229,09:27:35,6.0,500,10000
20231229,09:27:48,6.05,100,10000
20231229,09:27:54,6.05,200,10000
20231229,09:28:00,6.05,200,10000
20231229,09:28:07,6.1,50,10000
20231229,09:28:13,6.1,250,10000
20231229,09:28:20,6.1,200,10000
20231229,09:28:27,6.1,100,10000
20231229,09:28:33,6.1,50,10000
20231229,09:28:46,6.05,250,10000
20231229,09:28:52,6.05,250,10000
20231229,09:28:58,6.05,300,10000
20231229,09:29:05,6.05,50,10000
20231229,09:29:17,6.05,100,13500
20231229,09:29:30,6.15,50,13500
20231229,09:29:36,6.15,350,13500
20231229,09:29:42,6.2,200,13500
20231229,09:29:49,6.2,200,13500
20231229,09:29:55,6.2,100,13500
20231229,09:30:02,6.2,100,13500
20231229,09:30:09,6.25,50,13500
20231229,09:30:16,6.25,450,13500
20231229,09:30:22,6.25,150,13500
20231229,09:30:35,6.2,150,13500
20231229,09:30:41,6.15,150,13500
20231229,09:30:48,6.15,150,13500
20231229,09:31:15,6.05,200,13500
20231229,09:31:29,6.0,50,13500
20231229,09:31:50,6.15,250,13500
20231229,09:32:16,6.05,100,15250
20231229,09:32:41,6.05,50,15250
20231229,09:33:22,6.05,50,15250
20231229,09:33:35,6.05,50,15250
20231229,09:34:41,5.95,100,15250
20231229,09:34:49,6.0,300,15250
20231229,09:38:41,5.95,300,15700
20231229,09:38:48,5.95,150,15700
20231229,09:38:55,6.0,50,15700
20231229,09:39:09,6.0,100,15700
20231229,09:40:16,5.9,150,15700
20231229,09:40:23,5.9,50,15700
20231229,09:40:37,5.9,50,15700
20231229,09:40:59,5.9,50,15700
20231229,09:41:07,5.9,50,15700
20231229,09:43:35,5.7,100,16650
20231229,09:43:54,5.6,150,16650
20231229,09:44:06,5.55,200,16650
20231229,09:44:24,5.55,200,16850
20231229,09:49:27,5.4,50,16950
20231229,09:49:33,5.45,50,16950
20231229,09:49:39,5.5,50,16950
20231229,09:50:29,5.45,50,17100
20231229,09:51:37,5.45,50,17100
20231229,09:52:09,5.55,1250,17100
20231229,09:52:15,5.4,50,17100
20231229,09:53:14,5.35,50,17100
20231229,09:54:14,5.35,50,17100
20231229,09:54:35,5.3,50,17100
20231229,09:54:56,5.25,50,17100
20231229,09:55:45,5.25,50,17100
20231229,09:56:55,5.25,50,17250
20231229,09:58:27,5.25,300,17250
20231229,09:58:46,5.2,100,17250
20231229,10:07:52,5.65,600,17200
20231229,10:08:32,5.2,300,17500
20231229,10:08:39,5.15,100,17500
20231229,10:09:09,5.25,500,17500
20231229,10:10:16,5.15,100,17500
20231229,10:12:28,5.05,250,17400
20231229,10:12:35,5.0,250,17400
20231229,10:12:54,5.0,300,17400
20231229,10:13:19,5.05,200,17400
20231229,10:13:32,5.05,250,17400
20231229,10:13:58,5.05,300,17400
20231229,10:14:04,5.05,200,17400
20231229,10:14:38,5.1,100,17600
20231229,10:14:44,5.1,400,17600
20231229,10:15:06,5.05,50,17600
20231229,10:16:20,5.0,50,17600
20231229,10:16:52,5.05,50,17600
20231229,10:16:59,5.05,150,17600
20231229,10:17:06,5.0,250,17600
20231229,10:17:25,5.05,100,18650
20231229,10:17:32,5.05,100,18650
20231229,10:18:10,5.0,100,18650
20231229,10:18:16,5.0,50,18650
20231229,10:18:23,5.0,150,18650
20231229,10:20:38,5.05,100,19150
20231229,10:20:49,5.05,200,19150
20231229,10:20:54,5.05,350,19150
20231229,10:28:07,5.65,50,18650
20231229,10:40:01,5.55,150,16850
20231229,11:19:22,5.55,50,16850
20231229,11:26:07,5.2,100,16900
20231229,11:32:29,5.2,50,17000
20231229,11:32:38,5.2,50,17000
20231229,11:32:41,5.2,100,17000
20231229,11:34:28,5.2,50,17000
20231229,11:34:32,5.2,150,17000
20231229,11:43:28,5.4,400,17300
20231229,11:48:57,5.35,550,17300
20231229,11:49:58,5.35,300,17300
20231229,11:50:02,5.35,200,17300
20231229,11:50:17,5.35,200,17300
20231229,11:51:39,5.4,50,17350
20231229,11:51:44,5.35,150,17350
20231229,11:51:50,5.4,1650,17350
20231229,11:52:00,5.4,50,17350
20231229,11:52:08,5.4,150,17350
20231229,11:52:14,5.4,300,17350
20231229,11:52:24,5.4,50,17350
20231229,11:52:27,5.4,100,17350
20231229,11:52:29,5.4,50,17350
20231229,11:52:32,5.4,100,17350
20231229,11:52:34,5.4,50,17350
20231229,11:52:39,5.4,150,17350
20231229,11:52:48,5.4,50,17350
20231229,11:53:03,5.4,100,17350
20231229,11:53:24,5.4,300,17350
20231229,11:53:27,5.4,300,17350
20231229,11:55:08,5.45,550,18550
20231229,11:55:23,5.45,50,18550
20231229,11:55:34,5.45,850,18550
20231229,11:55:39,5.45,350,18550
20231229,11:57:07,5.4,150,17900
20231229,11:57:28,5.4,50,17900
20231229,11:57:33,5.4,100,17900
20231229,11:57:38,5.4,250,17900
20231229,11:57:43,5.4,50,17900
20231229,11:57:52,5.4,50,17900
20231229,11:57:57,5.4,100,17900
20231229,11:58:02,5.4,100,17900
20231229,11:58:07,5.4,100,17900
20231229,11:58:16,5.4,50,17900
20231229,11:58:25,5.4,200,17900
20231229,11:58:30,5.4,400,17900
20231229,12:00:47,5.4,200,18500
20231229,12:01:52,5.3,1200,18500
20231229,12:01:55,5.3,950,18500
20231229,12:01:58,5.25,200,18500
20231229,12:02:01,5.25,150,18500
20231229,12:02:04,5.2,450,18500
20231229,12:02:13,5.2,50,18500
20231229,12:07:01,5.1,150,15900
20231229,12:07:03,5.1,50,15900
20231229,12:07:06,5.1,150,15900
20231229,12:07:35,5.15,50,15900
20231229,12:07:38,5.15,50,15900
20231229,12:08:04,5.1,300,15900
20231229,12:08:06,5.1,150,15900
20231229,12:09:24,5.1,300,16600
20231229,12:09:32,5.1,150,16600
20231229,12:09:35,5.1,100,16600
20231229,12:09:39,5.1,600,16600
20231229,12:09:42,5.1,50,16600
20231229,12:09:44,5.1,100,16600
20231229,12:13:42,5.15,150,18700
20231229,12:13:44,5.15,150,18700
20231229,12:13:49,5.15,50,18700
20231229,12:13:51,5.15,50,18700
20231229,12:13:54,5.15,50,18700
20231229,12:13:57,5.15,100,18700
20231229,12:23:29,5.15,200,16450
20231229,12:23:40,5.2,200,15900
20231229,12:23:51,5.15,200,15900
20231229,12:29:55,5.2,250,15900
20231229,12:30:10,5.25,400,15900
20231229,12:36:15,5.35,100,15250
20231229,12:39:09,5.35,100,15250
20231229,12:39:15,5.35,100,15250
20231229,12:39:45,5.4,250,15250
20231229,12:39:51,5.35,200,15250
20231229,12:42:26,5.25,200,15150
20231229,12:48:49,5.3,200,15150
20231229,12:48:52,5.25,100,15150
20231229,13:03:27,5.2,50,15250
20231229,13:04:04,5.15,100,15250
20231229,13:16:59,5.1,200,15400
20231229,13:20:08,5.05,100,15600
20231229,13:22:44,5.1,100,15600
20231229,13:28:58,5.15,250,15550
20231229,13:30:00,5.15,250,15550
20231229,13:32:14,5.1,100,15550
20231229,13:36:00,5.1,450,15500
20231229,14:12:09,5.1,100,15250
20231229,14:12:20,5.05,50,15250
20231229,14:12:23,5.05,50,15250
20231229,14:12:51,4.95,100,15250
20231229,14:16:16,4.95,400,15300
20231229,14:35:03,4.95,100,15300
20231229,14:35:32,4.9,50,15300
20231229,14:45:49,4.9,50,15250
20231229,14:52:40,4.8,50,15250
20231229,15:05:51,4.7,50,15250
20231229,15:10:27,4.65,50,15250
20231229,15:11:58,4.65,1100,15250
20231229,15:12:02,4.7,50,15250
20231229,15:12:32,4.7,50,15250
20231229,15:17:51,4.65,250,15300
20231229,15:19:29,4.65,250,15550
20231229,15:20:12,4.6,50,15550
20231229,15:20:18,4.55,50,15550
20231229,15:23:53,4.55,950,15850
20231229,15:23:57,4.45,100,15850
20231229,15:24:47,4.45,950,16850
20231229,15:27:41,4.45,300,16850
20240101,09:21:07,4.7,1,16850
20240101,09:21:07,4.7,300,16850
20240101,09:21:14,4.7,50,16850
20240101,09:22:37,4.55,100,16850
20240101,09:44:15,4.25,150,17200
20240101,09:44:42,3.95,50,17350
20240101,09:45:17,3.95,100,17350
20240101,11:04:22,3.95,50,17250
20240101,12:31:34,3.15,50,17250
20240101,12:31:38,3.15,150,17250
20240101,12:35:29,3.5,50,17100
20240101,12:39:09,3.45,100,17100
20240101,12:44:59,3.55,50,17100
20240101,13:02:31,3.5,1050,17050
20240101,13:05:03,3.5,250,17050
20240101,13:05:19,3.5,250,16250
20240101,13:07:29,3.55,250,15750
20240101,13:12:37,3.5,250,15750
20240101,13:20:58,3.3,50,16000
20240101,13:31:17,2.7,1850,15950
20240101,13:31:21,3.25,100,15950
20240101,13:31:29,3.15,1000,15950
20240101,13:33:25,3.25,200,16150
20240101,13:39:13,3.25,250,16150
20240101,13:43:24,3.3,200,16400
20240101,13:50:43,3.35,100,16500
20240101,13:57:44,3.4,100,16400
20240101,14:05:14,3.6,250,16300
20240101,14:05:26,3.6,50,16300
20240101,14:06:16,3.55,200,16600
20240101,14:08:37,3.6,1200,16600
20240101,14:11:12,3.6,250,17800
20240101,14:11:58,3.6,550,17800
20240101,14:12:34,3.6,250,18300
20240101,14:14:22,3.6,300,18300
20240101,14:16:44,3.5,100,18850
20240101,14:17:13,3.6,250,18850
20240101,14:17:23,3.6,250,18850
20240101,14:17:38,3.6,100,18850
20240101,14:18:27,3.6,150,18950
20240101,14:20:10,3.75,500,18950
20240101,14:21:12,3.75,100,18950
20240101,14:22:56,3.8,100,18950
20240101,14:57:16,3.5,350,18750
20240101,15:05:33,3.8,200,18750
20240101,15:25:45,3.45,200,18550
20240101,15:28:06,3.25,100,18350
20240102,09:15:51,3.8,1,18350
20240102,09:15:51,3.8,50,18350
20240102,09:16:33,3.8,300,18350
20240102,09:16:50,3.8,50,18350
20240102,09:28:35,3.1,1000,18350
20240102,09:29:10,3.1,50,18350
20240102,09:34:04,3.1,250,18550
20240102,09:45:10,3.15,750,18550
20240102,09:52:00,3.1,400,17850
20240102,09:52:20,3.1,250,17850
20240102,09:52:30,3.1,100,17850
20240102,09:52:41,3.1,500,17850
20240102,09:53:11,3.1,100,17850
20240102,09:54:35,3.1,100,17600
20240102,09:55:21,3.1,50,17600
20240102,09:56:11,3.1,50,17600
20240102,09:56:50,3.2,550,17500
20240102,09:57:17,3.3,600,17500
20240102,09:58:17,3.25,50,17500
20240102,09:58:29,3.25,50,17500
20240102,10:00:33,3.2,200,16950
20240102,10:00:56,3.25,100,16950
20240102,10:01:07,3.25,50,16950
20240102,10:01:18,3.3,200,16950
20240102,10:01:29,3.2,100,16950
20240102,10:02:35,3.15,50,16950
20240102,10:03:09,3.15,50,16500
20240102,10:04:41,3.15,200,16500
20240102,10:05:26,3.15,50,16500
20240102,10:06:10,3.1,100,16550
20240102,10:07:20,3.1,50,16550
20240102,10:10:19,3.2,250,16450
20240102,10:12:19,3.2,50,16700
20240102,10:12:40,3.2,50,16700
20240102,10:12:52,3.2,300,16700
20240102,10:13:47,3.25,100,16700
20240102,10:15:41,3.25,50,17000
20240102,10:16:42,3.25,50,17000
20240102,10:32:11,3.2,50,16950
20240102,10:32:21,3.2,50,16950
20240102,10:36:32,3.3,100,16850
20240102,10:37:18,3.45,100,16850
20240102,10:37:59,3.45,250,16850
20240102,10:38:09,3.45,250,16850
20240102,10:38:46,3.45,50,16750
20240102,10:38:56,3.45,50,16750
20240102,10:39:08,3.45,150,16750
20240102,10:39:18,3.45,300,16750
20240102,10:41:04,3.6,50,16750
20240102,10:41:43,3.55,100,16950
20240102,10:42:54,3.3,100,16950
20240102,10:47:56,3.3,50,17050
20240102,10:49:02,3.15,50,17050
20240102,10:56:50,3.2,50,17100
20240102,10:57:21,3.2,50,17100
20240102,10:57:40,3.2,50,17100
20240102,11:00:04,3.1,50,17050
20240102,11:02:19,3.15,50,17050
20240102,11:07:10,3.1,50,17100
20240102,11:24:32,3.1,100,17100
20240102,11:24:40,3.1,300,17100
20240102,11:25:05,3.1,200,17100
20240102,11:46:13,3.4,50,16950
20240102,13:04:06,3.3,50,16950
20240102,13:21:58,3.35,50,16900
20240102,13:38:06,3.3,50,16900
20240102,13:40:01,3.3,50,16850
20240102,13:40:12,3.3,50,16850
20240102,13:53:33,3.35,50,16800
20240102,13:55:23,3.35,50,16800
20240102,14:04:43,3.25,50,16800
20240102,14:09:22,3.25,50,16800
20240102,14:09:27,3.25,50,16800
20240102,14:11:49,3.25,50,16800
20240102,14:12:00,3.25,50,16800
20240102,14:15:14,3.25,50,16900
20240102,14:16:05,3.25,50,16900
20240102,14:34:04,3.2,50,16850
20240102,14:35:01,3.2,50,16850
20240102,14:36:54,3.15,50,16900
20240102,14:37:12,3.2,50,16900
20240102,15:03:59,2.95,50,16950
20240102,15:04:08,2.95,50,16950
20240102,15:26:02,2.95,50,17000
20240102,15:27:19,2.65,250,17000
20240102,15:27:27,2.65,50,16800
20240103,09:24:52,3.65,1,16800
20240103,09:24:52,3.65,50,16800
20240103,09:25:45,2.75,50,16800
20240103,09:32:27,2.75,100,16800
20240103,09:33:24,3.3,50,16800
20240103,09:34:43,2.85,50,16800
20240103,09:38:38,3.3,50,16850
20240103,09:52:07,2.85,1250,16900
20240103,10:03:22,3.0,50,18050
20240103,10:06:14,3.15,50,18050
20240103,10:17:29,3.05,350,18050
20240103,10:29:43,2.95,150,18250
20240103,10:32:42,2.3,400,18250
20240103,10:32:47,2.9,100,18200
20240103,10:32:52,2.85,100,18200
20240103,10:36:56,2.8,150,18200
20240103,10:38:49,2.75,100,18050
20240103,10:39:03,2.7,50,18050
20240103,10:40:48,3.2,2500,18050
20240103,10:41:04,2.85,150,18050
20240103,10:41:14,2.9,1400,18050
20240103,10:41:33,2.9,250,18050
20240103,10:46:16,2.8,50,19850
20240103,10:48:59,2.8,50,19900
20240103,10:51:21,2.8,100,19800
20240103,10:51:25,2.8,50,19800
20240103,10:51:53,2.8,50,19800
20240103,10:52:03,2.75,50,19800
20240103,10:53:53,2.75,50,19300
20240103,10:55:14,2.25,2700,19300
20240103,10:55:32,2.7,50,19300
20240103,10:56:09,2.75,200,19300
20240103,10:56:31,2.8,700,19300
20240103,10:57:50,2.7,100,17350
20240103,10:57:54,2.7,100,17350
20240103,10:59:09,2.65,50,17350
20240103,11:02:11,2.65,50,17500
20240103,11:04:56,2.7,100,17200
20240103,11:06:12,2.6,200,17100
20240103,11:06:16,2.65,50,17100
20240103,11:10:53,2.45,200,17200
20240103,11:11:30,2.6,150,17200
20240103,11:48:34,2.5,50,17000
20240103,11:52:12,2.6,250,16950
20240103,11:52:59,2.55,50,16950
20240103,11:54:52,2.55,50,16750
20240103,12:05:41,2.55,50,16700
20240103,12:08:40,2.55,50,16650
20240103,12:11:17,2.6,200,16650
20240103,12:11:25,2.65,50,16650
20240103,12:11:38,2.7,400,16650
20240103,12:11:56,2.6,400,16650
20240103,12:12:17,2.65,100,16800
20240103,12:12:32,2.65,50,16800
20240103,12:13:35,2.65,50,16800
20240103,12:18:12,2.7,400,17000
20240103,12:18:22,2.7,300,17000
20240103,12:18:27,2.7,50,17000
20240103,12:18:32,2.7,100,17000
20240103,12:18:37,2.7,50,17000
20240103,12:19:20,2.7,50,17000
20240103,12:24:23,2.75,50,17950
20240103,12:24:29,2.8,300,17950
20240103,12:24:35,2.7,50,17950
20240103,12:24:46,2.75,100,17950
20240103,12:24:52,2.75,50,17950
20240103,12:25:05,2.8,50,17950
20240103,12:25:35,2.8,100,17950
20240103,12:25:41,2.8,100,17950
20240103,12:27:04,2.85,150,17750
20240103,12:31:49,2.8,50,17800
20240103,12:32:08,2.8,50,17800
20240103,12:32:27,2.85,100,17800
20240103,12:34:01,3.0,300,16050
20240103,12:34:42,2.95,50,16050
20240103,12:35:39,2.95,50,16050
20240103,12:38:36,2.95,50,16250
20240103,12:39:13,2.95,50,16250
20240103,12:50:56,2.9,500,16250
20240103,12:51:21,2.65,150,16650
20240103,12:51:40,2.65,50,16650
20240103,12:58:29,2.6,100,16500
20240103,13:05:15,2.6,600,16550
20240103,13:05:21,2.6,700,16550
20240103,13:05:27,2.6,50,16550
20240103,13:18:12,2.55,100,16600
20240103,13:20:29,2.5,100,16600
20240103,13:25:30,2.55,250,16800
20240103,13:26:00,2.6,350,16800
20240103,13:26:07,2.6,50,16800
20240103,13:26:37,2.65,600,16800
20240103,13:27:16,2.7,550,17600
20240103,13:27:41,2.7,1800,17600
20240103,13:28:42,2.75,1800,17600
20240103,13:30:28,2.65,50,21550
20240103,13:31:28,2.65,50,21550
20240103,13:38:46,2.65,50,21500
20240103,13:40:17,2.65,50,21450
20240103,13:45:28,2.65,50,21450
20240103,13:47:40,2.55,50,21400
20240103,13:49:54,2.55,50,21450
20240103,13:51:03,2.65,50,21450
20240103,13:55:43,2.7,150,21400
20240103,13:55:47,2.65,1100,21400
20240103,13:57:05,2.65,50,21400
20240103,13:57:09,2.65,50,21400
20240103,13:57:13,2.65,50,22550
20240103,13:57:17,2.65,50,22550
20240103,13:57:25,2.65,50,22550
20240103,14:06:27,2.65,450,22550
20240103,14:06:31,2.65,200,22550
20240103,14:07:44,2.7,50,22550
20240103,14:09:00,2.7,250,22550
20240103,14:10:10,2.7,50,22250
20240103,14:11:09,2.75,250,22250
20240103,14:13:55,2.75,400,22250
20240103,14:15:02,2.7,50,22250
20240103,14:15:07,2.7,50,22250
20240103,14:15:30,2.65,50,22050
20240103,14:16:16,2.65,650,22050
20240103,14:20:17,2.7,50,22050
20240103,14:21:22,2.6,50,22000
20240103,14:21:50,2.6,150,22000
20240103,14:27:11,2.6,50,21950
20240103,14:27:35,2.65,150,21950
20240103,14:27:57,2.6,50,21950
20240103,14:30:46,2.6,100,21850
20240103,14:30:50,2.6,50,21850
20240103,14:31:28,2.65,150,21850
20240103,14:33:41,2.45,150,21700
20240103,14:37:11,2.65,200,21800
20240103,14:40:15,2.55,50,22000
20240103,14:40:30,2.55,100,22000
20240103,14:42:03,2.5,50,22000
20240103,14:42:46,2.5,50,21850
20240103,14:44:47,2.55,200,21850
20240103,14:47:33,2.45,100,21900
20240103,14:48:23,2.4,100,22000
20240103,14:48:26,2.4,100,22000
20240103,14:49:25,2.45,50,22000
20240103,14:51:56,2.4,50,22150
20240103,14:52:12,2.35,100,22150
20240103,14:53:17,2.35,50,22150
20240103,14:53:22,2.35,100,22150
20240103,14:53:32,2.35,50,22150
20240103,14:56:54,2.35,50,22450
20240103,14:57:31,2.4,100,22450
20240103,14:58:35,2.35,50,22450
20240103,14:58:48,2.45,1200,22450
20240103,14:58:56,2.4,50,22450
20240103,14:59:01,2.4,1050,22450
20240103,14:59:22,2.4,350,22450
20240103,15:02:28,2.3,900,22200
20240103,15:03:04,2.25,50,22200
20240103,15:03:10,2.3,300,22200
20240103,15:05:55,2.3,1400,21250
20240103,15:06:07,2.25,150,21250
20240103,15:07:04,2.2,100,22800
20240103,15:08:24,2.2,50,22800
20240103,15:08:36,2.3,50,22800
20240103,15:09:22,2.2,50,22800
20240103,15:09:38,2.25,50,22700
20240103,15:10:01,2.25,50,22700
20240103,15:11:01,2.3,50,22700
20240103,15:11:31,2.3,100,22700
20240103,15:12:09,2.3,350,22700
20240103,15:13:28,2.35,50,22800
20240103,15:13:37,2.35,100,22800
20240103,15:15:15,2.25,50,22800
20240103,15:17:18,2.25,50,22800
20240103,15:17:29,2.25,150,22800
20240103,15:18:49,2.25,50,22850
20240103,15:19:20,2.3,50,22850
20240103,15:20:52,2.35,150,22850
20240103,15:21:01,2.3,300,22850
20240103,15:21:31,2.3,50,22550
20240103,15:21:44,2.25,50,22550
20240103,15:22:21,2.25,50,22550
20240103,15:23:59,2.2,100,22550
20240103,15:24:20,2.15,50,22550
20240103,15:24:26,2.15,100,22550
20240103,15:24:44,2.2,100,22800
20240103,15:24:53,2.2,50,22800
20240103,15:25:11,2.3,250,22800
20240103,15:26:04,2.15,50,22800
20240103,15:26:19,2.2,500,22800
20240103,15:27:25,2.3,50,22800
20240103,15:27:34,2.2,550,23350
20240103,15:27:39,2.3,150,23350
20240103,15:27:44,2.3,900,23350
20240104,09:16:21,2.3,1,23000
20240104,09:16:21,2.25,1,23000
20240104,09:16:21,2.3,500,23000
20240104,09:16:30,2.3,600,23000
20240104,09:16:38,2.3,550,23000
20240104,09:16:44,2.4,300,23000
20240104,09:17:08,2.35,250,23000
20240104,09:17:15,2.35,150,23000
20240104,09:17:35,2.15,150,24800
20240104,09:17:44,2.15,50,24800
20240104,09:17:50,2.1,200,24800
20240104,09:17:57,2.0,150,24800
20240104,09:18:05,2.0,500,24800
20240104,09:18:16,2.05,550,24800
20240104,09:18:24,2.1,250,24800
20240104,09:18:36,2.15,200,24800
20240104,09:18:44,2.05,350,24800
20240104,09:18:51,2.05,250,24800
20240104,09:19:25,1.95,250,24800
20240104,09:19:31,1.95,100,24800
20240104,09:19:37,2.0,150,24800
20240104,09:19:43,2.0,50,24800
20240104,09:19:48,2.05,50,24800
20240104,09:19:54,2.0,50,24800
20240104,09:20:14,2.0,50,24800
20240104,09:20:51,2.05,150,26550
20240104,09:21:03,2.0,50,26550
20240104,09:22:03,1.95,50,26550
20240104,09:22:16,1.95,100,26550
20240104,09:22:22,1.95,50,26550
20240104,09:23:30,1.95,50,26550
20240104,09:25:58,1.8,50,26550
20240104,09:28:39,1.8,150,26500
20240104,09:28:47,1.95,50,26500
20240104,09:29:03,2.05,100,26500
20240104,09:29:12,2.15,50,26500
20240104,09:29:30,2.15,550,26550
20240104,09:29:38,2.15,4300,26550
20240104,09:29:46,2.1,700,26550
20240104,09:29:54,2.1,50,26550
20240104,09:30:02,2.1,900,26550
20240104,09:30:11,2.1,900,26550
20240104,09:30:27,2.1,4600,26550
20240104,09:30:29,2.1,600,26550
20240104,09:32:11,2.1,50,26550
20240104,09:33:07,2.05,150,35900
20240104,09:33:22,2.0,50,35900
20240104,09:34:01,1.95,150,35900
20240104,09:34:38,1.9,200,35900
20240104,09:36:05,2.0,100,35600
20240104,09:36:12,2.0,50,35600
20240104,09:36:28,2.0,100,35600
20240104,09:36:36,2.05,100,35600
20240104,09:37:30,2.1,150,35600
20240104,09:39:49,2.05,50,35450
20240104,09:41:03,2.05,300,35450
20240104,09:46:39,2.1,50,35650
20240104,09:53:36,2.05,200,35650
20240104,09:53:44,1.95,1550,35650
20240104,09:53:52,2.0,150,35650
20240104,09:53:59,2.0,50,35650
20240104,09:54:05,2.0,50,35650
20240104,09:54:33,2.0,150,35650
20240104,09:54:40,2.05,200,35650
20240104,09:54:53,2.0,150,35650
20240104,09:55:00,2.0,300,35650
20240104,09:55:07,2.0,850,35650
20240104,09:55:13,2.0,100,35650
20240104,09:55:19,2.0,50,35650
20240104,09:55:25,2.0,100,35650
20240104,09:55:32,2.0,100,35650
20240104,09:55:38,2.0,100,35650
20240104,09:55:51,2.0,100,35650
20240104,09:55:57,2.0,50,35650
20240104,09:56:04,2.0,100,35650
20240104,09:56:10,1.95,150,35650
20240104,09:56:23,1.95,100,35650
20240104,09:56:30,1.9,200,33200
20240104,09:56:43,1.9,150,33200
20240104,09:56:50,1.9,150,33200
20240104,09:56:56,1.9,50,33200
20240104,09:57:02,1.9,250,33200
20240104,09:57:08,1.9,200,33200
20240104,09:57:14,1.9,1550,33200
20240104,09:57:21,1.85,300,33200
20240104,09:57:27,1.85,150,33200
20240104,09:57:33,1.85,200,33200
20240104,09:58:41,1.9,50,33200
20240104,10:00:19,1.9,150,31850
20240104,10:01:12,1.9,400,31850
20240104,10:03:50,1.9,2000,31850
20240104,10:04:33,1.9,200,31850
20240104,10:04:54,1.9,50,31850
20240104,10:05:12,1.85,100,31850
20240104,10:05:44,1.95,250,31850
20240104,10:09:10,2.0,100,31750
20240104,10:09:33,2.05,100,31750
20240104,10:19:55,1.95,50,31850
20240104,10:20:02,1.95,50,31850
20240104,10:21:13,2.0,150,31850
20240104,10:30:23,1.95,200,31750
20240104,10:30:30,2.0,400,31750
20240104,10:30:43,2.0,400,31750
20240104,10:30:50,2.0,300,31750
20240104,10:32:22,2.0,700,31750
20240104,10:32:35,2.0,100,31750
20240104,10:33:39,2.0,100,32200
20240104,10:34:49,2.0,250,32200
20240104,10:37:02,2.0,300,32200
20240104,10:37:41,1.95,200,32200
20240104,10:46:21,2.05,50,32000
20240104,11:00:46,2.05,150,32050
20240104,11:10:17,2.05,6200,32050
20240104,11:10:24,2.05,400,32050
20240104,11:14:52,2.05,250,25500
20240104,11:16:11,2.05,250,25500
20240104,11:16:38,2.0,850,25500
20240104,11:19:46,2.0,50,24150
20240104,11:21:13,2.0,100,24150
20240104,11:38:39,2.05,5050,24150
20240104,11:38:57,2.05,50,27250
20240104,11:43:14,2.0,250,27250
20240104,11:49:17,2.05,1050,27250
20240104,11:50:00,2.0,50,27250
20240104,11:50:05,2.05,450,27250
20240104,11:50:10,2.05,100,27250
20240104,11:51:57,2.05,100,27250
20240104,11:54:36,2.05,300,27250
20240104,11:54:40,2.05,100,27250
20240104,11:56:54,2.05,200,27250
20240104,11:58:33,2.05,50,27250
20240104,12:24:22,2.0,50,27250
20240104,12:25:04,1.75,5100,27250
20240104,12:25:11,1.75,500,27250
20240104,12:25:54,2.0,700,27250
20240104,12:27:24,1.85,200,24650
20240104,12:27:38,1.9,200,24650
20240104,12:27:57,1.9,200,24650
20240104,12:42:31,1.95,600,24950
20240104,12:42:43,1.9,50,24950
20240104,12:53:11,1.85,100,24350
20240104,12:54:39,1.85,100,24300
20240104,12:55:00,1.85,300,24300
20240104,12:59:02,1.85,300,24300
20240104,12:59:05,1.85,50,23900
20240104,12:59:50,1.85,200,23900
20240104,13:03:46,1.85,1050,23450
20240104,13:06:26,1.8,100,23300
20240104,13:06:52,1.8,50,23300
20240104,13:14:19,1.85,250,23150
20240104,13:20:04,1.85,50,23100
20240104,13:22:07,1.8,200,23150
20240104,13:22:16,1.8,100,23150
20240104,13:22:31,1.8,50,23150
20240104,13:22:45,1.75,250,23150
20240104,13:23:04,1.8,500,23150
20240104,13:27:03,1.8,50,22600
20240104,13:42:41,1.7,100,22600
20240104,13:42:55,1.7,50,22600
20240104,13:47:56,1.7,300,22600
20240104,13:49:30,1.7,50,22500
20240104,13:54:19,1.7,200,22500
20240104,13:55:39,1.65,150,22500
20240104,14:03:55,1.6,50,22250
20240104,14:04:28,1.6,50,22250
20240104,14:05:00,1.6,50,22250
20240104,14:07:59,1.6,100,22250
20240104,14:11:12,1.55,100,22300
20240104,14:21:05,1.55,100,22250
20240104,14:21:26,1.5,100,22300
20240104,14:21:31,1.5,200,22300
20240104,14:22:09,1.55,50,22300
20240104,14:23:56,1.55,50,22300
20240104,14:26:26,1.55,50,22050
20240104,14:30:31,1.6,1900,22050
20240104,14:40:26,1.55,100,21900
20240104,14:40:56,1.55,300,21900
20240104,14:41:06,1.55,150,21900
20240104,14:43:08,1.55,250,21950
20240104,14:45:21,1.55,100,21950
20240104,14:46:16,1.55,100,21950
20240104,14:46:31,1.5,200,21950
20240104,14:47:53,1.5,400,21950
20240104,14:49:21,1.5,50,22150
20240104,14:49:37,1.5,50,22150
20240104,14:49:55,1.5,800,22150
20240104,14:53:34,1.5,350,23050
20240104,14:54:20,1.5,450,23050
20240104,14:57:23,1.45,100,22850
20240104,14:58:03,1.45,300,22850
20240104,14:58:09,1.45,100,22850
20240104,14:58:15,1.45,400,22850
20240104,14:58:32,1.55,100,22850
20240104,15:00:00,1.55,400,22850
20240104,15:00:07,1.6,600,22850
20240104,15:00:15,1.6,150,22850
20240104,15:00:32,1.6,50,24050
20240104,15:00:41,1.6,50,24050
20240104,15:00:48,1.55,50,24050
20240104,15:01:57,1.55,100,24050
20240104,15:02:03,1.55,50,24050
20240104,15:02:50,1.55,100,24050
20240104,15:04:53,1.55,250,23900
20240104,15:06:05,1.6,550,23900
20240104,15:12:19,1.65,250,23550
20240104,15:12:32,1.6,150,23550
20240104,15:13:09,1.6,100,23550
20240104,15:13:18,1.6,50,23550
20240104,15:13:37,1.6,750,23550
20240104,15:15:37,1.65,100,23050
20240104,15:16:14,1.7,50,23050
20240104,15:16:57,1.8,150,23050
20240104,15:17:12,1.75,50,23050
20240104,15:17:23,1.75,100,23050
20240104,15:17:29,1.75,200,23050
20240104,15:18:31,1.85,250,23200
20240104,15:18:39,1.75,200,23200
20240104,15:18:48,1.75,50,23200
20240104,15:19:22,1.75,100,23200
20240104,15:19:30,1.65,350,23200
20240104,15:20:50,1.7,100,23200
20240104,15:20:58,1.7,50,23200
20240104,15:21:07,1.7,50,23200
20240104,15:21:15,1.6,250,23200
20240104,15:21:33,1.75,500,23350
20240104,15:21:42,1.75,550,23350
20240104,15:21:51,1.75,650,23350
20240104,15:22:09,1.8,300,23350
20240104,15:22:26,1.8,100,23350
20240104,15:23:05,1.7,100,23350
20240104,15:24:25,1.85,750,23350
20240104,15:25:36,1.8,150,23350
20240104,15:25:45,1.75,300,23350
20240104,15:26:21,1.75,50,23350
20240104,15:26:39,1.65,550,23350
20240104,15:26:49,1.6,200,23350
20240104,15:26:58,1.65,250,23350
20240104,15:27:57,1.7,150,22950
20240104,15:28:06,1.7,50,22950
20240104,15:29:10,1.85,450,22950
20240105,09:15:10,1.65,1,22900
20240105,09:15:10,1.65,50,22900
20240105,09:15:23,1.4,100,22900
20240105,09:15:25,1.4,200,22900
20240105,09:15:39,1.4,50,22900
20240105,09:15:52,1.5,500,22900
20240105,09:15:56,1.45,200,22900
20240105,09:15:57,1.5,50,22900
20240105,09:15:58,1.5,50,22900
20240105,09:15:59,1.5,50,22900
20240105,09:16:01,1.5,50,22900
20240105,09:16:03,1.5,50,22900
20240105,09:16:20,1.5,1800,22900
20240105,09:16:29,1.45,1250,22900
20240105,09:16:34,1.5,1800,22900
20240105,09:16:41,1.4,100,22900
20240105,09:16:46,1.45,1850,22900
20240105,09:16:49,1.45,1000,22900
20240105,09:16:52,1.4,600,22900
20240105,09:16:53,1.4,50,22900
20240105,09:16:54,1.4,50,22900
20240105,09:16:55,1.4,50,22900
20240105,09:17:01,1.35,50,22900
20240105,09:17:08,1.25,2400,22900
20240105,09:17:09,1.35,50,22900
20240105,09:17:11,1.3,1800,22900
20240105,09:17:58,1.35,500,26550
20240105,09:18:55,1.4,450,26550
20240105,09:19:02,1.35,100,26550
20240105,09:19:33,1.35,50,26550
20240105,09:20:36,1.35,200,26550
20240105,09:20:36,1.35,600,27100
20240105,09:20:37,1.35,200,27100
20240105,09:21:16,1.35,50,27100
20240105,09:21:41,1.35,50,27100
20240105,09:22:26,1.35,650,27100
20240105,09:22:33,1.3,250,27100
20240105,09:22:51,1.3,200,27100
20240105,09:23:01,1.3,150,27100
20240105,09:23:03,1.3,100,27100
20240105,09:23:14,1.3,300,27100
20240105,09:23:14,1.3,400,27100
20240105,09:23:19,1.3,100,26600
20240105,09:23:24,1.25,300,26600
20240105,09:23:44,1.25,250,26600
20240105,09:23:45,1.25,300,26600
20240105,09:23:47,1.25,50,26600
20240105,09:23:50,1.25,50,26600
20240105,09:24:07,1.25,50,26600
20240105,09:24:08,1.25,50,26600
20240105,09:24:13,1.25,50,26600
20240105,09:24:22,1.15,1850,26600
20240105,09:24:23,1.2,2450,26600
20240105,09:24:28,1.2,50,26600
20240105,09:24:28,1.15,50,26600
20240105,09:24:33,1.2,50,26600
20240105,09:24:53,1.2,1150,26600
20240105,09:24:54,1.2,150,26600
20240105,09:24:56,1.2,150,26600
20240105,09:25:02,1.2,250,26600
20240105,09:25:26,1.2,300,26600
20240105,09:25:27,1.2,50,26600
20240105,09:25:31,1.2,50,26600
20240105,09:26:06,1.2,50,26600
20240105,09:26:33,1.2,300,30750
20240105,09:27:28,1.2,50,30750
20240105,09:27:36,1.2,50,30750
20240105,09:27:38,1.2,50,30750
20240105,09:27:53,1.2,50,30750
20240105,09:28:04,1.2,50,30750
20240105,09:28:48,1.25,500,30750
20240105,09:28:52,1.25,100,30750
20240105,09:29:02,1.25,50,30750
20240105,09:31:37,1.2,500,31050
20240105,09:31:43,1.25,50,31050
20240105,09:35:31,1.2,500,31050
20240105,09:38:10,1.25,300,31050
20240105,09:40:53,1.25,100,31050
20240105,09:41:11,1.2,650,30750
20240105,09:41:49,1.25,3600,30200
20240105,09:42:16,1.25,300,30200
20240105,09:42:26,1.2,50,30200
20240105,09:43:20,1.25,50,30200
20240105,09:43:20,1.25,1050,30200
20240105,09:44:01,1.25,550,30200
20240105,09:44:05,1.25,100,30200
20240105,09:44:07,1.25,100,30200
20240105,09:44:12,1.25,500,30200
20240105,09:44:20,1.25,150,29900
20240105,09:44:35,1.25,250,29900
20240105,09:45:48,1.3,50,29900
20240105,09:46:35,1.25,50,29900
20240105,09:46:47,1.25,250,29900
20240105,09:47:01,1.3,250,29900
20240105,09:47:22,1.25,50,29750
20240105,09:47:45,1.25,50,29750
20240105,09:48:18,1.25,100,29750
20240105,09:50:59,1.25,1000,29650
20240105,09:51:49,1.25,1250,29650
20240105,09:51:54,1.25,600,29650
20240105,09:51:55,1.25,1000,29650
20240105,09:52:04,1.25,900,29650
20240105,09:52:20,1.25,1200,29650
20240105,09:52:54,1.25,2300,29650
20240105,09:52:58,1.25,50,29650
20240105,09:53:23,1.25,50,27850
20240105,09:56:18,1.25,100,27850
20240105,09:57:22,1.25,50,27900
20240105,09:57:27,1.25,50,27900
20240105,09:59:16,1.25,50,27900
20240105,09:59:17,1.25,600,27900
20240105,10:01:37,1.25,50,27300
20240105,10:07:29,1.25,350,27250
20240105,10:07:40,1.3,600,27250
20240105,10:07:43,1.25,1000,27250
20240105,10:07:48,1.25,100,27250
20240105,10:11:39,1.25,400,28000
20240105,10:18:24,1.25,250,28350
20240105,10:24:36,1.25,250,28600
20240105,10:24:56,1.25,50,28600
20240105,10:25:00,1.25,300,28600
20240105,10:25:03,1.25,900,28600
20240105,10:26:26,1.25,50,28600
20240105,10:29:08,1.25,1800,27650
20240105,10:29:21,1.2,50,27650
20240105,10:38:02,1.25,50,27650
20240105,10:38:11,1.25,1800,27500
20240105,10:38:19,1.25,400,27500
20240105,10:38:54,1.25,50,25300
20240105,10:41:27,1.25,1800,25300
20240105,10:41:40,1.25,1550,25300
20240105,10:42:00,1.25,50,25300
20240105,10:43:40,1.25,250,25300
20240105,10:43:44,1.25,50,25300
20240105,10:43:57,1.25,50,25300
20240105,10:44:05,1.25,50,25300
20240105,10:44:42,1.3,100,28600
20240105,10:44:43,1.3,3950,28600
20240105,10:44:44,1.3,300,28600
20240105,10:44:45,1.3,300,28600
20240105,10:44:50,1.3,50,28600
20240105,10:46:09,1.3,300,28600
20240105,10:46:10,1.3,50,28600
20240105,10:46:22,1.3,50,28600
20240105,10:47:26,1.3,50,28600
20240105,10:47:46,1.3,450,26950
20240105,10:47:51,1.3,100,26950
20240105,10:48:02,1.3,100,26950
20240105,10:48:03,1.3,150,26950
20240105,10:48:04,1.35,50,26950
20240105,10:48:05,1.35,50,26950
20240105,10:48:06,1.35,50,26950
20240105,10:48:07,1.3,50,26950
20240105,10:48:08,1.3,50,26950
20240105,10:48:09,1.3,50,26950
20240105,10:48:10,1.3,200,26950
20240105,10:48:11,1.3,200,26950
20240105,10:49:14,1.25,100,26950
20240105,10:49:15,1.25,50,26950
20240105,10:49:16,1.25,50,26950
20240105,10:49:18,1.25,100,26950
20240105,10:49:20,1.25,100,26950
20240105,10:49:21,1.25,50,26950
20240105,10:49:22,1.25,50,26950
20240105,10:49:25,1.25,50,26950
20240105,10:49:26,1.25,50,26950
20240105,10:49:27,1.25,50,26950
20240105,10:49:28,1.25,150,26950
20240105,10:49:30,1.25,50,26950
20240105,10:49:51,1.25,50,26950
20240105,10:49:57,1.25,50,26950
20240105,10:50:13,1.25,50,26950
20240105,10:50:26,1.25,50,26950
20240105,10:51:49,1.2,100,27050
20240105,10:51:53,1.2,50,27050
20240105,10:51:55,1.2,1750,27050
20240105,10:52:22,1.2,300,27050
20240105,10:53:05,1.15,1800,27050
20240105,10:53:06,1.15,4250,27050
20240105,10:53:07,1.15,1350,27050
20240105,10:53:19,1.15,700,27050
20240105,10:53:28,1.15,100,27050
20240105,10:53:29,1.15,50,27050
20240105,10:54:21,1.2,50,31600
20240105,10:54:22,1.2,50,31600
20240105,10:54:23,1.2,50,31600
20240105,10:54:24,1.2,50,31600
20240105,10:54:25,1.2,50,31600
20240105,10:54:26,1.2,50,31600
20240105,10:54:27,1.2,50,31600
20240105,10:54:28,1.2,150,31600
20240105,10:54:29,1.2,150,31600
20240105,10:54:30,1.2,50,31600
20240105,10:54:31,1.2,300,31600
20240105,10:54:32,1.2,50,31600
20240105,10:54:33,1.15,500,31600
20240105,10:54:41,1.2,50,31600
20240105,10:54:42,1.2,50,31600
20240105,10:54:43,1.2,300,31600
20240105,10:54:46,1.2,150,31600
20240105,10:54:50,1.25,50,31600
20240105,10:54:51,1.25,150,31600
20240105,10:54:52,1.25,150,31600
20240105,10:54:53,1.2,200,31600
20240105,10:54:54,1.25,200,31600
20240105,10:54:55,1.25,200,31600
20240105,10:54:56,1.2,250,31600
20240105,10:54:58,1.2,150,31600
20240105,10:54:59,1.25,200,31600
20240105,10:55:00,1.25,200,31600
20240105,10:55:01,1.25,200,31600
20240105,10:55:02,1.25,200,31600
20240105,10:55:03,1.25,200,31600
20240105,10:55:04,1.25,200,31600
20240105,10:55:05,1.25,200,31600
20240105,10:55:06,1.25,200,31600
20240105,10:55:07,1.25,200,31600
20240105,10:55:08,1.25,200,31600
20240105,10:55:09,1.25,200,31600
20240105,10:55:18,1.25,50,31600
20240105,10:55:19,1.25,50,31600
20240105,10:55:20,1.25,50,31600
20240105,10:55:21,1.25,50,31600
20240105,10:55:22,1.25,50,31600
20240105,10:55:23,1.25,200,31600
20240105,10:55:24,1.25,50,31600
20240105,10:55:25,1.25,50,31600
20240105,10:55:26,1.25,50,31600
20240105,10:55:27,1.2,50,31600
20240105,10:55:28,1.25,50,31600
20240105,10:55:29,1.25,50,31600
20240105,10:55:30,1.25,50,31600
20240105,10:55:31,1.25,50,31600
20240105,10:55:32,1.25,50,31600
20240105,10:55:33,1.25,50,31600
20240105,10:55:34,1.25,50,31600
20240105,10:55:35,1.25,50,31600
20240105,10:55:36,1.25,50,31600
20240105,10:55:37,1.25,50,31600
20240105,10:55:38,1.25,50,31600
20240105,10:55:39,1.25,50,31600
20240105,10:55:40,1.25,50,31600
20240105,10:55:41,1.25,50,31600
20240105,10:55:42,1.25,50,31600
20240105,10:55:43,1.25,50,31600
20240105,10:55:44,1.25,50,31600
20240105,10:55:45,1.25,50,31600
20240105,10:55:46,1.25,50,31600
20240105,10:55:47,1.25,50,31600
20240105,10:55:48,1.25,50,31600
20240105,10:55:51,1.25,50,31600
20240105,10:55:52,1.2,50,31600
20240105,10:55:57,1.25,50,31600
20240105,10:56:00,1.25,50,31600
20240105,10:56:01,1.25,50,31600
20240105,10:56:02,1.25,50,31600
20240105,10:56:04,1.2,50,31600
20240105,10:56:05,1.2,50,31600
20240105,10:56:09,1.25,50,31600
20240105,10:56:10,1.25,50,31600
20240105,10:56:18,1.25,50,31600
20240105,10:56:19,1.25,50,31600
20240105,10:56:26,1.25,50,31600
20240105,10:56:48,1.2,450,34600
20240105,10:56:56,1.2,150,34600
20240105,10:56:59,1.2,1000,34600
20240105,10:57:00,1.15,950,34600
20240105,11:01:22,1.15,250,35200
20240105,11:01:28,1.15,150,35200
20240105,11:01:38,1.15,200,35200
20240105,11:01:45,1.15,50,35200
20240105,11:01:46,1.15,50,35200
20240105,11:01:49,1.2,50,35200
20240105,11:01:49,1.15,50,35200
20240105,11:01:50,1.15,50,35200
20240105,11:01:51,1.2,50,35200
20240105,11:01:52,1.15,50,35200
20240105,11:01:53,1.2,50,35200
20240105,11:01:54,1.2,50,35200
20240105,11:01:55,1.2,50,35200
20240105,11:01:56,1.2,50,35200
20240105,11:01:57,1.2,50,35200
20240105,11:02:00,1.2,200,35200
20240105,11:02:03,1.2,50,35200
20240105,11:02:04,1.2,50,35200
20240105,11:02:05,1.2,50,35200
20240105,11:02:06,1.2,50,35200
20240105,11:02:07,1.2,50,35200
20240105,11:02:08,1.2,50,35200
20240105,11:02:09,1.2,50,35200
20240105,11:02:10,1.2,50,35200
20240105,11:02:11,1.2,50,35200
20240105,11:02:12,1.2,50,35200
20240105,11:02:13,1.2,50,35200
20240105,11:02:14,1.2,50,35200
20240105,11:02:15,1.2,50,35200
20240105,11:02:37,1.2,50,35200
20240105,11:02:38,1.2,50,35950
20240105,11:02:39,1.2,50,35950
20240105,11:02:40,1.2,50,35950
20240105,11:02:41,1.2,50,35950
20240105,11:02:43,1.2,50,35950
20240105,11:03:47,1.15,550,35950
20240105,11:04:27,1.15,300,35950
20240105,11:04:30,1.2,500,35950
20240105,11:06:35,1.2,50,36500
20240105,11:06:36,1.2,50,36500
20240105,11:06:37,1.2,50,36500
20240105,11:06:38,1.2,200,36500
20240105,11:06:39,1.2,200,36500
20240105,11:06:40,1.2,200,36500
20240105,11:06:41,1.2,50,36500
20240105,11:06:42,1.2,50,36500
20240105,11:06:43,1.2,50,36500
20240105,11:06:44,1.2,50,36500
20240105,11:06:45,1.2,50,36500
20240105,11:06:46,1.2,50,36500
20240105,11:06:47,1.2,50,36500
20240105,11:06:48,1.2,50,36500
20240105,11:06:49,1.2,50,36500
20240105,11:06:50,1.2,50,36500
20240105,11:06:51,1.2,50,36500
20240105,11:06:52,1.2,50,36500
20240105,11:06:53,1.2,50,36500
20240105,11:06:54,1.2,50,36500
20240105,11:06:55,1.2,50,36500
20240105,11:06:56,1.2,50,36500
20240105,11:06:57,1.2,50,36500
20240105,11:06:58,1.2,50,36500
20240105,11:06:59,1.2,50,36500
20240105,11:07:00,1.2,50,36500
20240105,11:07:01,1.2,50,36500
20240105,11:07:02,1.2,350,36500
20240105,11:07:05,1.25,150,36500
20240105,11:07:06,1.25,50,36500
20240105,11:07:07,1.25,50,36500
20240105,11:07:08,1.25,50,36500
20240105,11:07:09,1.25,150,36500
20240105,11:07:10,1.25,150,36500
20240105,11:07:11,1.2,300,36500
20240105,11:07:15,1.2,50,36500
20240105,11:07:16,1.2,50,36500
20240105,11:07:18,1.25,50,36500
20240105,11:07:30,1.25,50,36500
20240105,11:07:43,1.25,50,36500
20240105,11:07:44,1.25,50,36500
20240105,11:07:45,1.25,50,36500
20240105,11:07:46,1.25,50,36500
20240105,11:07:47,1.25,50,36500
20240105,11:07:48,1.25,50,36500
20240105,11:07:52,1.25,50,36500
20240105,11:07:53,1.25,50,36500
20240105,11:07:54,1.25,50,36500
20240105,11:07:55,1.25,50,36500
20240105,11:07:56,1.25,50,36500
20240105,11:08:32,1.2,100,37900
20240105,11:08:33,1.25,50,37900
20240105,11:08:40,1.25,50,37900
20240105,11:08:41,1.25,50,37900
20240105,11:08:42,1.25,50,37900
20240105,11:08:43,1.25,50,37900
20240105,11:08:44,1.25,50,37900
20240105,11:08:45,1.25,50,37900
20240105,11:08:46,1.25,50,37900
20240105,11:08:47,1.25,50,37900
20240105,11:08:48,1.25,50,37900
20240105,11:08:49,1.25,50,37900
20240105,11:08:50,1.25,50,37900
20240105,11:08:51,1.25,50,37900
20240105,11:08:52,1.25,50,37900
20240105,11:08:53,1.25,50,37900
20240105,11:08:54,1.25,150,37900
20240105,11:08:55,1.25,150,37900
20240105,11:08:56,1.25,50,37900
20240105,11:09:02,1.25,50,37900
20240105,11:09:03,1.25,50,37900
20240105,11:09:04,1.25,50,37900
20240105,11:09:05,1.25,50,37900
20240105,11:09:06,1.25,50,37900
20240105,11:09:07,1.25,50,37900
20240105,11:09:08,1.25,150,37900
20240105,11:09:09,1.25,150,37900
20240105,11:09:10,1.25,150,37900
20240105,11:09:17,1.25,50,37900
20240105,11:09:18,1.25,50,37900
20240105,11:09:19,1.25,50,37900
20240105,11:09:20,1.25,50,37900
20240105,11:09:21,1.25,50,37900
20240105,11:13:33,1.2,250,37900
20240105,11:15:43,1.25,50,39950
20240105,11:18:53,1.2,250,39950
20240105,11:19:42,1.2,50,40000
20240105,11:19:43,1.2,50,40000
20240105,11:19:44,1.2,50,40000
20240105,11:19:45,1.2,50,40000
20240105,11:19:46,1.2,50,40000
20240105,11:19:47,1.2,50,40000
20240105,11:19:48,1.2,50,40000
20240105,11:19:49,1.2,50,40000
20240105,11:19:50,1.2,50,40000
20240105,11:19:51,1.2,50,40000
20240105,11:19:52,1.2,50,40000
20240105,11:19:53,1.2,50,40000
20240105,11:19:54,1.2,50,40000
20240105,11:19:55,1.2,50,40000
20240105,11:19:56,1.2,50,40000
20240105,11:19:57,1.2,50,40000
20240105,11:19:58,1.2,50,40000
20240105,11:19:59,1.2,50,40000
20240105,11:20:00,1.2,50,40000
20240105,11:20:01,1.2,50,40000
20240105,11:20:02,1.2,50,40000
20240105,11:20:03,1.2,50,40000
20240105,11:20:04,1.2,50,40000
20240105,11:20:05,1.2,100,40000
20240105,11:20:06,1.2,50,40000
20240105,11:20:07,1.2,50,40000
20240105,11:20:08,1.2,50,40000
20240105,11:20:09,1.2,50,40000
20240105,11:20:10,1.2,200,40000
20240105,11:20:11,1.2,200,40000
20240105,11:20:12,1.2,50,40000
20240105,11:20:16,1.2,50,40000
20240105,11:20:17,1.2,50,40000
20240105,11:20:18,1.2,100,40000
20240105,11:20:19,1.2,50,40000
20240105,11:20:20,1.2,50,40000
20240105,11:20:21,1.2,50,40000
20240105,11:20:22,1.2,50,40000
20240105,11:20:23,1.2,50,40000
20240105,11:20:24,1.2,50,40000
20240105,11:20:25,1.2,50,40000
20240105,11:20:26,1.2,50,40000
20240105,11:20:27,1.2,50,40000
20240105,11:20:28,1.2,50,40000
20240105,11:20:29,1.2,50,40000
20240105,11:20:30,1.2,50,40000
20240105,11:20:31,1.2,50,40000
20240105,11:20:32,1.2,50,40000
20240105,11:20:33,1.2,50,37350
20240105,11:20:34,1.2,50,37350
20240105,11:20:35,1.2,50,37350
20240105,11:20:36,1.2,350,37350
20240105,11:20:39,1.15,50,37350
20240105,11:20:40,1.15,200,37350
20240105,11:20:41,1.15,200,37350
20240105,11:20:43,1.15,50,37350
20240105,11:20:44,1.15,50,37350
20240105,11:20:45,1.15,50,37350
20240105,11:20:46,1.15,50,37350
20240105,11:20:47,1.15,50,37350
20240105,11:20:48,1.15,50,37350
20240105,11:20:49,1.15,50,37350
20240105,11:20:50,1.15,50,37350
20240105,11:20:51,1.15,50,37350
20240105,11:20:52,1.15,50,37350
20240105,11:20:53,1.15,50,37350
20240105,11:20:54,1.15,50,37350
20240105,11:20:55,1.15,100,37350
20240105,11:20:56,1.15,200,37350
20240105,11:20:57,1.15,200,37350
20240105,11:20:58,1.15,200,37350
20240105,11:20:59,1.15,50,37350
20240105,11:21:00,1.15,50,37350
20240105,11:21:01,1.15,50,37350
20240105,11:21:02,1.15,50,37350
20240105,11:21:03,1.15,50,37350
20240105,11:21:04,1.15,50,37350
20240105,11:21:05,1.15,50,37350
20240105,11:21:06,1.15,50,37350
20240105,11:21:07,1.15,50,37350
20240105,11:21:08,1.15,50,37350
20240105,11:21:09,1.15,200,37350
20240105,11:21:10,1.15,200,37350
20240105,11:21:11,1.15,50,37350
20240105,11:21:12,1.15,50,37350
20240105,11:21:42,1.15,50,37350
20240105,11:21:43,1.15,50,37350
20240105,11:21:59,1.15,50,37350
20240105,11:22:00,1.15,50,37350
20240105,11:22:01,1.15,50,37350
20240105,11:22:05,1.15,50,37350
20240105,11:22:08,1.1,50,37350
20240105,11:22:09,1.1,50,37350
20240105,11:22:11,1.1,50,37350
20240105,11:22:13,1.1,50,37350
20240105,11:22:14,1.1,50,37350
20240105,11:22:15,1.1,50,37350
20240105,11:22:16,1.1,50,37350
20240105,11:22:17,1.1,50,37350
20240105,11:22:19,1.1,50,37350
20240105,11:22:20,1.1,50,37350
20240105,11:22:21,1.1,50,37350
20240105,11:22:22,1.1,50,37350
20240105,11:22:23,1.1,50,37350
20240105,11:22:24,1.1,50,37350
20240105,11:22:25,1.1,50,37350
20240105,11:22:26,1.1,50,37350
20240105,11:22:27,1.1,50,37350
20240105,11:22:28,1.1,50,37350
20240105,11:22:34,1.1,50,37350
20240105,11:22:35,1.1,50,37350
20240105,11:22:36,1.1,50,37350
20240105,11:22:38,1.1,50,37350
20240105,11:22:40,1.1,50,37350
20240105,11:22:41,1.1,50,37350
20240105,11:22:42,1.1,50,37350
20240105,11:22:43,1.1,50,37350
20240105,11:22:44,1.1,50,37350
20240105,11:22:47,1.1,50,37350
20240105,11:22:49,1.1,50,37350
20240105,11:22:50,1.1,50,37350
20240105,11:22:51,1.1,50,37350
20240105,11:22:52,1.1,50,37350
20240105,11:22:57,1.1,50,37350
20240105,11:23:01,1.1,50,37350
20240105,11:23:02,1.1,50,37350
20240105,11:23:03,1.1,50,37350
20240105,11:23:04,1.1,50,37350
20240105,11:23:09,1.1,50,37350
20240105,11:23:10,1.1,50,37350
20240105,11:23:11,1.1,50,37350
20240105,11:23:13,1.1,50,37350
20240105,11:23:19,1.1,50,37350
20240105,11:23:20,1.1,50,37350
20240105,11:23:21,1.1,50,37350
20240105,11:23:22,1.1,50,37350
20240105,11:23:23,1.1,50,37350
20240105,11:23:24,1.1,50,37350
20240105,11:23:25,1.1,50,37350
20240105,11:23:26,1.1,50,37350
20240105,11:23:27,1.1,50,37350
20240105,11:23:28,1.1,50,37350
20240105,11:23:29,1.1,50,37350
20240105,11:23:30,1.1,50,37350
20240105,11:23:31,1.1,50,37350
20240105,11:23:32,1.1,50,37350
20240105,11:23:33,1.1,50,35600
20240105,11:23:34,1.1,50,35600
20240105,11:23:35,1.1,50,35600
20240105,11:23:36,1.1,50,35600
20240105,11:23:37,1.1,50,35600
20240105,11:23:38,1.1,100,35600
20240105,11:23:39,1.1,50,35600
20240105,11:23:40,1.1,200,35600
20240105,11:23:41,1.1,200,35600
20240105,11:23:42,1.1,50,35600
20240105,11:23:43,1.1,50,35600
20240105,11:23:44,1.1,300,35600
20240105,11:23:45,1.1,50,35600
20240105,11:23:46,1.1,50,35600
20240105,11:23:47,1.1,50,35600
20240105,11:23:48,1.1,50,35600
20240105,11:23:49,1.1,50,35600
20240105,11:23:50,1.1,50,35600
20240105,11:23:51,1.1,50,35600
20240105,11:23:52,1.1,50,35600
20240105,11:23:53,1.1,50,35600
20240105,11:23:54,1.1,1750,35600
20240105,11:23:55,1.1,50,35600
20240105,11:23:56,1.1,50,35600
20240105,11:23:57,1.1,50,35600
20240105,11:23:58,1.1,50,35600
20240105,11:23:59,1.1,50,35600
20240105,11:24:00,1.1,50,35600
20240105,11:24:01,1.1,50,35600
20240105,11:24:02,1.1,50,35600
20240105,11:24:03,1.1,50,35600
20240105,11:24:04,1.1,50,35600
20240105,11:24:05,1.1,50,35600
20240105,11:24:06,1.1,50,35600
20240105,11:24:07,1.1,50,35600
20240105,11:24:08,1.1,50,35600
20240105,11:24:10,1.1,250,35600
20240105,11:24:11,1.1,200,35600
20240105,11:24:12,1.1,200,35600
20240105,11:24:14,1.1,50,35600
20240105,11:24:15,1.1,50,35600
20240105,11:24:16,1.1,50,35600
20240105,11:24:17,1.1,50,35600
20240105,11:24:18,1.1,50,35600
20240105,11:24:19,1.1,50,35600
20240105,11:24:20,1.1,50,35600
20240105,11:24:21,1.1,50,35600
20240105,11:24:23,1.1,50,35600
20240105,11:24:25,1.1,50,35600
20240105,11:24:29,1.1,50,35600
20240105,11:24:30,1.1,50,35600
20240105,11:24:31,1.1,50,35600
20240105,11:24:32,1.1,50,35600
20240105,11:24:34,1.1,50,35600
20240105,11:24:37,1.1,50,35600
20240105,11:24:43,1.1,50,35600
20240105,11:24:44,1.1,50,35600
20240105,11:24:45,1.1,50,35600
20240105,11:24:46,1.1,50,35600
20240105,11:24:47,1.1,50,35600
20240105,11:24:52,1.1,50,35600
20240105,11:24:53,1.1,50,35600
20240105,11:24:54,1.1,50,35600
20240105,11:24:55,1.1,50,35600
20240105,11:24:56,1.1,50,35600
20240105,11:24:57,1.1,50,35600
20240105,11:24:58,1.1,50,35600
20240105,11:24:59,1.1,50,35600
20240105,11:25:00,1.1,50,35600
20240105,11:25:06,1.1,50,35600
20240105,11:25:09,1.1,50,35600
20240105,11:25:10,1.1,50,35600
20240105,11:25:11,1.1,50,35600
20240105,11:25:14,1.1,50,35600
20240105,11:25:17,1.1,50,35600
20240105,11:26:04,1.1,50,35600
20240105,11:26:05,1.1,50,35600
20240105,11:26:06,1.1,50,35600
20240105,11:26:07,1.1,50,35600
20240105,11:28:29,1.15,50,32600
20240105,11:29:27,1.15,250,32600
20240105,11:30:36,1.15,50,32350
20240105,11:31:51,1.15,50,32350
20240105,11:31:53,1.1,50,32350
20240105,11:41:17,1.15,50,32200
20240105,11:49:06,1.15,250,32200
20240105,11:49:46,1.15,100,32200
20240105,11:51:13,1.15,50,31950
20240105,11:51:21,1.15,50,31950
20240105,11:57:33,1.15,50,31950
20240105,11:57:55,1.15,50,31950
20240105,11:58:49,1.15,50,31950
20240105,11:59:20,1.1,50,31950
20240105,12:02:52,1.15,50,31950
20240105,12:04:31,1.15,50,31950
20240105,12:04:52,1.1,50,31950
20240105,12:07:49,1.15,50,31950
20240105,12:07:52,1.15,50,31950
20240105,12:07:53,1.15,50,31950
20240105,12:07:54,1.15,50,31950
20240105,12:07:55,1.15,50,31950
20240105,12:07:56,1.15,50,31950
20240105,12:07:57,1.15,50,31950
20240105,12:07:58,1.15,50,31950
20240105,12:08:00,1.15,50,31950
20240105,12:08:04,1.15,50,31950
20240105,12:08:05,1.15,50,31950
20240105,12:08:06,1.15,50,31950
20240105,12:08:07,1.15,50,31950
20240105,12:08:08,1.15,50,31950
20240105,12:08:09,1.15,50,31950
20240105,12:08:10,1.15,50,31950
20240105,12:08:11,1.15,50,31950
20240105,12:08:12,1.15,50,31950
20240105,12:08:13,1.15,50,31950
20240105,12:08:14,1.15,50,31950
20240105,12:08:15,1.15,50,31950
20240105,12:08:16,1.15,50,31950
20240105,12:08:17,1.15,50,31950
20240105,12:08:18,1.15,50,31950
20240105,12:08:19,1.15,50,31950
20240105,12:08:20,1.15,50,31950
20240105,12:08:21,1.15,50,31950
20240105,12:08:22,1.15,50,31950
20240105,12:08:23,1.15,50,31950
20240105,12:08:24,1.15,50,31950
20240105,12:08:25,1.15,50,31950
20240105,12:08:26,1.15,50,31950
20240105,12:08:28,1.15,100,31950
20240105,12:08:29,1.15,50,31950
20240105,12:08:30,1.15,50,31950
20240105,12:08:31,1.15,50,31950
20240105,12:08:32,1.15,50,31950
20240105,12:08:33,1.15,50,31950
20240105,12:08:34,1.15,50,31950
20240105,12:08:35,1.15,50,31950
20240105,12:08:36,1.15,50,31950
20240105,12:08:37,1.15,50,31950
20240105,12:08:38,1.15,50,31950
20240105,12:08:39,1.15,50,31950
20240105,12:08:40,1.15,50,31950
20240105,12:08:42,1.15,100,31950
20240105,12:08:43,1.15,50,31950
20240105,12:08:44,1.15,50,31950
20240105,12:08:45,1.15,50,31950
20240105,12:08:46,1.15,50,31950
20240105,12:08:47,1.15,50,31950
20240105,12:08:48,1.15,50,31950
20240105,12:08:49,1.15,50,31950
20240105,12:08:50,1.15,50,31950
20240105,12:08:51,1.15,50,31950
20240105,12:08:52,1.15,50,31950
20240105,12:08:53,1.15,50,31950
20240105,12:08:54,1.15,50,31950
20240105,12:08:55,1.15,50,31950
20240105,12:08:56,1.15,50,31950
20240105,12:08:57,1.15,50,31950
20240105,12:08:58,1.15,50,31950
20240105,12:08:59,1.15,50,31950
20240105,12:09:01,1.15,100,31950
20240105,12:09:02,1.15,50,31950
20240105,12:09:03,1.15,50,31950
20240105,12:09:04,1.15,50,31950
20240105,12:09:05,1.15,50,31950
20240105,12:09:06,1.15,50,31950
20240105,12:09:07,1.15,50,31950
20240105,12:09:08,1.15,50,31950
20240105,12:09:09,1.15,50,31950
20240105,12:09:10,1.15,150,31950
20240105,12:09:12,1.15,50,31950
20240105,12:09:13,1.15,50,31950
20240105,12:09:14,1.15,50,31950
20240105,12:09:15,1.15,50,31950
20240105,12:09:17,1.15,100,31950
20240105,12:09:18,1.15,50,31950
20240105,12:09:19,1.15,50,31950
20240105,12:09:20,1.15,50,31950
20240105,12:09:21,1.15,50,31950
20240105,12:09:22,1.15,50,31950
20240105,12:09:23,1.15,50,31950
20240105,12:09:24,1.15,50,31950
20240105,12:09:25,1.15,50,31950
20240105,12:09:26,1.15,50,31950
20240105,12:09:27,1.15,50,31950
20240105,12:09:28,1.15,50,31950
20240105,12:09:29,1.15,50,31950
20240105,12:09:30,1.15,50,31950
20240105,12:09:31,1.15,50,31950
20240105,12:09:32,1.15,50,31950
20240105,12:09:33,1.15,50,31950
20240105,12:09:34,1.15,50,31950
20240105,12:09:35,1.15,50,31950
20240105,12:09:36,1.15,50,31950
20240105,12:09:37,1.15,50,31950
20240105,12:09:38,1.15,50,31950
20240105,12:09:39,1.15,150,31950
20240105,12:09:40,1.15,150,31950
20240105,12:09:41,1.15,50,31950
20240105,12:09:42,1.15,50,31950
20240105,12:09:43,1.15,50,31950
20240105,12:09:44,1.15,50,31950
20240105,12:09:45,1.15,50,31950
20240105,12:09:47,1.15,100,31950
20240105,12:09:48,1.15,50,31950
20240105,12:09:50,1.15,100,31950
20240105,12:09:51,1.15,50,31950
20240105,12:09:52,1.15,50,31950
20240105,12:09:53,1.15,50,31950
20240105,12:09:54,1.15,50,31950
20240105,12:09:56,1.15,100,31950
20240105,12:09:57,1.15,50,31950
20240105,12:09:58,1.15,50,31950
20240105,12:09:59,1.15,50,31950
20240105,12:10:00,1.15,50,31950
20240105,12:10:01,1.15,50,31950
20240105,12:10:02,1.15,50,31950
20240105,12:10:03,1.15,50,31950
20240105,12:10:04,1.15,50,31950
20240105,12:10:05,1.15,50,31950
20240105,12:10:06,1.15,50,31950
20240105,12:11:07,1.15,50,31950
20240105,12:11:59,1.2,50,34350
20240105,12:12:00,1.2,50,34350
20240105,12:12:01,1.2,50,34350
20240105,12:12:02,1.2,50,34350
20240105,12:12:03,1.2,50,34350
20240105,12:12:04,1.2,50,34350
20240105,12:12:05,1.2,50,34350
20240105,12:12:06,1.2,50,34350
20240105,12:12:07,1.2,50,34350
20240105,12:12:08,1.2,50,34350
20240105,12:12:09,1.2,50,34350
20240105,12:12:10,1.2,50,34350
20240105,12:12:11,1.2,150,34350
20240105,12:12:12,1.2,150,34350
20240105,12:12:13,1.2,150,34350
20240105,12:12:14,1.2,50,34350
20240105,12:12:15,1.2,50,34350
20240105,12:12:16,1.2,50,34350
20240105,12:12:17,1.2,50,34350
20240105,12:12:18,1.2,50,34350
20240105,12:12:19,1.2,50,34350
20240105,12:12:20,1.2,50,34350
20240105,12:12:21,1.2,50,34350
20240105,12:12:22,1.2,50,34350
20240105,12:12:23,1.2,50,34350
20240105,12:12:24,1.2,50,34350
20240105,12:12:25,1.2,50,34350
20240105,12:12:26,1.2,50,34350
20240105,12:12:27,1.2,150,34350
20240105,12:12:28,1.2,150,34350
20240105,12:12:29,1.2,50,34350
20240105,12:12:30,1.2,50,34350
20240105,12:12:31,1.2,50,34350
20240105,12:12:32,1.2,50,34350
20240105,12:12:33,1.2,50,34350
20240105,12:12:34,1.2,50,34350
20240105,12:12:35,1.2,50,34350
20240105,12:12:36,1.2,50,34350
20240105,12:12:37,1.2,50,34350
20240105,12:12:38,1.2,50,34350
20240105,12:12:39,1.2,50,34350
20240105,12:12:40,1.2,50,34350
20240105,12:12:41,1.2,50,34350
20240105,12:12:42,1.2,150,34350
20240105,12:12:43,1.2,150,34350
20240105,12:12:44,1.2,50,34350
20240105,12:12:45,1.2,50,34350
20240105,12:12:46,1.2,50,34350
20240105,12:12:47,1.2,50,34350
20240105,12:12:48,1.2,650,34350
20240105,12:12:49,1.25,50,34350
20240105,12:12:50,1.25,50,34350
20240105,12:12:51,1.25,50,34350
20240105,12:12:52,1.25,50,34350
20240105,12:12:53,1.25,50,34350
20240105,12:12:54,1.25,50,34350
20240105,12:12:55,1.25,50,34350
20240105,12:12:56,1.25,50,34350
20240105,12:12:57,1.25,50,34350
20240105,12:12:58,1.25,50,34350
20240105,12:12:59,1.25,50,34350
20240105,12:13:01,1.2,50,34350
20240105,12:13:02,1.25,50,34350
20240105,12:13:03,1.25,50,34350
20240105,12:13:04,1.25,50,34350
20240105,12:13:05,1.25,50,34350
20240105,12:13:11,1.25,50,34350
20240105,12:13:14,1.25,50,34350
20240105,12:13:16,1.25,50,34350
20240105,12:13:19,1.25,500,34350
20240105,12:13:20,1.25,150,34350
20240105,12:13:21,1.25,50,34350
20240105,12:13:26,1.25,4250,34350
20240105,12:13:28,1.25,100,34350
20240105,12:13:29,1.25,50,34350
20240105,12:13:30,1.25,350,34350
20240105,12:13:30,1.25,50,34350
20240105,12:13:31,1.25,100,34350
20240105,12:13:32,1.3,50,34350
20240105,12:13:33,1.3,50,34350
20240105,12:13:34,1.3,50,34350
20240105,12:13:35,1.3,50,34350
20240105,12:13:38,1.3,50,34350
20240105,12:13:39,1.3,50,34350
20240105,12:13:40,1.3,50,34350
20240105,12:13:41,1.3,50,34350
20240105,12:13:42,1.3,50,34350
20240105,12:13:43,1.3,50,34350
20240105,12:13:44,1.3,100,34350
20240105,12:13:45,1.3,50,34350
20240105,12:13:46,1.3,50,34350
20240105,12:13:47,1.3,50,34350
20240105,12:13:48,1.3,50,34350
20240105,12:13:49,1.3,50,34350
20240105,12:13:50,1.3,50,34350
20240105,12:13:51,1.3,50,34350
20240105,12:13:52,1.3,50,34350
20240105,12:13:53,1.3,50,34350
20240105,12:13:54,1.3,50,34350
20240105,12:13:55,1.3,50,34350
20240105,12:13:56,1.3,50,34350
20240105,12:13:57,1.3,50,34350
20240105,12:13:58,1.3,50,34350
20240105,12:13:59,1.3,50,34350
20240105,12:14:00,1.3,50,34350
20240105,12:14:01,1.3,50,34350
20240105,12:14:02,1.3,50,34350
20240105,12:14:03,1.3,50,34350
20240105,12:14:04,1.3,50,34350
20240105,12:14:05,1.3,50,34350
20240105,12:14:06,1.3,50,34350
20240105,12:14:07,1.3,50,34350
20240105,12:14:08,1.3,50,34350
20240105,12:14:09,1.3,150,34350
20240105,12:14:10,1.3,150,34350
20240105,12:14:11,1.3,150,34350
20240105,12:14:15,1.3,50,34350
20240105,12:14:16,1.3,50,34350
20240105,12:14:18,1.3,50,34350
20240105,12:14:19,1.3,50,34350
20240105,12:14:20,1.3,50,34350
20240105,12:14:21,1.3,50,34350
20240105,12:14:22,1.3,50,34350
20240105,12:14:23,1.3,50,34350
20240105,12:14:24,1.3,50,34350
20240105,12:14:25,1.3,50,34350
20240105,12:14:26,1.3,50,34350
20240105,12:14:27,1.3,50,34350
20240105,12:14:28,1.3,50,34350
20240105,12:14:29,1.25,600,34350
20240105,12:14:30,1.3,50,34350
20240105,12:14:31,1.3,50,34350
20240105,12:14:32,1.3,50,34350
20240105,12:14:33,1.3,50,34350
20240105,12:14:34,1.3,50,34350
20240105,12:14:35,1.3,50,34350
20240105,12:14:36,1.3,50,34350
20240105,12:14:37,1.3,50,34350
20240105,12:14:38,1.3,50,34350
20240105,12:14:39,1.3,50,34350
20240105,12:14:40,1.3,50,41100
20240105,12:14:41,1.3,50,41100
20240105,12:14:42,1.3,50,41100
20240105,12:14:43,1.3,50,41100
20240105,12:14:44,1.3,50,41100
20240105,12:14:45,1.3,50,41100
20240105,12:14:46,1.3,50,41100
20240105,12:14:47,1.3,50,41100
20240105,12:14:49,1.3,100,41100
20240105,12:14:50,1.3,50,41100
20240105,12:14:51,1.3,50,41100
20240105,12:14:52,1.3,50,41100
20240105,12:14:53,1.3,50,41100
20240105,12:14:55,1.3,100,41100
20240105,12:14:56,1.3,50,41100
20240105,12:14:57,1.3,50,41100
20240105,12:14:59,1.3,1850,41100
20240105,12:15:00,1.3,50,41100
20240105,12:15:01,1.3,50,41100
20240105,12:15:02,1.3,50,41100
20240105,12:15:03,1.3,50,41100
20240105,12:15:04,1.3,50,41100
20240105,12:15:05,1.3,50,41100
20240105,12:15:06,1.3,50,41100
20240105,12:15:07,1.3,50,41100
20240105,12:15:08,1.3,50,41100
20240105,12:15:09,1.3,50,41100
20240105,12:15:10,1.3,50,41100
20240105,12:15:11,1.3,50,41100
20240105,12:15:12,1.3,50,41100
20240105,12:15:13,1.3,50,41100
20240105,12:15:15,1.3,100,41100
20240105,12:15:16,1.3,50,41100
20240105,12:15:17,1.3,50,41100
20240105,12:15:18,1.3,50,41100
20240105,12:15:19,1.3,50,41100
20240105,12:15:20,1.3,50,41100
20240105,12:15:21,1.3,50,41100
20240105,12:15:23,1.3,100,41100
20240105,12:15:24,1.3,50,41100
20240105,12:15:25,1.3,50,41100
20240105,12:15:26,1.3,50,41100
20240105,12:15:27,1.3,50,41100
20240105,12:15:28,1.3,50,41100
20240105,12:15:29,1.3,50,41100
20240105,12:15:30,1.3,50,41100
20240105,12:15:31,1.3,50,41100
20240105,12:15:35,1.3,50,41100
20240105,12:15:36,1.3,50,41100
20240105,12:15:41,1.3,50,41100
20240105,12:15:42,1.3,50,41100
20240105,12:15:47,1.3,50,41100
20240105,12:15:50,1.3,50,41100
20240105,12:15:51,1.3,50,41100
20240105,12:15:52,1.3,50,41100
20240105,12:15:57,1.3,50,41100
20240105,12:15:57,1.25,250,41100
20240105,12:15:58,1.3,50,41100
20240105,12:16:01,1.3,50,41100
20240105,12:16:02,1.3,50,41100
20240105,12:16:06,1.3,50,41100
20240105,12:16:07,1.3,50,41100
20240105,12:16:09,1.3,50,41100
20240105,12:16:11,1.3,50,41100
20240105,12:16:12,1.3,50,41100
20240105,12:16:13,1.3,50,41100
20240105,12:16:14,1.3,50,41100
20240105,12:16:15,1.3,50,41100
20240105,12:16:16,1.3,50,41100
20240105,12:16:17,1.3,50,41100
20240105,12:16:18,1.3,50,41100
20240105,12:16:20,1.3,50,41100
20240105,12:16:25,1.3,50,41100
20240105,12:16:26,1.3,50,41100
20240105,12:16:27,1.3,50,41100
20240105,12:16:28,1.3,50,41100
20240105,12:16:29,1.3,50,41100
20240105,12:16:31,1.3,50,41100
20240105,12:16:32,1.3,50,41100
20240105,12:16:34,1.3,50,41100
20240105,12:16:35,1.3,50,41100
20240105,12:16:38,1.3,50,41100
20240105,12:16:39,1.3,50,41100
20240105,12:16:41,1.3,50,41100
20240105,12:16:42,1.3,50,41100
20240105,12:16:43,1.3,50,41100
20240105,12:16:44,1.3,50,41100
20240105,12:16:45,1.3,50,41100
20240105,12:16:46,1.3,50,41100
20240105,12:16:47,1.3,50,41100
20240105,12:16:48,1.3,50,41100
20240105,12:16:49,1.3,50,41100
20240105,12:16:50,1.3,50,41100
20240105,12:16:51,1.3,50,41100
20240105,12:16:53,1.3,50,41100
20240105,12:16:54,1.3,50,41100
20240105,12:16:55,1.3,50,41100
20240105,12:16:59,1.3,50,41100
20240105,12:17:00,1.3,50,41100
20240105,12:17:01,1.3,50,41100
20240105,12:17:03,1.3,50,41100
20240105,12:17:04,1.3,50,41100
20240105,12:17:05,1.3,50,41100
20240105,12:17:06,1.3,700,41100
20240105,12:17:07,1.35,50,41100
20240105,12:17:08,1.35,50,41100
20240105,12:17:09,1.35,50,41100
20240105,12:17:10,1.35,50,41100
20240105,12:17:11,1.35,50,41100
20240105,12:17:12,1.35,50,41100
20240105,12:17:13,1.35,50,41100
20240105,12:17:14,1.3,150,41100
20240105,12:17:15,1.35,50,41100
20240105,12:17:16,1.35,50,41100
20240105,12:17:17,1.35,50,41100
20240105,12:17:18,1.35,50,41100
20240105,12:17:19,1.35,50,41100
20240105,12:17:35,1.35,50,41100
20240105,12:17:41,1.35,50,41100
20240105,12:17:42,1.35,50,47050
20240105,12:17:44,1.35,50,47050
20240105,12:17:46,1.35,1600,47050
20240105,12:17:47,1.35,50,47050
20240105,12:18:07,1.3,300,47050
20240105,12:18:16,1.3,200,47050
20240105,12:19:06,1.3,2000,47050
20240105,12:20:04,1.35,2700,47050
20240105,12:20:04,1.4,5600,47050
20240105,12:20:05,1.35,50,47050
20240105,12:20:10,1.35,50,47050
20240105,12:20:26,1.4,1650,47050
20240105,12:20:31,1.45,3750,47050
20240105,12:20:31,1.45,250,47050
20240105,12:20:33,1.45,50,47050
20240105,12:20:34,1.45,100,47050
20240105,12:20:39,1.45,250,47050
20240105,12:20:49,1.45,50,51050
20240105,12:20:56,1.45,5200,51050
20240105,12:20:57,1.45,100,51050
20240105,12:20:59,1.45,50,51050
20240105,12:21:02,1.45,150,51050
20240105,12:21:03,1.45,250,51050
20240105,12:21:34,1.45,50,51050
20240105,12:22:02,1.45,2100,51050
20240105,12:22:05,1.45,1750,51050
20240105,12:22:06,1.5,1800,51050
20240105,12:22:10,1.45,2150,51050
20240105,12:22:12,1.45,50,51050
20240105,12:22:13,1.45,350,51050
20240105,12:22:17,1.45,3350,51050
20240105,12:22:18,1.45,300,51050
20240105,12:22:27,1.45,1450,51050
20240105,12:23:02,1.4,1800,51050
20240105,12:23:07,1.4,1850,51050
20240105,12:23:08,1.4,50,51050
20240105,12:23:09,1.4,150,51050
20240105,12:23:25,1.4,250,51050
20240105,12:23:28,1.4,50,51050
20240105,12:23:37,1.4,100,51050
20240105,12:23:40,1.4,1650,51050
20240105,12:26:10,1.4,500,59650
20240105,12:26:16,1.4,500,59650
20240105,12:26:19,1.4,250,59650
20240105,12:28:37,1.4,300,59650
20240105,12:31:06,1.4,250,58700
20240105,12:32:04,1.4,250,58700
20240105,12:34:04,1.35,3650,58700
20240105,12:34:05,1.35,3700,58700
20240105,12:34:28,1.35,100,58700
20240105,12:36:24,1.35,50,58700
20240105,12:36:24,1.35,50,61400
20240105,12:36:32,1.35,150,61400
20240105,12:36:46,1.35,250,61400
20240105,12:37:25,1.35,50,61400
20240105,12:39:35,1.4,1500,61400
20240105,12:42:26,1.4,250,61150
20240105,12:42:47,1.35,300,61150
20240105,12:43:59,1.35,300,61150
20240105,12:44:19,1.35,350,61150
20240105,12:45:13,1.35,250,61300
20240105,12:49:59,1.35,50,61300
20240105,12:50:01,1.35,50,61300
20240105,12:50:06,1.35,50,61300
20240105,12:50:12,1.35,50,61300
20240105,12:50:13,1.35,50,61300
20240105,12:50:15,1.35,50,61300
20240105,12:50:17,1.35,50,61300
20240105,12:50:18,1.35,50,61300
20240105,12:50:19,1.35,50,61300
20240105,12:50:20,1.35,50,61300
20240105,12:50:21,1.35,50,61300
20240105,12:50:22,1.35,50,61300
20240105,12:50:23,1.35,50,61300
20240105,12:50:24,1.35,50,61300
20240105,12:50:25,1.35,50,61300
20240105,12:50:26,1.35,50,61300
20240105,12:50:27,1.35,50,61300
20240105,12:50:28,1.35,50,61300
20240105,12:50:29,1.35,50,61300
20240105,12:50:30,1.35,50,61300
20240105,12:50:31,1.35,50,61300
20240105,12:50:33,1.35,50,61300
20240105,12:50:35,1.35,50,61300
20240105,12:50:39,1.35,50,61300
20240105,12:50:40,1.35,50,61300
20240105,12:51:37,1.35,250,61300
20240105,12:51:47,1.35,50,60400
20240105,12:51:50,1.35,50,60400
20240105,12:58:19,1.3,50,60600
20240105,12:58:21,1.3,50,60600
20240105,12:58:22,1.3,50,60600
20240105,12:58:23,1.3,50,60600
20240105,12:58:24,1.3,50,60600
20240105,12:58:25,1.3,50,60600
20240105,12:58:26,1.3,50,60600
20240105,12:58:27,1.3,50,60600
20240105,12:58:28,1.3,50,60600
20240105,12:58:29,1.3,50,60600
20240105,12:58:30,1.3,50,60600
20240105,12:58:31,1.3,50,60600
20240105,12:58:32,1.3,50,60600
20240105,12:58:33,1.35,800,60600
20240105,12:58:34,1.3,50,60600
20240105,12:58:35,1.3,50,60600
20240105,12:58:36,1.3,50,60600
20240105,12:58:37,1.3,50,60600
20240105,12:58:39,1.3,50,60600
20240105,12:58:41,1.3,50,60600
20240105,12:58:44,1.3,550,60600
20240105,12:59:00,1.3,50,60600
20240105,12:59:05,1.3,50,60600
20240105,12:59:09,1.3,50,60600
20240105,12:59:14,1.3,50,60600
20240105,12:59:15,1.3,50,60600
20240105,12:59:23,1.3,50,60600
20240105,12:59:30,1.3,50,60600
20240105,12:59:31,1.3,50,60600
20240105,12:59:33,1.3,50,60600
20240105,12:59:40,1.3,50,60600
20240105,12:59:42,1.3,50,60600
20240105,12:59:44,1.3,50,60600
20240105,12:59:45,1.3,50,60600
20240105,12:59:46,1.3,50,60600
20240105,12:59:47,1.3,50,60600
20240105,12:59:48,1.3,50,59950
20240105,12:59:49,1.3,50,59950
20240105,12:59:50,1.3,50,59950
20240105,12:59:51,1.3,50,59950
20240105,12:59:52,1.3,50,59950
20240105,12:59:53,1.3,50,59950
20240105,13:00:01,1.4,2050,59950
20240105,13:00:12,1.35,50,59950
20240105,13:00:17,1.35,50,59950
20240105,13:00:19,1.35,50,59950
20240105,13:00:22,1.35,50,59950
20240105,13:00:58,1.35,50,59950
20240105,13:01:03,1.35,50,59950
20240105,13:01:04,1.35,50,59950
20240105,13:02:03,1.35,50,59950
20240105,13:02:04,1.35,50,59950
20240105,13:02:05,1.35,50,59950
20240105,13:02:08,1.35,50,59950
20240105,13:02:09,1.35,50,59950
20240105,13:02:10,1.35,50,59950
20240105,13:02:11,1.35,50,59950
20240105,13:02:12,1.35,50,59950
20240105,13:02:13,1.35,50,59950
20240105,13:02:14,1.35,50,59950
20240105,13:02:15,1.35,50,59950
20240105,13:02:16,1.35,50,59950
20240105,13:02:17,1.35,50,59950
20240105,13:02:18,1.35,50,59950
20240105,13:02:19,1.35,50,59950
20240105,13:02:20,1.35,50,59950
20240105,13:02:21,1.35,50,59950
20240105,13:02:22,1.35,50,59950
20240105,13:02:23,1.35,50,59950
20240105,13:02:24,1.35,50,59950
20240105,13:02:25,1.35,50,59950
20240105,13:02:26,1.35,50,59950
20240105,13:02:27,1.35,50,59950
20240105,13:02:28,1.35,50,59950
20240105,13:02:29,1.35,50,59950
20240105,13:02:30,1.35,50,59950
20240105,13:02:31,1.35,50,59950
20240105,13:02:32,1.35,50,59950
20240105,13:02:33,1.35,50,59950
20240105,13:02:34,1.35,50,59950
20240105,13:02:37,1.35,50,59950
20240105,13:02:39,1.35,50,59950
20240105,13:02:42,1.35,50,59950
20240105,13:02:43,1.35,50,59950
20240105,13:02:44,1.35,50,59950
20240105,13:02:45,1.35,50,59950
20240105,13:03:07,1.35,50,58000
20240105,13:03:08,1.35,50,58000
20240105,13:03:09,1.35,50,58000
20240105,13:03:10,1.35,50,58000
20240105,13:03:11,1.35,50,58000
20240105,13:03:12,1.35,50,58000
20240105,13:03:13,1.35,50,58000
20240105,13:03:14,1.35,50,58000
20240105,13:03:15,1.35,50,58000
20240105,13:03:16,1.35,100,58000
20240105,13:03:17,1.35,50,58000
20240105,13:03:18,1.35,50,58000
20240105,13:03:19,1.35,50,58000
20240105,13:03:20,1.35,50,58000
20240105,13:03:21,1.35,50,58000
20240105,13:03:22,1.35,50,58000
20240105,13:03:23,1.35,50,58000
20240105,13:03:24,1.35,50,58000
20240105,13:03:25,1.35,50,58000
20240105,13:03:26,1.35,50,58000
20240105,13:03:27,1.35,50,58000
20240105,13:03:28,1.35,50,58000
20240105,13:03:29,1.35,50,58000
20240105,13:03:30,1.35,50,58000
20240105,13:03:31,1.35,50,58000
20240105,13:03:32,1.35,50,58000
20240105,13:03:33,1.35,50,58000
20240105,13:03:34,1.35,50,58000
20240105,13:03:35,1.35,50,58000
20240105,13:03:36,1.35,50,58000
20240105,13:03:37,1.35,50,58000
20240105,13:03:38,1.35,50,58000
20240105,13:03:39,1.35,50,58000
20240105,13:03:40,1.35,50,58000
20240105,13:03:41,1.35,50,58000
20240105,13:03:42,1.35,50,58000
20240105,13:03:43,1.35,50,58000
20240105,13:03:44,1.35,50,58000
20240105,13:03:56,1.35,50,58000
20240105,13:03:57,1.35,50,58000
20240105,13:03:58,1.35,50,58000
20240105,13:04:00,1.35,50,58000
20240105,13:04:01,1.35,50,58000
20240105,13:04:02,1.35,50,58000
20240105,13:04:03,1.3,50,58000
20240105,13:04:04,1.3,50,58000
20240105,13:04:05,1.3,50,58000
20240105,13:04:06,1.3,50,58000
20240105,13:04:07,1.3,50,58000
20240105,13:04:08,1.3,50,58000
20240105,13:04:09,1.3,50,58000
20240105,13:04:10,1.3,50,58000
20240105,13:04:11,1.3,50,58000
20240105,13:04:12,1.3,50,58000
20240105,13:04:13,1.3,50,58000
20240105,13:04:14,1.3,50,58000
20240105,13:04:15,1.3,50,58000
20240105,13:04:16,1.3,200,58000
20240105,13:04:17,1.3,200,58000
20240105,13:04:18,1.3,200,58000
20240105,13:04:21,1.3,50,58000
20240105,13:04:22,1.3,50,58000
20240105,13:04:25,1.3,50,58000
20240105,13:04:27,1.3,50,58000
20240105,13:04:32,1.3,50,58000
20240105,13:04:33,1.3,50,58000
20240105,13:04:35,1.3,50,58000
20240105,13:04:36,1.3,50,58000
20240105,13:04:38,1.3,50,58000
20240105,13:04:39,1.3,50,58000
20240105,13:04:41,1.3,50,58000
20240105,13:04:42,1.3,50,58000
20240105,13:04:44,1.3,50,58000
20240105,13:04:46,1.3,50,58000
20240105,13:04:47,1.3,50,58000
20240105,13:04:48,1.3,50,58000
20240105,13:04:49,1.3,50,58000
20240105,13:04:50,1.3,50,58000
20240105,13:04:51,1.3,50,58000
20240105,13:05:04,1.3,50,58000
20240105,13:05:05,1.3,50,58000
20240105,13:05:06,1.3,50,58000
20240105,13:05:08,1.3,50,58000
20240105,13:05:13,1.3,50,58000
20240105,13:05:16,1.3,50,58000
20240105,13:05:17,1.3,50,58000
20240105,13:05:18,1.3,50,58000
20240105,13:05:19,1.3,50,58000
20240105,13:05:20,1.3,50,58000
20240105,13:05:21,1.3,50,58000
20240105,13:05:22,1.3,50,58000
20240105,13:05:23,1.3,50,58000
20240105,13:05:24,1.3,150,58000
20240105,13:05:26,1.3,50,58000
20240105,13:05:27,1.3,50,58000
20240105,13:05:31,1.3,50,58000
20240105,13:05:32,1.3,50,58000
20240105,13:05:33,1.3,50,58000
20240105,13:05:34,1.3,50,58000
20240105,13:05:35,1.3,50,58000
20240105,13:05:36,1.3,50,58000
20240105,13:05:38,1.3,50,58000
20240105,13:05:39,1.3,50,58000
20240105,13:05:43,1.3,50,58000
20240105,13:05:45,1.3,50,58000
20240105,13:05:51,1.3,50,58000
20240105,13:05:53,1.3,50,54650
20240105,13:05:54,1.3,50,54650
20240105,13:05:56,1.3,50,54650
20240105,13:05:57,1.3,50,54650
20240105,13:05:58,1.3,50,54650
20240105,13:05:59,1.3,50,54650
20240105,13:06:00,1.3,50,54650
20240105,13:06:01,1.3,50,54650
20240105,13:06:03,1.3,50,54650
20240105,13:06:04,1.3,50,54650
20240105,13:06:05,1.3,50,54650
20240105,13:06:06,1.3,50,54650
20240105,13:06:12,1.3,50,54650
20240105,13:06:18,1.3,50,54650
20240105,13:06:22,1.3,50,54650
20240105,13:06:23,1.3,50,54650
20240105,13:06:24,1.3,50,54650
20240105,13:06:29,1.3,50,54650
20240105,13:06:31,1.3,50,54650
20240105,13:06:34,1.3,50,54650
20240105,13:06:36,1.3,50,54650
20240105,13:06:37,1.3,50,54650
20240105,13:06:38,1.3,50,54650
20240105,13:06:39,1.3,50,54650
20240105,13:06:46,1.3,50,54650
20240105,13:06:47,1.3,50,54650
20240105,13:06:48,1.3,50,54650
20240105,13:06:49,1.3,50,54650
20240105,13:06:50,1.3,50,54650
20240105,13:06:51,1.3,50,54650
20240105,13:06:52,1.3,50,54650
20240105,13:06:53,1.3,50,54650
20240105,13:06:54,1.3,50,54650
20240105,13:06:55,1.3,50,54650
20240105,13:06:56,1.3,50,54650
20240105,13:06:57,1.3,50,54650
20240105,13:06:58,1.3,50,54650
20240105,13:06:59,1.3,50,54650
20240105,13:07:00,1.3,50,54650
20240105,13:07:01,1.3,50,54650
20240105,13:07:02,1.3,50,54650
20240105,13:07:03,1.3,50,54650
20240105,13:07:04,1.3,50,54650
20240105,13:07:05,1.3,50,54650
20240105,13:07:06,1.3,50,54650
20240105,13:07:07,1.3,2400,54650
20240105,13:07:08,1.25,50,54650
20240105,13:07:09,1.25,50,54650
20240105,13:07:12,1.25,50,54650
20240105,13:07:16,1.25,50,54650
20240105,13:07:18,1.25,50,54650
20240105,13:07:19,1.25,50,54650
20240105,13:07:20,1.25,50,54650
20240105,13:07:35,1.25,50,54650
20240105,13:07:40,1.25,50,54650
20240105,13:07:41,1.25,50,54650
20240105,13:07:59,1.25,50,54650
20240105,13:08:04,1.25,50,54650
20240105,13:08:06,1.25,50,54650
20240105,13:08:13,1.3,50,54650
20240105,13:08:30,1.25,50,54650
20240105,13:08:33,1.25,50,54650
20240105,13:08:35,1.25,50,54650
20240105,13:08:46,1.3,50,54650
20240105,13:08:49,1.25,50,51000
20240105,13:08:50,1.25,50,51000
20240105,13:08:51,1.25,50,51000
20240105,13:08:52,1.25,50,51000
20240105,13:08:53,1.25,50,51000
20240105,13:08:55,1.25,50,51000
20240105,13:08:58,1.25,50,51000
20240105,13:09:03,1.25,50,51000
20240105,13:09:03,1.3,50,51000
20240105,13:09:07,1.3,250,51000
20240105,13:09:09,1.25,50,51000
20240105,13:09:10,1.25,50,51000
20240105,13:09:11,1.25,50,51000
20240105,13:09:12,1.25,50,51000
20240105,13:09:13,1.25,50,51000
20240105,13:09:14,1.25,50,51000
20240105,13:09:15,1.25,50,51000
20240105,13:09:16,1.25,50,51000
20240105,13:09:17,1.25,50,51000
20240105,13:09:18,1.25,50,51000
20240105,13:09:19,1.25,50,51000
20240105,13:09:20,1.25,50,51000
20240105,13:09:25,1.25,50,51000
20240105,13:09:25,1.3,50,51000
20240105,13:09:27,1.25,50,51000
20240105,13:09:41,1.25,50,51000
20240105,13:09:43,1.25,50,51000
20240105,13:09:44,1.25,50,51000
20240105,13:09:45,1.25,50,51000
20240105,13:09:49,1.25,50,51000
20240105,13:09:54,1.25,50,51000
20240105,13:09:57,1.25,50,51000
20240105,13:09:59,1.25,50,51000
20240105,13:10:00,1.25,50,51000
20240105,13:10:01,1.25,50,51000
20240105,13:10:02,1.25,50,51000
20240105,13:10:11,1.25,50,51000
20240105,13:10:13,1.25,50,51000
20240105,13:10:14,1.25,50,51000
20240105,13:10:15,1.25,50,51000
20240105,13:10:16,1.25,50,51000
20240105,13:10:25,1.25,50,51000
20240105,13:10:30,1.25,50,51000
20240105,13:10:32,1.25,50,51000
20240105,13:10:37,1.25,50,51000
20240105,13:10:47,1.25,50,51000
20240105,13:10:48,1.25,50,51000
20240105,13:10:54,1.3,300,51000
20240105,13:10:57,1.25,50,51000
20240105,13:10:58,1.25,50,51000
20240105,13:11:00,1.25,50,51000
20240105,13:11:02,1.25,50,51000
20240105,13:11:05,1.25,50,51000
20240105,13:11:06,1.25,50,51000
20240105,13:11:07,1.25,50,51000
20240105,13:11:08,1.25,50,51000
20240105,13:11:09,1.25,50,51000
20240105,13:11:10,1.25,50,51000
20240105,13:11:19,1.25,50,51000
20240105,13:12:51,1.25,50,51000
20240105,13:12:55,1.25,50,49150
20240105,13:12:56,1.25,50,49150
20240105,13:12:57,1.25,50,49150
20240105,13:12:58,1.25,50,49150
20240105,13:12:59,1.25,50,49150
20240105,13:13:00,1.25,50,49150
20240105,13:13:01,1.25,50,49150
20240105,13:13:02,1.25,50,49150
20240105,13:13:03,1.25,50,49150
20240105,13:13:04,1.25,50,49150
20240105,13:13:05,1.25,50,49150
20240105,13:13:06,1.25,50,49150
20240105,13:13:07,1.25,50,49150
20240105,13:13:08,1.25,50,49150
20240105,13:13:09,1.25,50,49150
20240105,13:13:10,1.25,50,49150
20240105,13:13:11,1.25,50,49150
20240105,13:13:12,1.25,50,49150
20240105,13:13:13,1.25,50,49150
20240105,13:13:14,1.25,50,49150
20240105,13:13:15,1.25,50,49150
20240105,13:13:16,1.25,50,49150
20240105,13:13:17,1.25,50,49150
20240105,13:13:18,1.25,50,49150
20240105,13:13:19,1.25,50,49150
20240105,13:13:20,1.25,50,49150
20240105,13:13:21,1.25,50,49150
20240105,13:13:22,1.25,50,49150
20240105,13:13:23,1.25,50,49150
20240105,13:13:24,1.25,50,49150
20240105,13:13:27,1.25,50,49150
20240105,13:13:28,1.25,50,49150
20240105,13:13:30,1.25,50,49150
20240105,13:13:31,1.25,50,49150
20240105,13:13:34,1.25,50,49150
20240105,13:13:35,1.25,50,49150
20240105,13:13:37,1.25,50,49150
20240105,13:13:38,1.25,50,49150
20240105,13:13:39,1.25,50,49150
20240105,13:13:40,1.25,50,49150
20240105,13:13:41,1.25,50,49150
20240105,13:13:42,1.25,50,49150
20240105,13:13:43,1.25,50,49150
20240105,13:13:44,1.25,50,49150
20240105,13:13:45,1.25,50,49150
20240105,13:13:46,1.25,50,49150
20240105,13:13:47,1.25,50,49150
20240105,13:13:48,1.25,50,49150
20240105,13:13:49,1.25,50,49150
20240105,13:13:50,1.25,50,49150
20240105,13:13:51,1.25,1050,49150
20240105,13:13:51,1.25,200,49150
20240105,13:13:52,1.25,50,49150
20240105,13:13:53,1.25,50,49150
20240105,13:13:54,1.25,50,49150
20240105,13:13:55,1.25,50,49150
20240105,13:13:56,1.25,50,49150
20240105,13:13:57,1.25,50,49150
20240105,13:13:58,1.25,50,49150
20240105,13:13:59,1.25,50,49150
20240105,13:14:00,1.25,50,49150
20240105,13:14:01,1.25,50,49150
20240105,13:14:02,1.25,50,49150
20240105,13:14:03,1.25,50,49150
20240105,13:14:04,1.25,50,49150
20240105,13:14:05,1.25,50,49150
20240105,13:14:06,1.25,50,49150
20240105,13:14:07,1.25,50,49150
20240105,13:14:08,1.25,50,49150
20240105,13:14:09,1.25,50,49150
20240105,13:14:10,1.25,50,49150
20240105,13:14:11,1.25,50,49150
20240105,13:14:12,1.25,50,49150
20240105,13:14:13,1.25,50,49150
20240105,13:14:14,1.25,50,49150
20240105,13:14:15,1.25,50,49150
20240105,13:14:16,1.25,50,49150
20240105,13:14:17,1.25,50,49150
20240105,13:14:42,1.3,100,49150
20240105,13:20:38,1.3,50,49150
20240105,13:34:40,1.25,50,46250
20240105,13:37:42,1.3,500,46250
20240105,13:37:44,1.3,3000,46200
20240105,13:37:46,1.3,150,46200
20240105,13:38:02,1.3,2600,46200
20240105,13:38:02,1.3,1450,46200
20240105,13:38:05,1.3,3350,46200
20240105,13:38:05,1.3,300,46200
20240105,13:40:54,1.3,50,40400
20240105,13:40:55,1.3,50,40400
20240105,13:40:56,1.3,50,40400
20240105,13:40:57,1.3,50,40400
20240105,13:40:58,1.3,50,40400
20240105,13:40:59,1.3,50,40400
20240105,13:41:00,1.3,50,40400
20240105,13:41:01,1.3,50,40400
20240105,13:41:02,1.3,50,40400
20240105,13:41:03,1.3,50,40400
20240105,13:41:04,1.3,50,40400
20240105,13:41:05,1.3,50,40400
20240105,13:41:06,1.3,150,40400
20240105,13:41:07,1.3,150,40400
20240105,13:41:08,1.3,150,40400
20240105,13:41:09,1.3,550,40400
20240105,13:41:11,1.35,50,40400
20240105,13:41:12,1.3,100,40400
20240105,13:41:13,1.35,150,40400
20240105,13:41:14,1.35,150,40400
20240105,13:41:15,1.35,150,40400
20240105,13:41:16,1.3,1350,40400
20240105,13:41:17,1.35,150,40400
20240105,13:41:18,1.35,50,40400
20240105,13:41:19,1.35,50,40400
20240105,13:41:20,1.35,50,40400
20240105,13:41:21,1.3,150,40400
20240105,13:41:22,1.35,50,40400
20240105,13:41:23,1.35,50,40400
20240105,13:41:24,1.35,50,40400
20240105,13:41:25,1.35,50,40400
20240105,13:41:26,1.3,150,40400
20240105,13:41:27,1.35,50,40400
20240105,13:41:28,1.35,50,40400
20240105,13:41:29,1.35,50,40400
20240105,13:41:30,1.35,50,40400
20240105,13:41:31,1.3,100,40400
20240105,13:41:33,1.35,100,40400
20240105,13:41:37,1.35,50,40400
20240105,13:41:38,1.3,150,40400
20240105,13:41:39,1.35,50,40400
20240105,13:41:40,1.35,50,40400
20240105,13:41:41,1.35,50,40400
20240105,13:41:42,1.35,50,40400
20240105,13:41:43,1.35,50,40400
20240105,13:41:44,1.35,50,40400
20240105,13:41:45,1.35,50,40400
20240105,13:41:46,1.35,150,40400
20240105,13:41:47,1.35,150,40400
20240105,13:41:48,1.35,150,40400
20240105,13:41:50,1.35,50,40400
20240105,13:41:51,1.35,50,40400
20240105,13:41:52,1.35,50,40400
20240105,13:41:53,1.35,50,40400
20240105,13:41:54,1.35,50,41550
20240105,13:41:55,1.35,50,41550
20240105,13:41:56,1.35,50,41550
20240105,13:41:57,1.35,50,41550
20240105,13:41:58,1.35,50,41550
20240105,13:41:59,1.35,50,41550
20240105,13:42:00,1.35,50,41550
20240105,13:42:01,1.35,50,41550
20240105,13:42:02,1.35,50,41550
20240105,13:42:03,1.35,50,41550
20240105,13:42:04,1.35,50,41550
20240105,13:42:05,1.35,50,41550
20240105,13:42:06,1.35,50,41550
20240105,13:42:07,1.35,50,41550
20240105,13:42:08,1.35,50,41550
20240105,13:42:09,1.35,50,41550
20240105,13:42:10,1.35,50,41550
20240105,13:42:11,1.35,50,41550
20240105,13:42:12,1.35,50,41550
20240105,13:42:13,1.35,50,41550
20240105,13:42:14,1.35,50,41550
20240105,13:44:00,1.3,300,41550
20240105,13:45:16,1.25,250,42750
20240105,13:45:53,1.25,350,42750
20240105,13:47:43,1.2,500,42750
20240105,13:48:52,1.25,100,42900
20240105,13:48:58,1.25,750,42900
20240105,13:49:40,1.25,50,42900
20240105,13:49:52,1.25,50,42900
20240105,13:50:29,1.25,250,42900
20240105,13:51:04,1.25,250,42900
20240105,13:51:25,1.25,100,42650
20240105,13:51:45,1.25,250,42650
20240105,13:52:29,1.25,50,42650
20240105,13:52:33,1.25,100,42650
20240105,13:56:07,1.25,50,42650
20240105,13:56:08,1.25,200,42700
20240105,13:56:09,1.25,50,42700
20240105,13:56:10,1.25,50,42700
20240105,13:56:11,1.25,50,42700
20240105,13:56:12,1.25,50,42700
20240105,13:56:13,1.25,300,42700
20240105,13:56:14,1.25,50,42700
20240105,13:56:15,1.25,50,42700
20240105,13:56:16,1.25,50,42700
20240105,13:56:17,1.25,50,42700
20240105,13:56:18,1.25,150,42700
20240105,13:56:19,1.25,50,42700
20240105,13:56:20,1.25,50,42700
20240105,13:56:21,1.25,50,42700
20240105,13:56:22,1.25,50,42700
20240105,13:56:23,1.25,50,42700
20240105,13:56:24,1.25,50,42700
20240105,13:56:25,1.25,50,42700
20240105,13:56:26,1.25,50,42700
20240105,13:56:30,1.25,50,42700
20240105,13:56:31,1.25,150,42700
20240105,13:56:32,1.25,300,42700
20240105,13:56:33,1.25,150,42700
20240105,13:56:34,1.25,350,42700
20240105,13:56:35,1.25,50,42700
20240105,13:56:36,1.25,50,42700
20240105,13:56:37,1.25,50,42700
20240105,13:56:38,1.25,50,42700
20240105,13:56:39,1.25,50,42700
20240105,13:56:40,1.25,50,42700
20240105,13:56:41,1.25,2900,42700
20240105,13:56:42,1.25,150,42700
20240105,13:56:43,1.25,150,42700
20240105,13:56:44,1.25,150,42700
20240105,13:56:45,1.25,50,42700
20240105,13:56:46,1.25,50,42700
20240105,13:56:47,1.25,50,42700
20240105,13:56:48,1.25,50,42700
20240105,13:56:49,1.25,50,42700
20240105,13:56:50,1.25,400,42700
20240105,13:56:51,1.25,350,42700
20240105,13:56:52,1.25,50,42700
20240105,13:56:53,1.25,50,42700
20240105,13:56:54,1.25,50,42700
20240105,13:56:55,1.25,50,42700
20240105,13:56:56,1.25,50,46950
20240105,13:56:57,1.25,50,46950
20240105,13:56:58,1.25,50,46950
20240105,13:56:59,1.25,50,46950
20240105,13:57:00,1.25,50,46950
20240105,13:57:01,1.3,50,46950
20240105,13:57:02,1.3,50,46950
20240105,13:57:03,1.3,50,46950
20240105,13:57:04,1.3,50,46950
20240105,13:57:05,1.3,50,46950
20240105,13:57:06,1.3,50,46950
20240105,13:57:07,1.3,50,46950
20240105,13:57:08,1.3,50,46950
20240105,13:57:09,1.3,50,46950
20240105,13:57:10,1.3,50,46950
20240105,13:57:11,1.3,50,46950
20240105,13:57:12,1.3,50,46950
20240105,13:57:13,1.3,50,46950
20240105,13:57:14,1.3,50,46950
20240105,13:57:15,1.3,50,46950
20240105,13:57:16,1.3,50,46950
20240105,13:57:17,1.3,50,46950
20240105,13:58:50,1.25,50,46950
20240105,13:58:51,1.25,50,46950
20240105,13:58:53,1.25,100,46950
20240105,13:58:54,1.25,50,46950
20240105,13:58:56,1.25,50,46950
20240105,13:58:57,1.25,50,46950
20240105,13:58:58,1.25,50,46950
20240105,13:58:59,1.25,50,46950
20240105,13:59:00,1.25,50,46950
20240105,13:59:01,1.25,50,46950
20240105,13:59:02,1.25,50,46950
20240105,13:59:03,1.25,50,46950
20240105,13:59:04,1.25,50,46950
20240105,13:59:05,1.25,50,46950
20240105,13:59:06,1.25,50,46950
20240105,13:59:07,1.25,50,46950
20240105,13:59:08,1.25,50,46950
20240105,13:59:09,1.25,50,46950
20240105,13:59:10,1.25,50,46950
20240105,13:59:18,1.25,50,46950
20240105,13:59:19,1.25,50,46950
20240105,13:59:20,1.25,50,46950
20240105,13:59:21,1.25,50,46950
20240105,13:59:22,1.25,50,46950
20240105,13:59:51,1.25,50,46950
20240105,13:59:54,1.25,250,46950
20240105,14:00:29,1.25,50,46950
20240105,14:00:30,1.25,50,46900
20240105,14:00:31,1.25,50,46900
20240105,14:00:32,1.25,50,46900
20240105,14:00:33,1.25,50,46900
20240105,14:02:02,1.3,50,46900
20240105,14:03:22,1.25,2050,46700
20240105,14:03:30,1.25,300,46700
20240105,14:03:42,1.25,50,46700
20240105,14:03:50,1.25,250,46700
20240105,14:04:13,1.25,250,46700
20240105,14:04:16,1.25,250,46700
20240105,14:04:30,1.3,50,46700
20240105,14:04:31,1.25,100,46700
20240105,14:04:43,1.3,50,46700
20240105,14:04:44,1.3,50,46700
20240105,14:04:45,1.3,150,46700
20240105,14:04:46,1.3,150,46700
20240105,14:04:47,1.3,150,46700
20240105,14:04:48,1.3,150,46700
20240105,14:04:52,1.3,50,46700
20240105,14:04:53,1.3,50,46700
20240105,14:04:54,1.3,50,46700
20240105,14:04:55,1.3,50,46700
20240105,14:04:56,1.3,50,46700
20240105,14:04:57,1.3,50,46700
20240105,14:04:58,1.3,50,46700
20240105,14:04:59,1.3,50,46700
20240105,14:05:00,1.3,50,46700
20240105,14:05:01,1.3,50,46700
20240105,14:05:02,1.3,50,46700
20240105,14:05:03,1.3,50,46700
20240105,14:05:04,1.3,50,46700
20240105,14:05:05,1.3,50,46700
20240105,14:05:06,1.3,50,46700
20240105,14:05:07,1.3,50,46700
20240105,14:05:08,1.3,50,46700
20240105,14:05:09,1.3,50,46700
20240105,14:05:11,1.3,50,46700
20240105,14:05:12,1.3,50,46700
20240105,14:05:13,1.3,50,46700
20240105,14:05:14,1.3,50,46700
20240105,14:05:15,1.3,50,46700
20240105,14:05:16,1.3,50,46700
20240105,14:05:17,1.3,50,46700
20240105,14:05:18,1.3,50,46700
20240105,14:05:37,1.3,50,46700
20240105,14:05:39,1.3,50,46700
20240105,14:05:40,1.3,50,46700
20240105,14:05:41,1.3,150,46700
20240105,14:05:42,1.3,150,46700
20240105,14:05:43,1.3,150,46700
20240105,14:05:44,1.3,50,46700
20240105,14:05:45,1.3,50,46700
20240105,14:05:46,1.3,50,46700
20240105,14:05:47,1.3,50,46700
20240105,14:05:48,1.3,50,46700
20240105,14:05:49,1.3,50,46700
20240105,14:05:50,1.3,50,46700
20240105,14:05:51,1.3,50,46700
20240105,14:05:52,1.3,50,46700
20240105,14:05:53,1.3,50,46700
20240105,14:05:54,1.3,50,46700
20240105,14:05:55,1.3,50,46700
20240105,14:05:56,1.3,50,46700
20240105,14:05:57,1.3,50,46700
20240105,14:05:58,1.3,50,46850
20240105,14:05:59,1.3,50,46850
20240105,14:06:00,1.3,50,46850
20240105,14:06:01,1.3,50,46850
20240105,14:06:04,1.3,50,46850
20240105,14:07:02,1.25,1800,46850
20240105,14:09:42,1.25,100,46850
20240105,14:09:43,1.3,50,43900
20240105,14:09:45,1.3,100,43900
20240105,14:09:46,1.3,50,43900
20240105,14:09:47,1.3,50,43900
20240105,14:09:48,1.3,50,43900
20240105,14:09:49,1.3,50,43900
20240105,14:09:50,1.3,50,43900
20240105,14:09:52,1.3,100,43900
20240105,14:09:54,1.25,300,43900
20240105,14:09:55,1.3,50,43900
20240105,14:09:56,1.3,50,43900
20240105,14:09:57,1.3,50,43900
20240105,14:09:59,1.3,300,43900
20240105,14:10:00,1.3,150,43900
20240105,14:10:01,1.3,150,43900
20240105,14:10:03,1.3,300,43900
20240105,14:10:04,1.3,150,43900
20240105,14:10:06,1.3,300,43900
20240105,14:10:07,1.3,150,43900
20240105,14:10:08,1.3,150,43900
20240105,14:10:09,1.3,150,43900
20240105,14:10:10,1.3,150,43900
20240105,14:10:11,1.3,150,43900
20240105,14:10:12,1.3,150,43900
20240105,14:10:15,1.3,50,43900
20240105,14:10:16,1.3,50,43900
20240105,14:10:17,1.3,50,43900
20240105,14:10:18,1.3,50,43900
20240105,14:10:28,1.3,50,43900
20240105,14:10:29,1.3,50,43900
20240105,14:10:30,1.3,50,43900
20240105,14:10:31,1.3,50,43900
20240105,14:10:32,1.3,50,43900
20240105,14:10:35,1.3,50,43900
20240105,14:10:36,1.3,50,43900
20240105,14:10:42,1.3,50,43900
20240105,14:10:44,1.3,50,43900
20240105,14:10:45,1.3,50,43900
20240105,14:10:45,1.3,3200,43900
20240105,14:10:46,1.3,50,43900
20240105,14:12:27,1.3,50,43900
20240105,14:12:29,1.3,50,48150
20240105,14:12:30,1.3,50,48150
20240105,14:12:31,1.3,50,48150
20240105,14:12:32,1.3,50,48150
20240105,14:12:33,1.3,50,48150
20240105,14:12:34,1.3,50,48150
20240105,14:12:35,1.3,50,48150
20240105,14:12:39,1.3,50,48150
20240105,14:12:40,1.3,50,48150
20240105,14:12:42,1.3,50,48150
20240105,14:12:43,1.25,200,48150
20240105,14:12:44,1.3,50,48150
20240105,14:12:45,1.3,50,48150
20240105,14:12:46,1.3,50,48150
20240105,14:12:47,1.3,50,48150
20240105,14:12:48,1.3,50,48150
20240105,14:12:49,1.3,50,48150
20240105,14:12:50,1.3,50,48150
20240105,14:12:51,1.3,50,48150
20240105,14:13:07,1.25,100,48150
20240105,14:13:26,1.25,100,48150
20240105,14:13:42,1.25,100,48150
20240105,14:13:48,1.25,3000,48150
20240105,14:15:04,1.2,1800,46800
20240105,14:15:08,1.2,3600,46800
20240105,14:15:09,1.2,8050,46800
20240105,14:15:25,1.2,250,46800
20240105,14:17:48,1.2,50,46800
20240105,14:17:49,1.2,50,46800
20240105,14:17:50,1.2,150,46800
20240105,14:17:51,1.2,150,46800
20240105,14:17:52,1.2,150,46800
20240105,14:17:53,1.2,150,46800
20240105,14:17:54,1.2,150,46800
20240105,14:17:55,1.2,50,46800
20240105,14:17:56,1.2,50,46800
20240105,14:17:57,1.2,50,46800
20240105,14:17:58,1.2,50,46800
20240105,14:17:59,1.2,50,43500
20240105,14:18:00,1.2,50,43500
20240105,14:18:01,1.2,50,43500
20240105,14:18:02,1.2,50,43500
20240105,14:18:03,1.2,50,43500
20240105,14:18:04,1.2,50,43500
20240105,14:18:05,1.2,50,43500
20240105,14:18:06,1.2,50,43500
20240105,14:18:07,1.2,50,43500
20240105,14:18:17,1.2,50,43500
20240105,14:18:18,1.2,50,43500
20240105,14:18:19,1.2,50,43500
20240105,14:18:20,1.2,50,43500
20240105,14:18:21,1.15,1800,43500
20240105,14:18:51,1.15,200,43500
20240105,14:18:55,1.2,50,43500
20240105,14:18:57,1.15,200,43500
20240105,14:19:01,1.2,50,43500
20240105,14:19:03,1.2,50,43500
20240105,14:19:04,1.2,50,43500
20240105,14:19:05,1.2,50,43500
20240105,14:19:06,1.2,50,43500
20240105,14:19:07,1.2,50,43500
20240105,14:19:08,1.2,50,43500
20240105,14:19:09,1.2,50,43500
20240105,14:19:10,1.2,50,43500
20240105,14:19:11,1.2,100,43500
20240105,14:19:12,1.2,50,43500
20240105,14:19:13,1.2,50,43500
20240105,14:19:14,1.15,1850,43500
20240105,14:19:16,1.15,400,43500
20240105,14:19:22,1.15,5800,43500
20240105,14:19:23,1.15,50,43500
20240105,14:19:26,1.15,50,43500
20240105,14:19:27,1.15,50,43500
20240105,14:20:59,1.1,1100,43500
20240105,14:21:18,1.1,250,45400
20240105,14:21:27,1.1,250,45400
20240105,14:21:33,1.1,500,45400
20240105,14:22:14,1.1,500,45400
20240105,14:22:56,1.1,250,45400
20240105,14:23:01,1.1,250,45400
20240105,14:23:06,1.1,300,45400
20240105,14:23:42,1.1,250,45400
20240105,14:24:41,1.1,200,45550
20240105,14:24:43,1.1,250,45550
20240105,14:24:46,1.1,400,45550
20240105,14:24:52,1.1,200,45550
20240105,14:25:00,1.1,9850,45550
20240105,14:25:04,1.05,1800,45550
20240105,14:25:12,1.05,500,45550
20240105,14:26:00,1.05,750,45550
20240105,14:26:33,1.05,750,45550
20240105,14:27:28,1.05,250,45550
20240105,14:30:28,1.1,50,53600
20240105,14:30:52,1.1,50,53850
20240105,14:31:54,1.05,50,53850
20240105,14:31:55,1.05,50,53850
20240105,14:31:56,1.05,50,53850
20240105,14:31:57,1.05,50,53850
20240105,14:31:58,1.05,50,53850
20240105,14:32:01,1.05,50,53850
20240105,14:32:03,1.05,50,53850
20240105,14:32:04,1.05,50,53850
20240105,14:32:05,1.05,50,53850
20240105,14:32:06,1.05,50,53850
20240105,14:32:07,1.05,50,53850
20240105,14:36:46,1.1,50,53600
20240105,14:36:47,1.1,50,53600
20240105,14:36:48,1.1,50,53600
20240105,14:36:49,1.1,50,53600
20240105,14:36:50,1.1,50,53600
20240105,14:36:51,1.1,50,53600
20240105,14:36:52,1.1,50,53600
20240105,14:36:53,1.1,50,53600
20240105,14:36:54,1.1,50,53600
20240105,14:36:55,1.1,50,53600
20240105,14:36:56,1.1,50,53600
20240105,14:36:57,1.1,50,53600
20240105,14:36:58,1.1,50,53600
20240105,14:36:59,1.1,50,53600
20240105,14:37:00,1.1,50,53600
20240105,14:37:01,1.1,50,53600
20240105,14:37:02,1.1,50,53600
20240105,14:37:03,1.1,50,53600
20240105,14:37:04,1.1,50,53600
20240105,14:37:05,1.1,50,53600
20240105,14:37:06,1.1,50,53600
20240105,14:37:07,1.1,50,53600
20240105,14:37:08,1.1,50,53600
20240105,14:37:09,1.1,50,53600
20240105,14:37:10,1.1,50,53600
20240105,14:37:11,1.1,50,53600
20240105,14:37:12,1.1,50,53600
20240105,14:37:13,1.1,750,53600
20240105,14:37:14,1.1,150,53600
20240105,14:37:15,1.1,150,53600
20240105,14:37:31,1.1,50,53600
20240105,14:37:32,1.1,50,53600
20240105,14:37:33,1.1,50,53600
20240105,14:37:34,1.1,50,53600
20240105,14:37:35,1.1,50,53600
20240105,14:37:37,1.1,50,53600
20240105,14:37:41,1.1,50,53600
20240105,14:37:57,1.1,50,53600
20240105,14:38:27,1.1,50,53600
20240105,14:38:34,1.1,250,53600
20240105,14:38:37,1.1,50,53600
20240105,14:38:41,1.1,50,53600
20240105,14:38:42,1.1,50,53600
20240105,14:38:44,1.1,50,53600
20240105,14:38:45,1.1,50,53600
20240105,14:39:20,1.1,50,53600
20240105,14:41:01,1.1,1750,53600
20240105,14:41:17,1.1,250,53600
20240105,14:42:04,1.1,250,52800
20240105,14:42:31,1.1,250,52800
20240105,14:43:29,1.1,250,52800
20240105,14:43:31,1.1,600,52800
20240105,14:43:45,1.1,50,52800
20240105,14:44:22,1.1,250,52800
20240105,14:44:30,1.05,50,52800
20240105,14:44:31,1.05,50,52800
20240105,14:44:32,1.05,50,52800
20240105,14:44:33,1.05,50,52800
20240105,14:44:34,1.05,50,52800
20240105,14:44:35,1.05,50,52800
20240105,14:44:36,1.05,50,52800
20240105,14:44:37,1.05,50,52800
20240105,14:44:38,1.05,50,52800
20240105,14:44:39,1.05,200,52800
20240105,14:44:40,1.05,200,52800
20240105,14:44:41,1.05,200,52800
20240105,14:45:15,1.05,50,51450
20240105,14:45:16,1.05,50,51450
20240105,14:45:17,1.05,50,51450
20240105,14:45:18,1.05,50,51450
20240105,14:45:19,1.05,50,51450
20240105,14:45:20,1.05,50,51450
20240105,14:45:21,1.05,50,51450
20240105,14:45:22,1.05,200,51450
20240105,14:45:23,1.05,200,51450
20240105,14:45:24,1.05,200,51450
20240105,14:45:25,1.05,200,51450
20240105,14:45:26,1.05,200,51450
20240105,14:45:27,1.05,200,51450
20240105,14:45:28,1.05,200,51450
20240105,14:45:29,1.05,200,51450
20240105,14:45:30,1.05,200,51450
20240105,14:45:31,1.05,200,51450
20240105,14:45:32,1.05,200,51450
20240105,14:45:33,1.05,200,51450
20240105,14:45:34,1.05,200,51450
20240105,14:45:35,1.05,200,51450
20240105,14:45:36,1.05,200,51450
20240105,14:45:37,1.05,200,51450
20240105,14:45:38,1.05,200,51450
20240105,14:45:39,1.05,200,51450
20240105,14:45:40,1.05,50,51450
20240105,14:45:41,1.05,50,51450
20240105,14:45:42,1.05,50,51450
20240105,14:45:43,1.05,50,51450
20240105,14:45:44,1.05,200,51450
20240105,14:45:45,1.05,200,51450
20240105,14:45:46,1.05,200,51450
20240105,14:45:54,1.1,500,51450
20240105,14:48:36,1.1,50,49100
20240105,14:48:37,1.1,50,49100
20240105,14:48:38,1.1,50,49100
20240105,14:48:39,1.1,50,49100
20240105,14:48:40,1.1,50,49100
20240105,14:48:41,1.1,50,49100
20240105,14:48:42,1.1,50,49100
20240105,14:48:43,1.1,50,49100
20240105,14:48:44,1.1,50,49100
20240105,14:48:45,1.1,50,49100
20240105,14:48:46,1.1,50,49100
20240105,14:48:47,1.1,50,49100
20240105,14:48:48,1.1,50,49100
20240105,14:48:49,1.1,150,49100
20240105,14:48:50,1.1,150,49100
20240105,14:48:51,1.1,50,49100
20240105,14:48:52,1.1,50,49100
20240105,14:48:53,1.1,50,49100
20240105,14:48:54,1.1,50,49100
20240105,14:48:55,1.1,50,49100
20240105,14:48:56,1.1,50,49100
20240105,14:48:57,1.1,50,49100
20240105,14:48:58,1.1,50,49100
20240105,14:48:59,1.1,50,49100
20240105,14:49:00,1.1,50,49100
