date,time,tick_price,volume,open_interest
20231201,09:25:30,472.0,50,50
20231201,09:32:01,470.7,50,50
20231201,09:32:45,464.1,50,100
20231201,09:35:12,464.1,500,100
20231201,09:35:20,473.2,50,550
20231201,09:35:28,474.0,50,550
20231201,09:36:28,475.0,500,550
20231201,09:37:20,475.0,50,550
20231201,09:48:32,472.45,50,1100
20231201,09:50:42,479.7,50,1050
20231201,09:52:26,496.0,50,1050
20231201,09:54:02,496.3,50,1100
20231201,09:54:11,500.0,50,1100
20231201,09:55:32,500.0,50,1100
20231201,09:55:40,500.0,50,1100
20231201,09:56:34,500.0,50,1150
20231201,09:57:28,500.55,50,1150
20231201,09:58:23,500.55,50,1150
20231201,10:05:25,500.0,50,1150
20231201,10:08:37,492.55,50,1200
20231201,10:10:22,490.0,50,1200
20231201,10:10:45,487.0,200,1200
20231201,10:14:59,496.95,50,1300
20231201,10:17:34,496.95,50,1350
20231201,10:21:30,494.5,50,1350
20231201,10:23:00,492.0,50,1350
20231201,10:23:30,485.65,50,1450
20231201,10:26:28,487.6,50,1450
20231201,10:26:35,484.0,50,1450
20231201,10:28:06,488.05,50,1450
20231201,10:31:16,480.0,50,1450
20231201,10:32:11,477.0,150,1450
20231201,10:36:14,480.0,50,1600
20231201,10:38:41,484.0,50,1600
20231201,10:39:40,481.8,50,1600
20231201,10:42:45,482.0,100,1550
20231201,10:47:58,483.0,100,1550
20231201,10:48:27,484.0,50,1550
20231201,10:49:23,484.0,50,1550
20231201,10:50:50,488.0,50,1650
20231201,10:51:03,488.0,50,1650
20231201,10:51:10,488.0,50,1650
20231201,10:53:06,488.0,50,1650
20231201,10:54:17,487.55,50,1750
20231201,10:55:19,479.9,50,1750
20231201,10:56:11,482.0,50,1750
20231201,11:10:30,480.0,300,1750
20231201,11:12:02,478.95,50,2000
20231201,11:13:54,486.95,50,2000
20231201,11:14:48,479.65,50,2050
20231201,11:18:36,479.9,100,2050
20231201,11:20:43,482.3,50,2200
20231201,11:20:57,479.0,50,2200
20231201,11:21:12,479.0,100,2200
20231201,11:21:41,477.5,50,2200
20231201,11:21:56,476.0,200,2200
20231201,11:22:25,476.05,100,2200
20231201,11:23:29,476.05,200,2200
20231201,11:24:18,475.65,200,2900
20231201,11:25:07,475.7,500,2900
20231201,11:26:59,475.7,500,3600
20231201,11:29:22,480.95,500,3600
20231201,11:29:38,481.85,1000,4550
20231201,11:30:25,485.0,800,4550
20231201,11:30:33,485.0,150,4550
20231201,11:31:28,484.0,50,4550
20231201,11:32:00,489.65,50,4550
20231201,11:32:30,490.45,100,4550
20231201,11:32:45,492.0,100,6550
20231201,11:34:30,490.0,100,6550
20231201,11:37:37,486.55,50,6550
20231201,11:48:28,484.25,100,6600
20231201,11:48:43,485.0,150,6600
20231201,11:49:46,486.95,100,6600
20231201,11:50:24,487.7,50,6600
20231201,11:51:53,480.0,500,6700
20231201,11:52:00,478.0,1000,6700
20231201,11:52:37,487.1,200,6700
20231201,11:52:45,487.05,50,6700
20231201,11:54:50,488.65,100,8200
20231201,11:56:34,487.75,200,8200
20231201,11:59:15,486.4,150,8200
20231201,12:00:41,489.2,100,8350
20231201,12:01:46,489.25,50,8350
20231201,12:08:03,491.0,50,8500
20231201,12:08:10,487.95,200,8500
20231201,12:08:25,487.0,500,8500
20231201,12:11:11,491.15,100,9050
20231201,12:14:26,487.6,50,9050
20231201,12:14:42,487.5,50,9050
20231201,12:21:44,483.8,50,9050
20231201,12:22:05,484.1,50,9050
20231201,12:22:08,484.5,100,9050
20231201,12:23:25,484.85,50,9050
20231201,12:23:33,485.65,200,9050
20231201,12:23:57,485.65,50,9300
20231201,12:24:12,485.25,50,9300
20231201,12:24:27,487.1,50,9300
20231201,12:25:05,487.1,150,9300
20231201,12:27:44,487.05,50,9350
20231201,12:30:29,487.0,100,9400
20231201,12:35:23,487.3,50,9400
20231201,12:38:06,488.7,50,9400
20231201,12:38:08,489.1,50,9400
20231201,12:38:09,489.15,50,9400
20231201,12:38:10,489.15,50,9400
20231201,12:38:18,489.0,50,9400
20231201,12:38:46,490.9,50,9400
20231201,12:38:50,491.95,50,9500
20231201,12:38:58,492.0,50,9500
20231201,12:39:58,490.65,50,9500
20231201,12:40:28,486.5,50,9500
20231201,12:40:55,490.0,100,9500
20231201,12:40:56,490.0,200,9500
20231201,12:40:57,490.0,200,9500
20231201,12:41:04,492.1,100,9500
20231201,12:42:10,492.2,50,10200
20231201,12:44:17,490.0,50,10200
20231201,12:45:10,484.8,50,10250
20231201,12:46:08,485.75,50,10250
20231201,12:46:29,486.0,50,10250
20231201,12:48:00,485.2,50,10300
20231201,12:48:58,484.3,50,10300
20231201,12:49:04,483.35,100,10300
20231201,12:49:18,484.1,500,10300
20231201,12:50:15,485.5,100,10300
20231201,12:58:12,488.2,50,11100
20231201,12:58:20,489.0,50,11100
20231201,13:02:38,488.35,50,11200
20231201,13:02:47,486.55,50,11200
20231201,13:03:44,484.3,50,11300
20231201,13:04:17,490.0,250,11300
20231201,13:10:48,484.65,100,11600
20231201,13:13:46,485.25,100,11700
20231201,13:14:39,479.5,200,11700
20231201,13:16:14,490.3,450,12000
20231201,13:16:20,491.1,50,12000
20231201,13:16:50,485.8,50,12000
20231201,13:22:22,483.25,50,12150
20231201,13:23:42,478.55,150,12150
20231201,13:24:08,485.4,150,12250
20231201,13:24:17,489.45,150,12250
20231201,13:24:18,489.75,150,12250
20231201,13:24:19,489.65,150,12250
20231201,13:24:21,490.05,250,12250
20231201,13:24:21,489.2,100,12250
20231201,13:24:22,490.0,200,12250
20231201,13:24:23,491.0,200,12250
20231201,13:24:24,491.0,100,12250
20231201,13:24:40,484.8,200,12250
20231201,13:27:26,485.9,100,12900
20231201,13:36:07,486.95,150,13000
20231201,13:37:47,487.0,150,13000
20231201,13:39:58,486.0,250,13200
20231201,13:40:05,486.0,150,13200
20231201,13:41:56,485.75,50,13500
20231201,13:55:21,495.6,300,13550
20231201,13:55:28,495.25,150,13550
20231201,13:55:36,495.45,50,13550
20231201,13:55:43,495.85,50,13550
20231201,13:56:44,495.55,50,13550
20231201,13:57:20,495.0,50,13650
20231201,13:59:46,494.15,50,13650
20231201,13:59:47,493.7,100,13650
20231201,14:00:17,493.75,100,13650
20231201,14:00:24,493.0,50,13650
20231201,14:03:43,496.05,100,13700
20231201,14:04:24,497.0,100,13700
20231201,14:04:30,497.3,100,13700
20231201,14:05:22,500.0,50,13700
20231201,14:09:23,495.0,350,13750
20231201,14:09:43,496.0,400,13750
20231201,14:09:50,496.0,200,13750
20231201,14:09:51,496.0,350,13750
20231201,14:09:52,496.0,50,13750
20231201,14:09:54,496.0,100,13750
20231201,14:09:55,496.0,250,13750
20231201,14:10:24,496.0,50,13750
20231201,14:12:51,496.0,150,14350
20231201,14:13:44,496.0,100,14350
20231201,14:15:12,487.05,50,14500
20231201,14:27:07,493.05,50,14450
20231201,14:27:22,495.15,150,14450
20231201,14:27:29,495.1,50,14450
20231201,14:30:33,493.0,200,14450
20231201,14:30:41,493.4,150,14450
20231201,14:31:30,492.95,50,14450
20231201,14:31:38,496.1,50,14450
20231201,14:31:48,493.05,50,14450
20231201,14:31:55,493.0,100,14450
20231201,14:31:59,494.25,50,14450
20231201,14:32:03,494.1,50,14450
20231201,14:32:21,493.0,50,14450
20231201,14:32:22,493.0,300,14450
20231201,14:32:25,493.0,600,14450
20231201,14:32:58,490.15,100,14450
20231201,14:33:23,489.55,100,15300
20231201,14:33:39,492.0,200,15300
20231201,14:34:03,493.95,50,15300
20231201,14:34:10,494.3,150,15300
20231201,14:34:33,493.9,50,15300
20231201,14:34:56,494.05,50,15300
20231201,14:35:11,494.05,50,15300
20231201,14:35:19,492.0,150,15300
20231201,14:35:27,490.0,50,15300
20231201,14:38:18,486.0,100,15400
20231201,14:38:52,487.0,550,15400
20231201,14:39:50,490.8,50,15950
20231201,14:39:53,490.6,50,15950
20231201,14:39:57,490.15,50,15950
20231201,14:40:00,490.35,50,15950
20231201,14:40:05,490.2,50,15950
20231201,14:40:07,490.15,50,15950
20231201,14:40:43,488.0,50,15950
20231201,14:40:54,488.0,50,15950
20231201,14:42:03,486.0,500,16250
20231201,14:43:38,485.05,50,16250
20231201,14:43:45,486.1,50,16250
20231201,14:43:53,484.95,100,16250
20231201,14:44:02,484.6,50,16250
20231201,14:44:20,483.8,50,16250
20231201,14:45:24,487.25,500,16850
20231201,14:46:20,481.0,200,16850
20231201,14:46:32,480.0,300,16850
20231201,14:46:40,479.8,50,16850
20231201,14:46:42,480.0,50,16850
20231201,14:49:01,492.75,100,16850
20231201,14:56:36,486.7,100,17000
20231201,14:59:26,482.55,200,17000
20231201,14:59:43,482.85,100,17000
20231201,15:00:20,484.95,50,17000
20231201,15:00:22,484.95,100,16800
20231201,15:00:36,484.45,50,16800
20231201,15:01:30,489.15,100,16800
20231201,15:01:39,489.15,750,16800
20231201,15:01:47,489.75,100,16800
20231201,15:02:42,490.75,50,16800
20231201,15:02:51,490.4,100,16800
20231201,15:03:15,490.0,350,17800
20231201,15:03:23,494.1,100,17800
20231201,15:03:31,495.4,50,17800
20231201,15:03:48,492.0,50,17800
20231201,15:03:57,492.0,50,17800
20231201,15:04:04,491.35,50,17800
20231201,15:04:52,490.4,100,17800
20231201,15:05:23,489.15,50,17800
20231201,15:05:31,489.0,50,17800
20231201,15:05:38,489.0,200,17800
20231201,15:07:25,489.0,50,18700
20231201,15:11:19,483.35,50,18750
20231201,15:12:06,484.0,200,18550
20231201,15:15:07,487.0,50,18550
20231201,15:17:52,486.05,50,18550
20231201,15:18:08,487.05,50,18550
20231201,15:18:16,487.05,50,18650
20231201,15:19:32,490.0,450,18650
20231201,15:21:13,489.95,50,18950
20231201,15:22:07,487.55,100,18950
20231201,15:26:15,485.25,300,18900
20231201,15:26:39,485.25,500,18900
20231201,15:27:31,485.65,300,19400
20231201,15:27:39,485.25,50,19400
20231201,15:27:48,485.25,150,19400
20231201,15:27:56,483.9,100,19400
20231201,15:28:05,482.55,100,19400
20231201,15:28:40,479.05,100,19400
20231201,15:28:58,480.0,50,19400
20231201,15:29:15,479.4,150,19400
20231201,15:30:00,480.0,100,19400
20231204,09:15:54,633.05,1,19400
20231204,09:15:54,633.05,50,19400
20231204,09:16:48,646.55,100,19150
20231204,09:17:00,648.35,50,19150
20231204,09:17:07,648.55,50,19150
20231204,09:17:14,654.9,300,19150
20231204,09:17:16,651.15,100,19150
20231204,09:17:47,653.15,50,19050
20231204,09:17:51,653.5,50,19050
20231204,09:17:54,653.1,50,19050
20231204,09:17:55,643.65,500,19050
20231204,09:18:17,652.55,150,19050
20231204,09:18:26,647.05,100,19050
20231204,09:18:47,639.95,50,19050
20231204,09:19:01,635.4,50,19050
20231204,09:19:02,637.0,150,19050
20231204,09:19:11,636.8,150,19050
20231204,09:19:16,643.15,50,19050
20231204,09:19:30,639.95,50,19050
20231204,09:19:39,640.0,150,19050
20231204,09:21:00,631.8,50,18600
20231204,09:23:55,631.8,100,18600
20231204,09:24:51,652.55,50,18600
20231204,09:26:57,648.0,50,18600
20231204,09:27:44,650.0,200,18600
20231204,09:27:59,653.0,50,18600
20231204,09:28:26,662.55,1000,18600
20231204,09:28:33,665.05,1200,18600
20231204,09:28:58,657.6,100,18600
20231204,09:29:07,655.0,50,18600
20231204,09:31:23,661.35,100,18600
20231204,09:31:26,661.4,150,17550
20231204,09:31:41,664.0,1350,17550
20231204,09:32:01,664.0,800,17550
20231204,09:32:18,680.0,1800,17550
20231204,09:32:43,680.0,200,16000
20231204,09:33:08,680.0,250,16000
20231204,09:33:35,670.1,200,16000
20231204,09:33:43,670.05,100,16000
20231204,09:35:09,667.75,50,16000
20231204,09:35:10,667.0,150,16000
20231204,09:35:11,680.0,1400,16000
20231204,09:35:28,670.05,50,15900
20231204,09:35:54,670.0,50,15900
20231204,09:36:25,670.0,100,15900
20231204,09:36:35,670.0,50,15900
20231204,09:38:15,666.9,200,15900
20231204,09:38:22,668.0,50,15900
20231204,09:38:38,667.0,200,16050
20231204,09:39:02,676.3,50,16050
20231204,09:39:17,669.05,50,16050
20231204,09:40:11,665.7,50,16050
20231204,09:41:17,665.0,300,16050
20231204,09:41:39,657.4,50,16550
20231204,09:42:30,660.0,50,16550
20231204,09:42:37,659.0,50,16550
20231204,09:42:42,660.0,150,16550
20231204,09:43:35,661.8,100,16550
20231204,09:43:51,661.8,100,16550
20231204,09:43:52,661.8,100,16550
20231204,09:47:18,654.55,100,16550
20231204,09:50:03,652.3,100,16850
20231204,09:51:06,652.25,50,16900
20231204,09:51:27,651.05,50,16900
20231204,09:52:03,650.05,150,16900
20231204,09:52:22,659.95,50,16900
20231204,09:53:18,655.0,150,16900
20231204,09:53:23,654.95,50,16900
20231204,09:53:25,650.0,200,17150
20231204,09:53:33,654.95,50,17150
20231204,09:54:04,650.0,50,17150
20231204,09:54:50,640.0,250,17150
20231204,09:55:22,641.3,50,17150
20231204,09:55:36,640.15,100,17150
20231204,09:56:09,641.45,50,17150
20231204,09:56:10,649.0,350,17150
20231204,09:56:29,645.0,50,17150
20231204,09:57:36,647.9,50,17150
20231204,09:58:18,646.35,50,17150
20231204,09:59:07,644.0,200,17150
20231204,10:00:01,642.7,50,16850
20231204,10:00:05,649.15,100,16850
20231204,10:00:10,650.0,50,16850
20231204,10:03:27,643.4,50,16800
20231204,10:03:50,653.45,50,16800
20231204,10:04:54,650.95,50,16800
20231204,10:07:17,640.0,50,16850
20231204,10:08:08,644.0,500,16850
20231204,10:08:09,645.0,50,16850
20231204,10:09:27,645.0,50,16800
20231204,10:09:30,645.0,200,16800
20231204,10:11:55,647.95,50,16800
20231204,10:12:26,648.0,150,16800
20231204,10:14:08,649.05,50,16800
20231204,10:14:16,649.15,50,16800
20231204,10:14:24,645.0,50,16800
20231204,10:14:49,649.75,50,17000
20231204,10:15:05,651.15,50,17000
20231204,10:15:51,648.0,50,17000
20231204,10:17:36,648.0,50,17050
20231204,10:17:45,648.0,100,17050
20231204,10:18:29,647.85,150,17050
20231204,10:18:58,647.0,100,17050
20231204,10:19:50,647.0,50,17050
20231204,10:20:38,647.6,50,17500
20231204,10:20:49,648.0,100,17500
20231204,10:21:16,645.1,50,17500
20231204,10:21:55,647.05,50,17500
20231204,10:21:56,646.0,50,17500
20231204,10:22:44,648.6,50,17500
20231204,10:22:51,647.25,250,17500
20231204,10:23:29,652.1,250,17850
20231204,10:25:03,648.9,100,17850
20231204,10:26:17,652.05,100,17850
20231204,10:26:42,655.0,300,18250
20231204,10:26:59,652.0,300,18250
20231204,10:27:28,660.0,100,18250
20231204,10:35:53,648.0,300,18850
20231204,10:36:04,648.0,100,18850
20231204,10:39:09,640.0,300,19250
20231204,10:39:44,645.0,100,19250
20231204,10:40:23,645.55,250,19250
20231204,10:40:32,645.55,250,19250
20231204,10:41:00,645.0,100,19250
20231204,10:41:13,646.0,50,19250
20231204,10:43:29,657.0,50,19900
20231204,10:45:18,658.0,100,19900
20231204,10:45:54,655.0,50,19900
20231204,10:50:04,655.05,100,19900
20231204,10:58:57,664.0,100,19950
20231204,11:00:02,664.0,200,19950
20231204,11:00:25,669.0,50,19950
20231204,11:03:06,667.8,100,19950
20231204,11:04:03,667.0,150,19950
20231204,11:08:39,669.4,100,19950
20231204,11:10:41,667.0,100,19950
20231204,11:10:56,665.0,300,19950
20231204,11:11:27,665.0,300,19950
20231204,11:11:36,670.0,150,19950
20231204,11:15:10,675.0,150,20350
20231204,11:16:53,682.2,50,20350
20231204,11:18:31,684.0,50,20300
20231204,11:18:52,685.0,50,20300
20231204,11:24:30,685.0,50,20350
20231204,11:24:38,679.95,150,20350
20231204,11:25:10,680.0,450,20350
20231204,11:25:26,680.0,100,20350
20231204,11:26:01,678.0,600,20350
20231204,11:28:39,676.3,50,21150
20231204,11:29:24,676.75,100,21150
20231204,11:30:44,680.0,50,21250
20231204,11:32:57,678.05,50,21250
20231204,11:37:28,680.4,100,21350
20231204,11:39:15,678.0,100,21400
20231204,11:40:06,676.05,50,21400
20231204,11:40:48,676.05,100,21400
20231204,11:43:31,676.0,100,21650
20231204,11:44:07,676.0,100,21650
20231204,11:45:41,683.2,100,21850
20231204,11:45:45,684.0,100,21850
20231204,11:46:08,683.2,50,21850
20231204,11:48:10,681.0,50,21850
20231204,11:48:38,685.0,250,21850
20231204,11:49:31,682.8,100,21850
20231204,11:51:05,681.5,350,21850
20231204,11:51:06,682.0,100,21950
20231204,11:52:38,676.9,150,21950
20231204,11:52:51,677.0,50,21950
20231204,11:53:36,677.0,400,21950
20231204,11:53:44,677.0,50,21950
20231204,11:53:49,675.1,50,22650
20231204,11:54:15,673.9,50,22650
20231204,11:55:17,679.85,450,22650
20231204,11:56:37,679.7,50,22650
20231204,11:56:53,681.75,50,22950
20231204,11:57:02,681.65,50,22950
20231204,11:57:25,684.1,50,22950
20231204,11:57:41,684.8,50,22950
20231204,11:57:54,684.65,50,22950
20231204,11:58:01,684.45,50,22950
20231204,11:59:41,684.2,50,22950
20231204,11:59:47,683.65,50,23150
20231204,12:01:32,683.15,50,23150
20231204,12:03:42,678.35,50,23250
20231204,12:07:54,683.0,50,23250
20231204,12:08:24,676.5,100,23200
20231204,12:11:18,684.5,50,23300
20231204,12:11:26,684.5,100,23300
20231204,12:12:15,685.0,100,23450
20231204,12:12:17,685.0,50,23450
20231204,12:13:59,690.0,50,23450
20231204,12:14:24,690.35,50,23450
20231204,12:18:18,690.35,150,23600
20231204,12:20:47,685.0,50,23550
20231204,12:23:09,685.0,50,23550
20231204,12:28:04,687.0,200,23550
20231204,12:28:50,687.0,200,23550
20231204,12:29:07,687.0,100,23550
20231204,12:29:46,689.55,50,23550
20231204,12:31:29,689.8,50,23900
20231204,12:38:43,690.3,100,23950
20231204,12:39:32,686.0,50,24050
20231204,12:42:26,690.0,50,24050
20231204,12:44:59,697.25,200,24100
20231204,12:47:27,697.25,100,24100
20231204,12:47:54,682.75,50,24100
20231204,12:48:10,687.5,100,24400
20231204,12:48:18,689.05,50,24400
20231204,12:48:59,688.95,50,24400
20231204,12:49:30,690.25,50,24400
20231204,12:50:08,690.2,300,24400
20231204,12:50:19,690.4,50,24400
20231204,12:54:56,687.15,50,24450
20231204,12:56:00,695.85,100,24450
20231204,12:58:53,688.25,50,24450
20231204,12:59:38,689.35,100,24450
20231204,13:02:53,696.0,200,24450
20231204,13:03:02,696.0,1050,24450
20231204,13:03:45,690.2,50,24450
20231204,13:04:18,690.15,50,24450
20231204,13:07:20,690.2,50,25500
20231204,13:08:50,685.0,50,25500
20231204,13:09:07,686.0,50,25500
20231204,13:09:32,688.0,50,25500
20231204,13:14:33,692.45,100,25500
20231204,13:16:31,699.95,150,25600
20231204,13:16:49,700.0,150,25600
20231204,13:17:33,705.0,50,25600
20231204,13:18:06,711.9,50,25650
20231204,13:18:52,713.1,450,25650
20231204,13:20:07,715.6,100,25650
20231204,13:20:10,716.0,100,25650
20231204,13:20:18,718.7,100,25650
20231204,13:22:09,726.7,50,26350
20231204,13:22:24,726.7,50,26350
20231204,13:22:32,725.25,200,26350
20231204,13:23:43,724.35,50,26350
20231204,13:24:21,723.2,50,26700
20231204,13:24:28,718.15,50,26700
20231204,13:25:23,712.0,50,26700
20231204,13:33:44,729.35,450,26700
20231204,13:33:45,727.4,300,26700
20231204,13:34:42,727.3,50,26700
20231204,13:34:51,727.35,50,26700
20231204,13:34:53,725.8,50,26700
20231204,13:35:16,729.55,50,26700
20231204,13:35:20,729.55,50,26700
20231204,13:36:10,725.65,50,27650
20231204,13:36:26,726.05,50,27650
20231204,13:36:34,725.6,50,27650
20231204,13:36:43,725.7,50,27650
20231204,13:37:46,720.0,500,27650
20231204,13:38:37,725.0,50,27650
20231204,13:38:41,728.4,200,27650
20231204,13:39:16,730.35,50,27850
20231204,13:39:31,730.35,50,27850
20231204,13:39:50,729.3,50,27850
20231204,13:40:20,726.0,100,27850
20231204,13:40:42,728.75,50,27850
20231204,13:43:49,727.0,50,28000
20231204,13:43:57,727.0,50,28000
20231204,13:46:02,736.0,500,28050
20231204,13:46:41,736.0,50,28050
20231204,13:46:49,726.0,50,28050
20231204,13:47:07,724.45,50,28050
20231204,13:47:24,723.0,50,28050
20231204,13:47:33,722.65,50,28050
20231204,13:47:59,722.0,50,28050
20231204,13:50:15,715.0,50,28350
20231204,13:50:24,715.0,50,28350
20231204,13:51:08,717.95,100,28400
20231204,13:51:26,718.0,1050,28400
20231204,13:51:35,720.0,50,28400
20231204,13:51:53,720.0,1250,28400
20231204,13:52:20,722.3,200,28400
20231204,13:53:31,718.0,200,28400
20231204,13:54:22,718.0,50,29650
20231204,13:55:05,718.0,200,29650
20231204,13:55:31,718.0,100,29650
20231204,13:55:49,719.95,100,29650
20231204,13:56:07,720.0,50,29650
20231204,13:57:06,726.05,100,30000
20231204,13:57:32,723.85,50,30000
20231204,13:57:40,724.0,50,30000
20231204,13:59:09,720.55,50,30000
20231204,13:59:12,728.15,50,30000
20231204,13:59:24,728.3,50,30000
20231204,13:59:49,719.95,150,30000
20231204,14:00:06,727.85,50,30000
20231204,14:01:17,731.55,50,30300
20231204,14:01:18,731.65,50,30300
20231204,14:01:41,727.5,100,30300
20231204,14:03:10,741.8,50,30300
20231204,14:03:20,741.8,50,30300
20231204,14:04:32,742.9,50,30300
20231204,14:05:52,742.9,100,30300
20231204,14:06:28,743.95,50,30450
20231204,14:08:21,743.95,400,30450
20231204,14:09:49,744.15,300,30450
20231204,14:12:43,751.95,50,30650
20231204,14:12:59,751.95,50,30650
20231204,14:13:49,751.95,50,30650
20231204,14:13:57,747.0,100,30650
20231204,14:14:15,746.55,50,30650
20231204,14:15:58,747.05,50,30850
20231204,14:16:41,748.3,100,30850
20231204,14:17:00,752.0,50,30850
20231204,14:17:09,753.45,100,30850
20231204,14:17:46,755.85,200,30850
20231204,14:18:53,755.2,100,31100
20231204,14:19:11,755.2,50,31100
20231204,14:20:34,755.2,50,31100
20231204,14:21:37,755.2,50,31300
20231204,14:21:41,756.45,200,31300
20231204,14:21:58,756.45,200,31300
20231204,14:22:24,756.6,50,31300
20231204,14:22:29,756.6,50,31300
20231204,14:22:44,754.45,100,31300
20231204,14:24:30,752.1,50,31500
20231204,14:24:34,746.1,50,31500
20231204,14:26:48,746.8,300,31500
20231204,14:26:58,750.85,50,31500
20231204,14:28:14,757.6,100,31600
20231204,14:28:16,757.6,100,31600
20231204,14:28:23,756.95,50,31600
20231204,14:28:30,758.05,150,31600
20231204,14:28:39,758.35,50,31600
20231204,14:29:05,758.35,50,31600
20231204,14:29:32,761.45,50,31600
20231204,14:30:10,764.15,50,31600
20231204,14:30:29,767.15,50,32050
20231204,14:30:57,769.9,50,32050
20231204,14:31:26,769.9,50,32050
20231204,14:31:44,767.15,100,32050
20231204,14:31:53,769.35,150,32050
20231204,14:33:06,768.05,400,32050
20231204,14:33:15,767.15,50,32550
20231204,14:34:19,767.2,50,32550
20231204,14:34:38,769.8,50,32550
20231204,14:34:56,769.85,50,32550
20231204,14:35:06,769.6,100,32550
20231204,14:35:43,769.5,50,32550
20231204,14:36:00,769.95,50,32550
20231204,14:36:10,769.95,100,32550
20231204,14:37:03,769.95,350,32650
20231204,14:37:30,769.95,100,32650
20231204,14:37:48,769.95,100,32650
20231204,14:38:31,774.95,50,32650
20231204,14:38:56,774.95,100,32650
20231204,14:39:04,774.95,50,32650
20231204,14:39:13,770.05,50,32750
20231204,14:39:22,771.7,50,32750
20231204,14:39:30,771.7,50,32750
20231204,14:41:06,776.35,50,32750
20231204,14:41:58,776.35,50,32750
20231204,14:42:51,771.4,50,32800
20231204,14:44:22,782.35,50,32800
20231204,14:45:37,782.35,50,32800
20231204,14:46:49,778.0,100,32800
20231204,14:47:23,777.35,50,32800
20231204,14:49:28,778.0,50,32950
20231204,14:50:14,778.0,100,32950
20231204,14:52:24,771.45,50,32850
20231204,14:52:33,773.5,50,32850
20231204,14:52:42,772.85,50,32850
20231204,14:55:31,776.45,100,32900
20231204,15:03:39,780.0,50,33000
20231204,15:03:58,777.0,50,33000
20231204,15:04:48,769.8,50,33000
20231204,15:06:53,778.95,100,33000
20231204,15:07:13,771.25,150,33000
20231204,15:07:50,771.65,50,33000
20231204,15:09:26,766.05,50,33050
20231204,15:09:45,766.0,350,33050
20231204,15:10:50,765.05,150,33050
20231204,15:11:00,762.0,400,33050
20231204,15:12:55,762.1,50,33050
20231204,15:16:49,766.0,150,33100
20231204,15:17:37,764.0,100,33100
20231204,15:17:46,763.3,100,33100
20231204,15:17:56,762.1,100,33100
20231204,15:18:25,763.05,50,33350
20231204,15:18:44,762.2,50,33350
20231204,15:19:03,765.0,50,33350
20231204,15:19:51,760.0,200,33350
20231204,15:20:20,760.0,50,33350
20231204,15:21:26,761.95,100,33550
20231204,15:23:11,760.45,50,33550
20231204,15:23:59,765.0,50,33550
20231204,15:25:54,769.55,50,33750
20231204,15:26:14,769.6,150,33750
20231204,15:27:28,772.0,100,33850
20231204,15:27:32,769.65,50,33850
20231204,15:27:33,775.0,150,33850
20231204,15:28:49,763.95,300,33850
20231204,15:29:03,776.5,50,33850
20231204,15:29:30,766.0,50,33850
20231205,09:18:30,786.05,1,33300
20231205,09:18:30,786.05,50,33300
20231205,09:18:40,788.05,50,33300
20231205,09:23:17,788.05,100,33350
20231205,09:23:57,783.0,50,33300
20231205,09:24:55,788.0,50,33300
20231205,09:25:04,785.25,50,33300
20231205,09:26:16,790.0,100,33300
20231205,09:30:54,801.5,50,33250
20231205,09:31:47,805.0,50,33250
20231205,09:35:20,808.95,50,33250
20231205,09:38:22,808.95,200,33250
20231205,09:38:43,806.4,50,33450
20231205,09:41:03,815.0,150,33450
20231205,09:41:24,818.15,50,33450
20231205,09:41:46,818.15,100,33500
20231205,09:43:10,818.0,100,33500
20231205,09:44:34,825.15,50,33500
20231205,09:48:19,853.1,50,33500
20231205,09:48:31,853.1,100,33550
20231205,09:50:04,847.0,50,33550
20231205,09:50:25,845.6,1000,33550
20231205,09:51:39,843.45,50,34400
20231205,09:54:47,845.0,50,34350
20231205,10:06:39,844.65,250,34400
20231205,10:12:47,850.0,150,34650
20231205,10:17:02,850.0,50,34700
20231205,10:17:35,856.0,350,34700
20231205,10:18:50,859.0,800,34350
20231205,10:19:46,860.0,50,34350
20231205,10:21:15,874.5,50,33900
20231205,10:21:38,874.5,100,33900
20231205,10:22:53,865.0,50,33900
20231205,10:30:14,870.1,100,33900
20231205,10:38:08,858.0,50,33800
20231205,10:39:58,868.35,200,33800
20231205,10:43:05,877.85,100,33650
20231205,10:46:27,877.85,50,33650
20231205,10:48:01,870.0,50,33600
20231205,10:48:54,876.15,100,33600
20231205,10:49:15,869.1,50,33600
20231205,10:50:44,874.95,150,33450
20231205,11:00:39,877.4,50,33400
20231205,11:01:11,881.0,50,33400
20231205,11:01:22,881.0,50,33400
20231205,11:03:18,883.75,50,33400
20231205,11:05:23,883.75,50,33400
20231205,11:06:03,873.0,50,33500
20231205,11:10:38,853.6,150,33500
20231205,11:11:00,863.65,100,33500
20231205,11:19:21,831.05,100,33550
20231205,11:20:28,827.0,50,33550
20231205,11:22:37,848.15,50,33600
20231205,11:23:40,839.0,100,33600
20231205,11:24:12,840.05,50,33600
20231205,11:27:11,832.0,100,33600
20231205,11:29:27,835.0,100,33600
20231205,11:32:06,825.55,100,33400
20231205,11:40:53,814.0,250,33300
20231205,11:42:19,814.7,100,33400
20231205,11:46:13,800.5,500,33400
20231205,11:49:18,802.05,50,33400
20231205,11:50:59,804.0,50,33400
20231205,11:51:32,800.0,50,33400
20231205,11:51:52,800.0,100,33400
20231205,12:05:28,817.5,50,33500
20231205,12:34:41,831.1,300,33500
20231205,12:48:41,835.0,50,33500
20231205,12:51:35,843.5,450,33450
20231205,12:53:43,852.95,50,33450
20231205,12:57:24,849.95,50,33400
20231205,13:03:22,849.0,50,33450
20231205,13:04:50,842.05,50,33450
20231205,13:06:40,849.0,50,33450
20231205,13:10:34,845.0,50,33450
20231205,13:16:20,849.0,50,33500
20231205,13:23:17,838.05,50,33500
20231205,13:27:52,844.05,50,33450
20231205,13:34:06,860.0,50,33500
20231205,13:40:09,873.0,350,33450
20231205,13:45:04,872.9,300,33450
20231205,13:45:24,873.85,200,33350
20231205,13:54:26,860.1,200,33050
20231205,13:55:10,859.5,50,33050
20231205,13:55:19,858.35,50,33050
20231205,13:55:40,858.05,50,33050
20231205,14:01:48,850.0,50,33150
20231205,14:08:55,850.0,50,33200
20231205,14:18:50,842.6,50,33150
20231205,14:27:18,848.0,200,33150
20231205,14:29:43,852.0,100,33150
20231205,14:34:55,864.95,50,33050
20231205,14:38:44,865.0,50,33000
20231205,14:40:59,877.4,50,32950
20231205,14:42:37,874.5,50,32900
20231205,14:43:38,876.7,50,32900
20231205,14:44:38,866.8,50,32900
20231205,14:48:02,865.0,600,32900
20231205,14:52:54,868.0,500,32900
20231205,14:56:05,875.0,500,32900
20231205,14:56:55,875.0,150,32900
20231205,14:57:16,877.0,100,32900
20231205,14:57:26,877.0,250,32300
20231205,15:02:04,876.65,600,31950
20231205,15:03:59,882.0,100,31950
20231205,15:04:10,882.0,50,31950
20231205,15:08:40,891.75,100,31950
20231205,15:12:21,891.75,200,31850
20231205,15:14:58,883.4,50,31950
20231205,15:20:16,891.35,100,31900
20231205,15:27:21,887.6,100,31900
20231205,15:27:30,887.35,150,31800
20231206,09:15:18,955.0,1,31600
20231206,09:15:18,955.0,500,31600
20231206,09:15:27,881.75,250,31600
20231206,09:16:47,955.5,150,31600
20231206,09:16:47,881.75,150,31600
20231206,09:22:08,959.05,50,31450
20231206,09:22:11,959.05,50,31450
20231206,09:25:19,954.05,50,31450
20231206,09:26:12,952.1,50,31450
20231206,09:27:36,942.0,100,31400
20231206,09:29:54,950.0,50,31450
20231206,09:31:08,946.5,50,31450
20231206,09:32:24,936.0,50,31450
20231206,09:33:30,940.05,50,31300
20231206,09:34:02,939.9,100,31300
20231206,09:36:21,932.2,100,31150
20231206,09:39:46,940.0,50,31050
20231206,09:41:57,957.0,50,31050
20231206,09:42:08,955.95,150,31050
20231206,09:49:25,959.0,200,30950
20231206,09:51:02,973.15,100,31100
20231206,09:51:13,963.3,100,31100
20231206,09:57:40,966.0,200,30900
20231206,09:58:01,966.0,100,30900
20231206,10:02:40,969.0,300,30600
20231206,10:02:50,969.0,50,30600
20231206,10:03:11,962.4,50,30550
20231206,10:05:40,962.0,50,30550
20231206,10:08:39,953.0,100,30550
20231206,10:10:37,944.0,100,30500
20231206,10:12:43,944.0,50,30400
20231206,10:29:25,930.0,100,30400
20231206,10:31:30,940.0,50,30300
20231206,10:42:35,938.0,50,30250
20231206,10:45:03,945.0,150,30250
20231206,10:45:24,945.0,1050,30250
20231206,10:47:06,952.0,50,30250
20231206,10:47:26,960.0,100,30250
20231206,10:55:37,960.0,50,29650
20231206,10:59:50,970.0,50,29650
20231206,11:01:25,967.0,150,29700
20231206,11:02:14,967.0,50,29700
20231206,11:48:07,962.05,50,29550
20231206,11:48:25,962.05,50,29550
20231206,11:53:08,959.0,50,29650
20231206,11:54:59,954.0,150,29700
20231206,12:19:35,956.0,50,29700
20231206,12:44:56,935.0,50,29650
20231206,12:46:38,930.0,50,29650
20231206,12:51:27,932.0,50,29600
20231206,12:57:59,940.0,50,29650
20231206,13:08:02,912.9,150,29600
20231206,13:09:27,912.0,900,29600
20231206,13:09:37,915.0,400,29450
20231206,13:59:37,945.0,100,30450
20231206,13:59:58,950.0,50,30450
20231206,14:07:22,950.0,100,30350
20231206,14:15:45,955.0,50,30250
20231206,14:21:52,969.0,50,30250
20231206,14:24:59,960.0,50,30250
20231206,14:29:59,959.05,50,30200
20231206,14:35:48,965.7,50,30200
20231206,14:52:47,969.5,50,30200
20231206,14:58:35,972.0,150,30250
20231206,15:08:59,967.0,350,30100
20231206,15:12:13,967.0,150,30100
20231206,15:22:09,957.8,100,29950
20231206,15:24:05,965.0,50,29950
20231206,15:28:37,970.0,50,29850
20231207,09:18:12,904.9,1,29900
20231207,09:18:12,904.9,250,29900
20231207,09:18:32,904.05,50,29900
20231207,09:19:34,902.05,50,29900
20231207,09:20:15,902.05,50,29900
20231207,09:21:05,906.0,500,29750
20231207,09:22:25,903.0,200,29750
20231207,09:23:37,901.6,500,30100
20231207,09:24:58,900.0,750,30100
20231207,09:26:30,900.0,600,30100
20231207,09:29:39,900.0,200,31800
20231207,09:30:42,894.0,700,32000
20231207,09:32:07,894.0,100,32000
20231207,09:33:39,905.0,500,32000
20231207,09:34:31,905.0,50,32700
20231207,09:39:25,930.05,150,33250
20231207,09:54:29,918.0,50,33400
20231207,09:56:50,918.0,50,33400
20231207,09:59:30,911.0,50,33400
20231207,10:02:06,903.0,50,33400
20231207,10:11:16,903.0,50,33400
20231207,10:12:29,910.0,50,33400
20231207,10:12:49,908.15,150,33400
20231207,10:12:50,908.3,50,33400
20231207,10:12:52,907.9,50,33400
20231207,10:12:53,907.9,50,33400
20231207,10:12:55,907.95,200,33400
20231207,10:12:56,907.95,50,33400
20231207,10:13:42,905.55,50,33400
20231207,10:15:00,908.05,50,33800
20231207,10:20:37,908.5,100,33800
20231207,10:23:29,911.45,300,33900
20231207,10:23:39,911.0,450,34200
20231207,10:23:49,912.25,100,34200
20231207,10:24:09,914.75,300,34200
20231207,10:24:41,914.05,600,34200
20231207,10:25:01,912.8,150,34200
20231207,10:28:09,910.45,150,35500
20231207,10:31:07,900.0,700,35550
20231207,10:32:54,906.05,1350,36150
20231207,10:33:23,906.8,150,36150
20231207,10:33:32,907.7,450,36150
20231207,10:33:42,908.15,50,36150
20231207,10:35:01,915.8,250,36150
20231207,10:35:12,910.15,250,36150
20231207,10:35:32,905.0,500,36150
20231207,10:35:42,910.85,100,36150
20231207,10:37:00,911.3,50,38050
20231207,10:41:12,925.45,350,38100
20231207,10:41:23,925.35,100,38100
20231207,10:42:27,925.0,200,38450
20231207,10:45:29,925.0,50,38550
20231207,10:45:50,930.0,50,38550
20231207,10:47:55,929.9,50,38550
20231207,10:52:50,930.0,50,38600
20231207,10:53:01,937.0,600,38600
20231207,10:53:12,944.0,100,38600
20231207,10:59:16,944.0,50,38950
20231207,11:04:47,957.75,50,38950
20231207,11:05:21,962.95,50,38950
20231207,11:10:13,962.95,50,38950
20231207,11:11:35,956.25,50,38950
20231207,11:14:13,950.05,100,38900
20231207,11:17:13,949.0,100,38900
20231207,11:33:55,937.0,50,39000
20231207,11:38:56,932.05,50,38950
20231207,11:40:21,935.0,50,38950
20231207,12:03:10,948.7,100,38900
20231207,12:12:32,950.0,50,38950
20231207,12:17:07,946.0,50,38950
20231207,12:22:20,941.0,400,38900
20231207,12:26:41,940.0,400,39250
20231207,12:30:23,937.0,300,39650
20231207,12:34:14,930.0,300,39950
20231207,12:36:38,933.0,500,39950
20231207,12:37:47,931.0,50,40100
20231207,12:45:04,946.0,50,40600
20231207,12:45:32,941.0,250,40600
20231207,12:52:00,932.0,200,40850
20231207,12:58:23,940.0,50,41050
20231207,13:01:04,937.0,200,41050
20231207,13:11:00,939.0,200,41250
20231207,13:13:06,944.95,50,41450
20231207,13:14:14,950.0,50,41450
20231207,13:15:03,950.45,50,41450
20231207,13:18:23,943.0,200,41450
20231207,13:21:58,949.95,50,41650
20231207,13:22:21,950.4,50,41650
20231207,13:27:05,945.0,300,41650
20231207,13:27:21,945.0,50,41950
20231207,13:29:22,945.0,100,41950
20231207,13:33:57,944.0,50,42050
20231207,13:35:44,945.7,50,42050
20231207,13:36:03,944.05,150,42050
20231207,13:36:52,952.95,150,42150
20231207,13:37:22,953.4,50,42150
20231207,13:38:20,953.0,50,42150
20231207,13:38:29,957.95,50,42150
20231207,13:39:04,956.95,50,42150
20231207,14:26:03,943.05,50,41950
20231207,14:31:24,956.0,50,41950
20231207,14:37:35,958.95,100,42000
20231207,14:39:01,958.0,50,42000
20231207,14:40:10,949.0,50,42050
20231207,14:41:20,950.0,50,42050
20231207,14:47:44,940.0,450,42000
20231207,14:50:55,940.05,50,41650
20231207,15:11:32,949.9,100,41700
20231207,15:11:42,949.95,50,41700
20231207,15:18:23,949.95,50,41600
20231207,15:18:33,950.0,100,41650
20231207,15:19:42,949.05,50,41650
20231207,15:25:13,949.05,50,41750
20231208,09:16:29,972.75,1,41800
20231208,09:16:29,972.75,50,41800
20231208,09:18:18,967.95,50,41800
20231208,09:18:48,967.95,100,41800
20231208,09:19:44,971.0,50,41800
20231208,09:23:58,968.0,50,41650
20231208,09:24:46,982.0,50,41650
20231208,09:25:06,984.0,100,41650
20231208,09:25:35,984.0,50,41650
20231208,09:28:25,984.0,50,41550
20231208,09:28:44,973.15,100,41550
20231208,09:33:37,964.0,550,41500
20231208,09:40:16,964.0,50,42050
20231208,09:42:54,978.0,50,42100
20231208,09:46:35,978.0,100,42100
20231208,09:47:20,980.0,50,42100
20231208,09:49:34,984.0,50,42050
20231208,09:51:33,991.0,450,42050
20231208,09:51:42,991.0,150,42050
20231208,09:53:51,993.0,50,41900
20231208,09:56:31,993.0,50,41900
20231208,09:57:36,981.0,50,41950
20231208,09:58:04,985.0,100,41950
20231208,09:59:18,984.0,600,41950
20231208,10:04:09,990.0,300,42500
20231208,10:06:01,1000.0,50,42200
20231208,10:08:22,1000.0,50,42200
20231208,10:09:28,990.0,50,42200
20231208,10:12:19,995.0,50,42200
20231208,10:13:25,984.0,50,42200
20231208,10:15:06,995.0,300,42250
20231208,10:23:34,991.0,200,41950
20231208,10:29:30,991.0,50,41950
20231208,10:29:59,995.0,100,41800
20231208,10:31:35,1000.0,50,41800
20231208,10:33:55,994.0,50,41850
20231208,10:43:48,997.0,50,41900
20231208,10:49:20,998.0,50,41900
20231208,11:00:38,980.0,50,41900
20231208,11:01:43,976.0,50,41900
20231208,11:05:22,949.0,600,41950
20231208,11:05:52,944.1,50,42550
20231208,11:14:42,944.1,100,42550
20231208,11:28:27,963.0,100,42650
20231208,11:30:31,962.0,100,42650
20231208,11:32:58,965.0,100,42650
20231208,11:37:18,974.0,50,42650
20231208,11:37:36,976.0,50,42650
20231208,11:38:12,976.0,50,42650
20231208,11:40:05,977.0,50,42650
20231208,11:40:22,976.0,50,42650
20231208,11:42:06,978.5,50,42650
20231208,11:42:15,978.5,50,42650
20231208,11:42:49,979.0,100,42650
20231208,11:55:36,979.0,150,42750
20231208,12:02:54,973.0,300,42800
20231208,12:04:41,970.0,300,43100
20231208,12:08:56,970.2,50,43400
20231208,12:09:51,970.2,50,43400
20231208,12:10:00,967.0,300,43400
20231208,12:18:04,967.0,300,43700
20231208,12:26:35,949.0,100,44000
20231208,12:36:35,950.0,150,44050
20231208,12:36:43,950.0,50,44050
20231208,12:37:25,947.0,50,44050
20231208,12:40:11,945.0,350,44250
20231208,12:42:17,954.95,50,44600
20231208,12:46:53,946.0,50,44550
20231208,12:48:47,928.0,100,44500
20231208,12:50:45,928.0,50,44500
20231208,13:02:37,925.0,50,44550
20231208,13:27:29,923.0,50,44550
20231208,13:39:12,910.0,50,44550
20231208,13:43:22,898.0,200,44550
20231208,13:45:29,897.95,350,44550
20231208,14:43:44,897.95,50,44650
20231208,14:44:22,950.0,300,44650
20231208,14:45:50,958.45,50,44950
20231208,14:46:57,960.0,50,44950
20231208,14:52:57,950.0,50,44900
20231208,15:08:41,975.05,100,44950
20231208,15:09:59,982.0,100,44950
20231208,15:11:48,990.0,100,44950
20231208,15:13:08,993.0,350,45050
20231208,15:14:06,985.0,100,45050
20231208,15:14:15,985.0,50,45050
20231208,15:16:13,985.0,50,45100
20231208,15:19:06,984.0,50,44900
20231208,15:19:36,984.05,50,44900
20231208,15:19:45,984.05,50,44900
20231208,15:27:32,992.0,50,44950
20231208,15:28:40,992.0,50,44950
20231211,09:21:49,980.0,1,45000
20231211,09:21:49,980.0,50,45000
20231211,09:24:03,1000.0,50,45000
20231211,09:28:03,1000.0,150,45050
20231211,09:30:24,970.0,50,45050
20231211,09:42:10,970.0,50,45050
20231211,09:53:55,987.0,600,45050
20231211,10:01:13,991.0,50,44450
20231211,10:01:22,991.0,50,44450
20231211,10:01:42,992.0,50,44450
20231211,10:02:10,992.0,100,44450
20231211,10:14:15,1000.0,100,44650
20231211,10:15:06,1003.0,300,44700
20231211,10:15:26,1003.0,100,44700
20231211,10:17:15,1003.0,150,44700
20231211,10:32:48,1012.0,100,45000
20231211,10:41:33,1012.0,250,45100
20231211,10:43:34,968.0,50,45150
20231211,10:49:21,968.0,50,45200
20231211,10:49:40,978.0,50,45200
20231211,11:01:55,982.0,300,45200
20231211,11:02:15,983.0,300,45200
20231211,11:02:25,982.0,300,45200
20231211,11:08:22,1000.0,50,46100
20231211,11:33:37,996.0,50,46100
20231211,11:44:56,992.0,100,46100
20231211,11:47:15,988.0,100,46100
20231211,11:49:07,980.0,50,46100
20231211,12:05:37,984.0,50,46150
20231211,12:06:44,985.0,50,46100
20231211,12:09:58,981.0,50,46150
20231211,12:30:01,975.0,50,46200
20231211,12:47:58,980.0,50,46200
20231211,13:01:13,980.0,50,46250
20231211,13:25:22,987.95,50,46200
20231211,13:29:18,977.0,100,46200
20231211,15:03:48,1003.0,50,46300
20231211,15:13:09,988.0,100,46350
20231211,15:22:28,985.0,50,46350
20231211,15:28:38,1003.45,300,46350
20231212,09:20:15,1003.0,1,46350
20231212,09:20:15,1003.0,50,46350
20231212,09:22:35,1005.05,50,46350
20231212,09:30:47,1013.0,50,46300
20231212,09:43:44,1013.0,50,46250
20231212,10:52:53,1013.0,50,46250
20231212,10:53:03,1004.0,100,46250
20231212,11:26:14,998.0,200,46250
20231212,11:40:03,990.0,50,46250
20231212,11:52:03,990.0,50,46250
20231212,11:58:23,995.0,100,46250
20231212,12:06:41,990.0,500,46200
20231212,12:06:58,995.0,300,46200
20231212,12:12:15,994.9,50,46000
20231212,12:14:59,998.9,50,46000
20231212,12:15:08,998.9,50,46000
20231212,12:45:27,990.0,50,46050
20231212,12:58:09,982.0,50,46050
20231212,12:58:36,981.95,50,46050
20231212,13:19:44,969.0,150,46050
20231212,13:25:28,969.0,100,46200
20231212,13:41:25,980.0,150,46300
20231212,13:51:46,980.0,100,46450
20231212,13:52:26,985.0,100,46450
20231212,14:11:12,975.0,100,46650
20231212,14:15:18,963.0,100,46750
20231212,14:19:29,963.0,150,46850
20231212,14:20:26,970.65,200,46850
20231212,14:21:24,970.7,50,46650
20231212,14:21:34,970.65,200,46650
20231212,14:22:24,970.0,450,46650
20231212,14:23:14,963.0,50,46650
20231212,14:52:41,925.55,50,46350
20231212,15:17:44,925.55,50,46350
20231212,15:21:09,940.0,50,46350
20231213,09:17:30,922.0,1,46400
20231213,09:17:30,922.0,200,46400
20231213,09:34:27,926.0,50,46400
20231213,09:44:34,926.0,50,46450
20231213,09:50:03,925.0,50,46450
20231213,09:57:17,896.0,50,46500
20231213,09:58:40,890.0,100,46500
20231213,10:00:36,890.0,50,46500
20231213,10:00:57,889.0,350,46500
20231213,10:02:22,880.95,150,46500
20231213,10:03:25,880.95,550,46150
20231213,10:04:05,885.0,50,46150
20231213,10:07:31,896.0,50,46100
20231213,10:07:41,896.0,500,46100
20231213,10:07:51,897.0,100,46100
20231213,10:11:08,893.0,50,45450
20231213,10:14:12,895.0,250,45400
20231213,10:15:12,897.0,250,45300
20231213,10:27:32,880.0,100,45300
20231213,10:31:45,880.0,50,45200
20231213,10:40:40,868.05,50,45200
20231213,10:42:59,868.05,50,45200
20231213,10:51:54,868.0,100,45250
20231213,11:19:33,868.0,50,45200
20231213,11:25:42,873.0,100,45200
20231213,11:32:36,865.05,100,45100
20231213,11:33:24,860.05,50,45000
20231213,11:37:14,848.95,100,44950
20231213,11:38:54,846.0,50,44950
20231213,11:40:32,846.0,100,44950
20231213,11:41:14,846.0,500,44950
20231213,11:44:57,854.0,400,45050
20231213,11:48:07,858.0,400,45450
20231213,11:48:25,859.0,400,45850
20231213,11:50:24,862.0,550,45850
20231213,11:51:17,863.0,350,45800
20231213,12:01:13,847.0,350,45450
20231213,12:04:52,852.45,150,45100
20231213,12:04:59,855.3,100,45100
20231213,12:05:09,853.95,150,45100
20231213,12:05:18,854.0,350,45100
20231213,12:05:27,855.0,350,45100
20231213,12:06:29,859.0,150,44600
20231213,12:06:47,858.0,50,44600
20231213,12:07:04,855.95,50,44600
20231213,12:07:12,858.0,50,44600
20231213,12:07:36,859.0,50,44600
20231213,12:10:54,859.0,350,44600
20231213,12:11:13,856.0,350,44600
20231213,12:11:51,854.0,350,44600
20231213,12:12:00,855.0,350,44600
20231213,12:12:09,857.0,100,44600
20231213,12:12:29,852.75,50,44600
20231213,12:12:38,855.0,50,44600
20231213,12:12:47,855.0,100,44600
20231213,12:13:04,855.0,150,44600
20231213,12:13:13,854.95,50,44600
20231213,12:13:22,855.0,50,44600
20231213,12:13:31,855.25,100,44600
20231213,12:13:59,858.0,50,44600
20231213,12:16:42,843.55,100,44650
20231213,12:23:01,840.05,50,44650
20231213,12:51:47,840.05,50,44650
20231213,13:04:28,886.05,50,44650
20231213,13:04:38,886.05,450,44650
20231213,13:05:28,890.8,100,44650
20231213,13:18:02,890.9,500,44600
20231213,13:58:09,915.0,50,45050
20231213,14:05:27,919.0,100,45100
20231213,14:09:17,928.0,50,45100
20231213,14:09:28,930.0,500,45350
20231213,14:09:48,930.0,100,45350
20231213,14:11:23,924.55,250,45350
20231213,14:11:32,924.05,50,45350
20231213,14:11:42,922.0,50,45350
20231213,14:12:00,920.55,50,45350
20231213,14:13:06,916.6,50,45250
20231213,14:15:05,919.45,50,45250
20231213,14:15:14,919.9,150,45250
20231213,14:15:23,919.95,100,45250
20231213,14:15:32,919.3,50,45250
20231213,14:16:09,915.55,250,45250
20231213,14:16:19,916.65,100,45250
20231213,14:16:47,915.65,150,45250
20231213,15:01:16,915.0,50,45250
20231213,15:01:56,918.65,50,45250
20231213,15:03:55,931.05,50,45350
20231213,15:06:24,939.65,50,45350
20231213,15:11:01,939.65,50,45400
20231213,15:11:40,940.65,150,45400
20231213,15:11:49,941.0,50,45400
20231213,15:12:46,941.0,400,45400
20231213,15:12:56,939.5,200,45400
20231213,15:13:05,939.5,100,45400
20231213,15:13:15,939.5,200,45400
20231213,15:13:53,939.15,500,45400
20231213,15:15:27,934.0,100,45400
20231213,15:15:37,934.0,50,45400
20231213,15:19:27,937.0,150,46250
20231213,15:19:46,937.5,100,46250
20231213,15:21:08,937.5,200,46250
20231213,15:21:18,938.0,200,46250
20231213,15:22:03,938.7,50,46850
20231213,15:23:17,939.0,150,46850
20231213,15:28:00,957.3,100,47050
20231213,15:28:31,957.3,50,47050
20231214,09:15:08,1049.0,1,47100
20231214,09:15:08,1039.0,100,47100
20231214,09:19:30,1075.05,50,47100
20231214,09:21:37,1075.05,50,47050
20231214,09:22:52,1081.0,50,47050
20231214,09:24:16,1081.0,50,47050
20231214,09:24:35,1077.0,100,47050
20231214,09:26:07,1074.0,300,47050
20231214,09:26:35,1080.05,50,47050
20231214,09:26:44,1080.0,50,47250
20231214,09:26:54,1082.0,300,47250
20231214,09:27:04,1088.0,250,47250
20231214,09:27:23,1097.0,50,47250
20231214,09:30:12,1102.0,250,47800
20231214,09:30:40,1104.0,50,47800
20231214,09:30:58,1104.0,250,47800
20231214,09:31:08,1105.0,250,47800
20231214,09:32:07,1109.0,50,47800
20231214,09:35:30,1111.0,100,48600
20231214,09:41:18,1111.0,250,48500
20231214,09:43:06,1100.0,250,48750
20231214,09:50:52,1124.0,50,49000
20231214,09:51:03,1125.0,50,49000
20231214,09:51:54,1135.0,300,49000
20231214,09:53:45,1138.0,300,49050
20231214,09:58:58,1143.0,50,48750
20231214,10:05:31,1143.0,100,48750
20231214,10:14:22,1127.0,50,48750
20231214,10:14:32,1124.0,50,48750
20231214,10:30:09,1128.0,100,48850
20231214,10:33:55,1111.0,250,48950
20231214,10:35:28,1110.0,250,48950
20231214,11:04:32,1117.0,50,49450
20231214,11:04:59,1116.0,50,49450
20231214,11:05:08,1115.0,50,49450
20231214,11:05:17,1115.0,50,49450
20231214,11:09:18,1125.0,150,49650
20231214,11:16:08,1128.0,100,49500
20231214,11:23:00,1123.95,250,49500
20231214,11:42:46,1134.0,50,49500
20231214,11:51:24,1119.05,50,49550
20231214,12:06:01,1120.05,50,49600
20231214,12:06:26,1119.0,150,49600
20231214,12:07:01,1119.0,100,49600
20231214,12:07:27,1120.0,100,49600
20231214,12:08:46,1125.0,200,49600
20231214,12:12:31,1120.05,50,49600
20231214,12:23:14,1125.05,250,49650
20231214,12:45:26,1134.0,250,49900
20231214,13:10:39,1150.0,100,50150
20231214,13:20:11,1164.0,150,50250
20231214,13:22:54,1164.0,50,50250
20231214,13:36:52,1175.75,50,50200
20231214,13:39:03,1175.75,50,50200
20231214,13:42:49,1190.0,50,50200
20231214,13:44:02,1190.0,50,50200
20231214,13:45:28,1188.9,250,50150
20231214,13:49:30,1174.0,100,50150
20231214,13:57:24,1181.9,100,50350
20231214,14:11:05,1184.95,50,50350
20231214,14:34:09,1192.95,200,50350
20231214,14:36:37,1192.95,50,50350
20231214,14:48:29,1184.45,50,50350
20231214,14:51:00,1184.0,100,50350
20231214,14:58:06,1171.0,50,50450
20231214,15:00:52,1173.0,50,50450
20231214,15:11:47,1179.85,650,50500
20231214,15:14:02,1178.2,50,50200
20231214,15:14:12,1179.1,400,50200
20231214,15:15:30,1178.0,50,50200
20231214,15:20:58,1194.0,100,49700
20231214,15:22:40,1194.0,100,49750
20231214,15:24:46,1200.0,350,49650
20231214,15:25:10,1200.0,150,49650
20231214,15:25:23,1200.0,500,49650
20231214,15:25:36,1202.0,500,49650
20231214,15:25:59,1203.0,500,49650
20231215,09:22:21,1231.5,1,51000
20231215,09:22:21,1231.5,100,51000
20231215,09:25:49,1235.0,50,51000
20231215,09:28:44,1266.8,500,51050
20231215,09:29:00,1267.75,500,51050
20231215,09:31:00,1267.75,1000,50950
20231215,09:32:37,1225.2,50,51600
20231215,09:41:01,1226.7,50,51550
20231215,09:42:35,1210.0,100,51500
20231215,09:44:02,1210.0,50,51500
20231215,09:44:19,1222.95,50,51500
20231215,09:51:50,1221.0,100,51500
20231215,09:54:49,1221.0,150,51600
20231215,10:03:02,1249.0,450,51500
20231215,10:03:11,1253.0,50,51500
20231215,10:05:50,1272.45,50,51050
20231215,10:10:42,1272.45,100,51000
20231215,10:12:16,1276.0,150,50900
20231215,10:14:12,1276.0,50,50900
20231215,10:20:33,1276.0,50,50750
20231215,10:27:03,1295.75,300,50750
20231215,10:32:51,1295.75,50,50750
20231215,10:34:06,1278.6,150,50750
20231215,10:35:26,1265.25,50,50750
20231215,10:42:34,1265.0,150,50800
20231215,10:49:47,1251.65,400,50700
20231215,10:50:14,1247.35,200,50700
20231215,10:51:22,1245.0,50,50700
20231215,10:55:17,1205.75,50,50700
20231215,11:46:09,1205.75,50,50650
20231215,11:46:17,1276.15,100,50650
20231215,11:50:53,1270.0,300,50750
20231215,12:02:33,1270.4,50,50450
20231215,12:08:02,1275.25,450,50400
20231215,12:14:36,1262.1,50,50400
20231215,12:16:59,1259.05,100,50400
20231215,12:51:39,1276.1,100,50300
20231215,12:52:47,1287.9,100,50300
20231215,12:52:54,1287.9,100,50300
20231215,12:53:07,1287.9,100,50300
20231215,12:53:14,1286.5,300,50300
20231215,12:57:44,1286.5,250,49600
20231215,13:10:38,1286.0,100,49600
20231215,13:15:13,1286.5,100,49500
20231215,13:15:53,1286.5,100,49500
20231215,13:17:55,1288.1,100,49500
20231215,13:24:09,1286.9,100,49300
20231215,13:24:22,1286.5,100,49300
20231215,13:24:34,1285.9,150,49300
20231215,13:24:41,1284.9,150,49300
20231215,13:26:01,1284.9,100,49300
20231215,13:28:05,1284.9,100,48700
20231215,13:33:23,1294.0,100,48600
20231215,13:33:31,1294.0,200,48600
20231215,13:34:09,1295.8,150,48600
20231215,13:35:10,1300.0,150,48600
20231215,13:35:17,1299.0,100,48600
20231215,13:59:20,1309.0,50,48350
20231215,14:12:54,1309.0,100,48350
20231215,14:41:04,1308.95,50,48350
20231215,14:53:55,1355.0,50,48350
20231215,15:08:52,1380.0,50,48300
20231215,15:09:11,1395.4,50,48300
20231215,15:09:38,1395.4,300,48400
20231215,15:09:57,1395.4,50,48400
20231215,15:11:54,1395.4,50,48400
20231215,15:14:30,1395.4,50,48400
20231215,15:19:30,1446.4,100,48400
20231215,15:20:34,1446.4,400,48400
20231215,15:20:54,1431.65,350,48400
20231215,15:23:36,1430.6,1000,48400
20231215,15:23:45,1419.75,100,48400
20231215,15:27:00,1434.55,2000,48200
20231215,15:29:44,1431.0,1150,48200
20231215,15:29:53,1422.85,200,48200
20231218,10:16:20,1399.65,1,47600
20231218,10:16:20,1399.65,50,47600
20231218,10:16:30,1399.05,50,47600
20231218,10:16:58,1398.2,50,47600
20231218,10:18:52,1380.0,100,47600
20231218,10:25:15,1380.0,50,47600
20231218,10:38:01,1387.0,100,47550
20231218,10:48:44,1380.0,100,47450
20231218,10:50:54,1385.0,50,47400
20231218,11:46:40,1386.0,50,47400
20231218,11:59:49,1380.0,350,47350
20231218,12:00:27,1380.0,50,47000
20231218,12:12:45,1372.0,50,47000
20231218,12:28:47,1370.0,500,47050
20231218,12:51:31,1350.1,50,46550
20231218,12:53:05,1350.1,50,46550
20231218,13:14:33,1350.0,100,46500
20231218,13:20:24,1350.0,50,46450
20231218,14:41:01,1370.05,50,46450
20231218,14:47:14,1360.0,50,46450
20231218,15:25:42,1350.0,100,46400
20231219,09:27:17,1359.25,1,46350
20231219,09:27:17,1359.25,100,46350
20231219,09:50:43,1346.1,50,46350
20231219,10:08:44,1310.0,200,46350
20231219,10:10:38,1310.0,50,46450
20231219,10:12:23,1310.0,200,46400
20231219,10:12:48,1304.1,50,46400
20231219,10:34:51,1304.1,50,46200
20231219,11:12:45,1360.0,50,46200
20231219,11:13:40,1364.05,50,46200
20231219,11:26:12,1364.05,50,46200
20231219,11:33:11,1350.0,200,46150
20231219,11:51:12,1403.55,500,46150
20231219,13:09:20,1402.0,100,45800
20231219,13:23:20,1392.9,250,45700
20231219,14:01:14,1421.9,50,45700
20231219,14:21:07,1430.05,50,45650
20231219,14:23:45,1432.5,50,45600
20231219,14:47:12,1449.6,3000,45550
20231219,14:49:21,1430.1,100,45550
20231219,14:49:51,1430.0,50,45550
20231219,15:25:01,1389.5,100,45550
20231219,15:25:38,1385.8,50,45550
20231219,15:29:25,1412.05,50,45450
20231219,15:29:38,1394.1,100,45450
20231220,09:23:42,1500.0,1,45450
20231220,09:23:42,1500.0,150,45450
20231220,09:24:41,1500.0,100,45450
20231220,09:36:21,1515.0,50,45550
20231220,09:36:29,1515.0,200,45550
20231220,09:43:43,1513.85,50,45350
20231220,09:43:51,1513.85,50,45350
20231220,09:45:19,1527.8,100,45400
20231220,09:57:28,1527.8,150,45400
20231220,10:03:10,1500.0,50,45300
20231220,10:12:33,1509.0,100,45300
20231220,10:19:00,1520.0,100,45300
20231220,10:43:19,1520.0,350,45400
20231220,10:49:32,1523.45,50,45400
20231220,10:57:16,1529.5,300,45400
20231220,10:59:23,1531.5,50,45400
20231220,11:00:52,1533.0,250,45400
20231220,11:01:00,1533.0,50,45400
20231220,11:01:29,1533.5,50,45400
20231220,11:01:37,1533.5,200,45400
20231220,11:02:00,1533.5,50,45400
20231220,11:03:52,1531.0,50,45350
20231220,11:10:23,1532.45,100,45300
20231220,11:44:42,1470.0,50,45300
20231220,12:46:05,1470.0,50,45300
20231220,12:58:44,1485.05,50,45350
20231220,13:01:09,1475.05,50,45400
20231220,13:09:08,1465.05,50,45400
20231220,13:14:02,1435.05,50,45450
20231220,13:22:01,1435.05,50,45500
20231220,13:27:27,1400.0,50,45550
20231220,13:37:18,1331.5,200,45600
20231220,13:41:26,1331.5,200,45600
20231220,14:03:41,1311.0,50,45600
20231220,14:04:54,1288.0,50,45600
20231220,14:06:14,1280.0,50,45600
20231220,14:10:18,1280.0,100,45750
20231220,14:16:22,1300.0,50,45750
20231220,14:18:55,1310.0,50,45750
20231220,14:19:47,1303.45,50,45750
20231220,14:21:57,1330.0,50,45700
20231220,14:29:24,1315.0,50,45650
20231220,14:39:12,1270.0,50,45600
20231220,14:40:09,1266.0,50,45600
20231220,14:48:16,1244.0,50,45650
20231220,14:52:34,1244.0,200,45650
20231220,14:52:54,1254.95,200,45650
20231220,14:55:10,1254.0,200,45650
20231220,14:55:21,1255.0,550,45650
20231220,15:01:38,1222.0,50,45450
20231220,15:09:48,1164.45,100,45500
20231220,15:10:34,1164.45,100,45500
20231220,15:12:01,1172.35,100,45500
20231220,15:15:54,1158.65,200,45600
20231220,15:16:58,1155.0,50,45600
20231220,15:22:34,1155.0,100,45400
20231220,15:24:29,1155.0,50,45400
20231220,15:24:40,1152.0,50,45400
20231220,15:25:02,1140.05,100,45400
20231220,15:25:54,1140.0,50,45400
20231220,15:27:07,1120.0,400,45400
20231220,15:29:03,1120.0,100,45350
20231221,09:17:05,1079.75,1,45350
20231221,09:17:05,1081.0,400,45350
20231221,09:18:28,1076.05,250,45350
20231221,09:20:54,1076.05,50,45350
20231221,09:21:04,1100.0,50,45350
20231221,09:26:47,1100.0,150,45300
20231221,09:26:47,1065.05,150,45300
20231221,09:27:35,1074.85,50,45300
20231221,09:32:26,1065.0,50,45350
20231221,09:38:22,1065.0,100,45350
20231221,09:38:35,1100.0,50,45350
20231221,09:43:28,1110.0,50,45250
20231221,09:49:06,1110.0,50,45250
20231221,10:04:56,1100.0,200,45200
20231221,10:05:24,1100.0,200,45200
20231221,10:05:42,1110.0,50,45200
20231221,10:06:01,1110.0,50,45200
20231221,10:06:40,1110.0,50,45200
20231221,10:09:06,1106.85,100,45150
20231221,10:11:25,1129.05,50,45150
20231221,10:12:06,1150.0,50,45150
20231221,10:16:45,1150.0,50,45150
20231221,10:21:52,1160.0,250,45150
20231221,10:22:02,1166.8,250,45150
20231221,10:41:39,1166.8,50,45150
20231221,10:45:29,1171.1,250,45150
20231221,10:55:59,1171.1,100,44950
20231221,11:04:54,1171.1,50,45050
20231221,11:14:00,1156.6,50,45050
20231221,11:15:57,1159.0,50,45050
20231221,11:26:16,1165.0,100,45050
20231221,11:58:28,1170.0,150,45150
20231221,12:03:32,1180.0,50,45150
20231221,12:04:11,1185.0,50,45150
20231221,12:04:43,1189.0,50,45150
20231221,12:27:35,1200.0,50,45100
20231221,12:36:44,1202.45,150,45100
20231221,12:38:11,1219.0,50,45100
20231221,12:44:38,1249.0,50,45050
20231221,13:10:39,1249.0,100,45050
20231221,13:37:47,1225.0,50,45150
20231221,13:39:18,1211.0,50,45150
20231221,13:41:07,1191.0,50,45250
20231221,13:43:20,1200.0,200,45300
20231221,13:55:28,1203.0,50,45300
20231221,14:14:05,1203.0,300,45300
20231221,14:24:58,1236.0,50,45500
20231221,14:50:48,1283.9,50,45500
20231221,14:52:37,1283.9,50,45450
20231221,14:52:58,1254.0,50,45450
20231221,14:53:28,1254.0,50,45450
20231221,15:26:30,1261.3,50,45600
20231222,09:18:18,1252.1,1,45600
20231222,09:18:18,1252.25,1,45600
20231222,09:18:18,1252.1,150,45600
20231222,09:25:51,1239.9,1300,45500
20231222,09:26:09,1240.0,200,45500
20231222,09:31:32,1239.85,50,45500
20231222,09:32:33,1239.85,50,45500
20231222,09:33:50,1229.35,50,45550
20231222,09:39:55,1229.35,300,45550
20231222,09:40:04,1242.65,150,45550
20231222,09:49:23,1279.55,50,45100
20231222,10:08:37,1301.0,100,45100
20231222,10:10:00,1310.0,100,45200
20231222,10:20:13,1310.0,50,45050
20231222,10:22:45,1313.0,50,45050
20231222,10:30:12,1324.0,50,45000
20231222,10:32:14,1330.0,50,45000
20231222,11:01:47,1360.0,400,44900
20231222,11:03:16,1360.65,50,44600
20231222,11:33:14,1360.65,50,44600
20231222,11:41:47,1341.0,50,44550
20231222,12:17:59,1318.0,50,44500
20231222,12:33:11,1301.0,50,44500
20231222,12:59:36,1315.7,100,44500
20231222,13:18:47,1300.0,50,44500
20231222,13:39:22,1300.0,1000,44500
20231222,14:21:59,1313.0,250,45050
20231222,14:36:53,1319.0,50,44800
20231222,14:37:42,1329.0,50,44800
20231222,14:38:51,1340.0,50,44800
20231222,14:40:22,1349.0,100,44800
20231222,15:23:11,1310.9,700,44800
20231222,15:25:17,1285.75,500,45000
20231222,15:25:27,1300.4,500,45000
20231226,09:16:45,1309.8,1,45150
20231226,09:16:45,1309.8,50,45150
20231226,09:16:48,1309.2,50,45150
20231226,09:16:51,1309.2,50,45150
20231226,09:16:54,1310.05,100,45150
20231226,09:16:55,1309.8,100,45150
20231226,09:16:56,1309.85,50,45150
20231226,09:16:57,1307.1,50,45150
20231226,09:16:58,1307.1,50,45150
20231226,09:17:04,1308.2,50,45150
20231226,09:17:05,1308.15,50,45150
20231226,09:17:06,1308.2,50,45150
20231226,09:17:07,1308.2,50,45150
20231226,09:17:10,1308.35,50,45150
20231226,09:17:14,1310.85,50,45150
20231226,09:17:16,1310.9,50,45150
20231226,09:17:22,1310.9,50,45150
20231226,09:17:23,1305.4,50,45150
20231226,09:17:28,1305.4,250,45150
20231226,09:17:39,1309.55,100,44450
20231226,09:17:42,1309.65,100,44450
20231226,09:18:00,1306.65,50,44450
20231226,09:18:08,1309.7,150,44450
20231226,09:18:17,1309.6,50,44450
20231226,09:18:25,1301.5,100,44450
20231226,09:18:33,1301.5,200,44450
20231226,09:18:42,1311.0,350,44450
20231226,09:18:51,1300.85,50,44450
20231226,09:18:59,1300.85,150,44450
20231226,09:19:07,1305.5,50,44450
20231226,09:19:16,1306.95,50,44450
20231226,09:19:24,1302.7,100,44450
20231226,09:19:32,1302.05,100,44450
20231226,09:19:41,1304.55,100,44450
20231226,09:19:49,1302.15,200,44450
20231226,09:19:57,1300.35,350,44450
20231226,09:20:05,1300.6,150,44450
20231226,09:20:13,1309.55,200,44450
20231226,09:22:12,1305.0,100,42000
20231226,09:22:23,1307.5,50,42000
20231226,09:24:36,1306.85,50,41900
20231226,09:24:53,1306.85,150,41900
20231226,09:25:02,1303.3,1000,41900
20231226,09:25:11,1303.3,50,41900
20231226,09:28:42,1302.4,100,40800
20231226,09:28:59,1300.25,200,40800
20231226,09:29:09,1302.35,100,40800
20231226,09:29:27,1300.0,100,40800
20231226,09:29:46,1287.95,200,40400
20231226,09:29:56,1275.3,200,40400
20231226,09:30:05,1275.3,50,40400
20231226,09:46:55,1275.3,100,39950
20231226,09:48:44,1328.6,100,39950
20231226,09:48:53,1327.05,250,39950
20231226,09:49:01,1325.0,300,39950
20231226,09:49:10,1325.0,300,39950
20231226,09:49:18,1326.15,650,39950
20231226,09:49:27,1325.65,600,39950
20231226,09:49:36,1324.3,500,39950
20231226,09:49:44,1325.6,250,39950
20231226,09:49:53,1326.6,150,39950
20231226,09:50:02,1324.95,150,39950
20231226,09:50:10,1324.55,200,39950
20231226,09:50:19,1324.2,50,39950
20231226,09:53:01,1335.15,50,42200
20231226,09:53:10,1337.25,150,42200
20231226,09:53:20,1333.2,200,42200
20231226,09:53:47,1337.3,150,42550
20231226,09:54:05,1338.8,150,42550
20231226,09:54:23,1338.75,200,42550
20231226,09:54:32,1338.7,150,42550
20231226,10:23:05,1388.0,600,43050
20231226,10:34:48,1399.0,50,43050
20231226,10:35:22,1407.0,200,43050
20231226,10:35:31,1405.05,50,43050
20231226,10:35:56,1404.25,100,43000
20231226,10:36:05,1406.55,150,43000
20231226,10:36:14,1409.55,50,43000
20231226,10:36:22,1409.55,100,43000
20231226,10:36:31,1409.4,300,43000
20231226,10:36:39,1409.4,150,43000
20231226,10:41:00,1425.0,50,43600
20231226,11:03:21,1425.0,50,43550
20231226,11:03:30,1418.6,50,43550
20231226,11:21:21,1410.0,50,43550
20231226,11:42:59,1387.2,300,43550
20231226,11:43:41,1387.3,100,43550
20231226,12:01:10,1419.0,50,43650
20231226,12:11:59,1420.0,50,43600
20231226,12:18:22,1398.5,50,43600
20231226,12:23:14,1420.0,50,43600
20231226,12:25:08,1425.0,100,43600
20231226,12:25:30,1422.9,300,43600
20231226,13:18:49,1400.0,50,43550
20231226,13:39:17,1400.0,50,43550
20231226,13:40:18,1388.25,50,43550
20231226,13:40:26,1390.6,50,43550
20231226,13:42:43,1400.0,50,43550
20231226,13:59:05,1390.0,50,43550
20231226,14:08:45,1394.0,50,43550
20231226,14:18:49,1395.0,50,43550
20231226,14:19:17,1400.0,50,43550
20231226,14:28:27,1419.3,600,43550
20231226,15:02:56,1360.0,100,43550
20231226,15:08:11,1365.1,50,43550
20231226,15:16:39,1389.2,50,43550
20231226,15:25:59,1400.0,200,43550
20231227,09:29:46,1455.0,1,43450
20231227,09:29:46,1455.0,50,43450
20231227,09:35:42,1440.0,50,43400
20231227,10:02:31,1440.0,50,43450
20231227,10:18:03,1474.55,600,43450
20231227,10:18:29,1494.25,50,43450
20231227,10:18:47,1494.25,150,43450
20231227,10:29:02,1500.0,50,43450
20231227,10:48:02,1501.4,50,43450
20231227,10:55:38,1501.4,100,43450
20231227,10:56:01,1495.0,50,43450
20231227,10:56:10,1495.0,350,43450
20231227,10:57:46,1505.75,50,42950
20231227,11:26:00,1505.75,50,42950
20231227,11:26:38,1495.0,100,42950
20231227,11:26:46,1495.0,350,42950
20231227,12:05:19,1510.0,50,42550
20231227,12:39:21,1510.0,50,42500
20231227,12:39:38,1495.15,50,42500
20231227,12:39:47,1495.15,50,42500
20231227,12:39:56,1495.15,50,42500
20231227,12:54:31,1487.1,150,42700
20231227,12:57:34,1490.75,100,42700
20231227,13:00:00,1502.0,50,42700
20231227,13:00:26,1490.75,100,42700
20231227,13:11:51,1484.55,150,42700
20231227,13:21:13,1485.9,250,42700
20231227,13:40:37,1470.0,50,42700
20231227,13:47:00,1470.65,50,42650
20231227,13:50:42,1484.5,100,42700
20231227,13:57:11,1484.5,200,42800
20231227,14:01:26,1500.0,50,42800
20231227,14:03:02,1505.0,50,42800
20231227,14:23:17,1505.0,50,42800
20231227,14:31:31,1496.9,100,42750
20231227,14:37:06,1515.15,50,42850
20231227,14:41:50,1525.4,50,42900
20231227,14:44:50,1533.6,100,42950
20231227,14:52:24,1535.6,100,42950
20231227,14:52:58,1535.6,50,42950
20231227,14:54:13,1532.0,100,42950
20231227,15:06:05,1580.4,50,43000
20231227,15:06:45,1585.15,50,43000
20231227,15:08:58,1600.0,50,43000
20231227,15:11:41,1600.0,100,43000
20231227,15:11:50,1598.35,100,43000
20231227,15:19:05,1603.05,450,42950
20231227,15:28:25,1593.65,50,42950
20231227,15:28:59,1593.25,50,42950
20231228,09:32:14,1660.0,1,43000
20231228,09:32:14,1660.0,1000,43000
20231228,09:37:28,1629.35,350,43750
20231228,09:39:25,1629.35,50,44100
20231228,09:42:54,1655.0,50,44050
20231228,09:46:48,1657.0,50,44050
20231228,09:47:45,1657.0,250,44050
20231228,09:55:54,1650.0,250,43800
20231228,09:56:05,1656.0,50,43800
20231228,09:56:53,1650.0,50,43800
20231228,09:59:34,1654.55,100,44000
20231228,10:15:06,1620.0,50,43950
20231228,10:25:30,1620.0,200,44000
20231228,10:54:48,1608.0,50,43800
20231228,10:59:14,1608.0,200,43800
20231228,11:01:51,1609.95,700,43800
20231228,11:15:30,1640.0,50,43800
20231228,11:30:06,1647.8,100,43750
20231228,12:06:11,1678.85,100,43800
20231228,12:30:06,1685.0,100,43850
20231228,12:38:45,1685.0,100,43800
20231228,12:50:57,1662.5,50,43800
20231228,13:17:41,1663.3,50,43850
20231228,13:25:04,1660.45,50,43850
20231228,13:53:24,1642.0,150,43850
20231228,14:05:12,1656.2,50,43850
20231228,14:10:30,1664.95,50,43800
20231228,14:22:24,1648.0,50,43800
20231228,14:22:41,1649.0,50,43800
20231228,14:40:32,1640.0,200,43850
20231228,14:46:06,1640.0,50,43850
20231228,14:46:32,1640.0,100,43850
20231228,14:58:45,1657.25,600,43950
20231228,15:04:28,1657.25,100,43700
20231228,15:05:23,1650.05,100,43700
20231228,15:07:15,1650.1,500,43600
20231228,15:09:54,1651.05,100,43700
20231228,15:14:07,1660.15,2250,43700
20231228,15:16:01,1660.15,300,45750
20231228,15:17:29,1646.75,50,45750
20231228,15:25:08,1627.95,100,45850
20231228,15:28:25,1634.9,50,45850
20231228,15:28:45,1635.95,200,45850
20231229,09:17:00,1611.3,1,45900
20231229,09:17:00,1611.35,600,45900
20231229,09:17:25,1608.9,300,45800
20231229,09:18:13,1603.85,300,45800
20231229,09:19:45,1597.0,50,45800
20231229,09:20:55,1597.0,300,45750
20231229,09:21:22,1604.5,50,45750
20231229,09:22:24,1604.5,300,45750
20231229,09:24:31,1615.05,100,46100
20231229,09:26:04,1615.0,100,46100
20231229,09:26:40,1615.0,50,46300
20231229,09:27:25,1619.35,350,46300
20231229,09:28:34,1619.25,50,46300
20231229,09:28:41,1619.2,200,46300
20231229,09:33:39,1640.0,150,46300
20231229,09:36:02,1641.1,50,46750
20231229,09:36:10,1641.1,100,46750
20231229,09:42:14,1626.95,250,46850
20231229,09:44:07,1627.0,450,46850
20231229,09:49:42,1617.0,50,47000
20231229,09:51:06,1615.0,200,47050
20231229,09:51:41,1614.0,50,47050
20231229,09:51:55,1621.0,50,47050
20231229,09:52:45,1614.0,50,47050
20231229,09:53:29,1612.0,50,47300
20231229,09:54:35,1624.7,50,47300
20231229,10:03:01,1616.0,50,47300
20231229,10:06:01,1615.0,50,47250
20231229,10:29:07,1600.0,50,47250
20231229,10:44:23,1608.85,150,47300
20231229,10:56:14,1600.0,500,47300
20231229,10:57:18,1610.0,500,47300
20231229,11:00:53,1612.65,50,47800
20231229,11:23:56,1614.0,50,47750
20231229,11:25:49,1614.0,50,47750
20231229,11:55:20,1616.0,50,47750
20231229,13:55:41,1596.35,100,47750
20231229,14:17:14,1573.0,50,47850
20231229,14:44:02,1573.0,100,47900
20231229,14:44:34,1588.1,100,47900
20231229,14:48:08,1603.8,300,47900
20231229,14:48:41,1589.4,200,47900
20231229,14:49:28,1590.4,100,47900
20231229,15:02:17,1630.15,150,48000
20231229,15:03:30,1620.9,100,48000
20231229,15:06:01,1615.05,50,48000
20231229,15:07:59,1612.95,100,48000
20231229,15:08:43,1608.9,100,48000
20231229,15:08:51,1604.9,100,48000
20231229,15:14:52,1590.0,50,47800
20231229,15:17:42,1592.4,50,47850
20231229,15:21:55,1590.3,100,47800
20231229,15:25:43,1577.35,50,47800
20240101,09:25:12,1544.55,1,47600
20240101,09:25:12,1544.55,50,47600
20240101,09:40:06,1539.9,50,47550
20240101,09:46:50,1539.9,50,47550
20240101,09:51:07,1560.0,50,47550
20240101,09:53:36,1565.0,50,47550
20240101,09:54:03,1572.0,50,47550
20240101,09:55:02,1582.2,50,47550
20240101,10:00:43,1582.2,50,47550
20240101,10:30:33,1563.85,50,47600
20240101,11:32:10,1583.1,50,47600
20240101,12:07:32,1583.1,100,47550
20240101,12:54:47,1601.95,50,47650
20240101,12:55:32,1601.95,50,47650
20240101,13:28:53,1600.0,50,47550
20240101,13:44:19,1595.0,50,47550
20240101,13:55:01,1605.0,100,47550
20240101,14:09:29,1654.05,50,47550
20240101,14:12:43,1656.9,100,47500
20240101,14:17:30,1659.7,500,47500
20240101,14:24:17,1664.4,50,47400
20240101,14:25:13,1664.4,50,47400
20240101,14:33:56,1655.0,100,47300
20240101,14:37:56,1662.35,50,47300
20240101,14:47:58,1683.6,200,47250
20240101,15:00:32,1718.95,200,47450
20240101,15:07:42,1718.95,300,47250
20240101,15:08:35,1652.0,50,47250
20240101,15:11:33,1604.05,200,47200
20240101,15:20:24,1592.0,300,47200
20240101,15:21:55,1570.75,200,47200
20240102,09:41:03,1568.1,1,47400
20240102,09:41:03,1568.1,100,47400
20240102,09:51:14,1561.1,50,47400
20240102,10:00:30,1489.9,200,47350
20240102,10:01:47,1486.9,50,47350
20240102,10:07:00,1486.9,50,47100
20240102,10:08:43,1499.15,50,47100
20240102,10:25:10,1471.0,50,47100
20240102,10:25:21,1471.0,50,47100
20240102,10:25:31,1461.55,100,47100
20240102,10:28:53,1460.0,100,47050
20240102,10:31:50,1460.0,100,47050
20240102,10:50:22,1460.0,50,47050
20240102,11:28:18,1450.0,500,47050
20240102,11:28:45,1450.0,500,47050
20240102,11:42:34,1435.0,100,47050
20240102,11:54:54,1435.0,50,47050
20240102,11:59:59,1445.0,50,47050
20240102,12:04:45,1445.0,100,47050
20240102,12:05:56,1445.0,50,47050
20240102,12:14:24,1450.0,50,47050
20240102,12:15:08,1450.0,50,47050
20240102,12:15:34,1455.0,50,47050
20240102,12:25:16,1468.15,1000,47050
20240102,12:25:25,1468.15,100,47050
20240102,12:25:34,1468.2,150,47050
20240102,12:25:43,1468.2,100,47050
20240102,12:30:35,1463.2,50,47050
20240102,12:34:36,1476.0,50,47050
20240102,13:06:47,1455.0,100,47050
20240102,13:08:08,1460.0,50,47050
20240102,13:10:06,1455.0,150,47050
20240102,13:11:43,1454.95,50,47050
20240102,13:15:20,1450.0,50,47050
20240102,13:15:37,1455.0,50,47050
20240102,13:18:27,1455.0,50,47050
20240102,13:24:53,1450.0,50,47050
20240102,13:25:21,1455.0,50,47050
20240102,13:25:39,1460.0,50,47050
20240102,13:31:31,1460.0,100,47050
20240102,13:54:11,1470.0,100,47050
20240102,14:09:08,1485.0,50,47050
20240102,14:45:15,1514.0,50,47050
20240102,14:58:33,1500.0,100,47050
20240102,15:00:11,1495.0,150,47050
20240102,15:07:41,1490.75,50,47050
20240102,15:10:29,1460.55,100,47100
20240102,15:22:34,1477.4,50,47100
20240103,09:41:43,1400.0,1,47100
20240103,09:41:43,1400.0,50,47100
20240103,09:41:54,1400.0,100,47150
20240103,09:43:50,1395.0,50,47150
20240103,09:47:33,1395.0,100,47250
20240103,09:48:07,1390.0,50,47250
20240103,09:49:43,1390.0,400,47250
20240103,09:50:20,1400.0,100,47250
20240103,09:53:19,1405.0,100,47500
20240103,09:53:37,1405.0,50,47500
20240103,09:55:12,1405.0,100,47650
20240103,09:55:29,1407.0,200,47650
20240103,09:55:38,1407.0,200,47650
20240103,09:57:59,1410.0,50,47750
20240103,10:00:13,1413.35,50,47800
20240103,10:03:16,1413.35,50,47750
20240103,10:04:00,1405.0,50,47750
20240103,10:04:10,1405.0,50,47750
20240103,10:04:21,1410.0,50,47750
20240103,10:04:32,1415.0,100,47750
20240103,10:07:21,1415.0,100,47850
20240103,10:09:22,1405.0,50,47950
20240103,10:10:57,1410.0,100,47950
20240103,10:16:29,1410.0,50,48100
20240103,10:28:09,1395.0,100,48150
20240103,10:29:03,1400.0,100,48150
20240103,10:36:19,1410.0,50,48350
20240103,10:37:03,1409.05,50,48350
20240103,10:38:54,1410.0,50,48350
20240103,10:49:16,1385.0,100,48450
20240103,10:52:03,1375.0,50,48350
20240103,11:04:18,1375.0,100,48350
20240103,11:11:44,1385.0,50,48450
20240103,11:15:29,1395.0,50,48400
20240103,11:19:35,1394.1,50,48400
20240103,11:47:40,1410.0,50,48400
20240103,11:47:48,1410.0,50,48400
20240103,11:47:58,1415.0,50,48400
20240103,12:06:41,1392.0,100,48550
20240103,12:11:40,1395.0,50,48450
20240103,12:11:49,1395.0,50,48450
20240103,12:14:20,1384.0,50,48550
20240103,12:15:03,1390.1,100,48550
20240103,12:15:36,1392.0,100,48550
20240103,12:17:30,1395.0,100,48550
20240103,12:17:39,1395.0,50,48550
20240103,12:24:03,1370.0,50,48700
20240103,12:34:03,1365.0,50,48650
20240103,12:34:30,1365.0,50,48650
20240103,12:41:01,1360.0,200,48700
20240103,12:50:00,1360.0,200,48900
20240103,12:53:33,1380.0,50,49100
20240103,12:53:42,1380.0,150,49100
20240103,12:57:07,1385.0,150,49300
20240103,13:01:42,1390.0,100,49250
20240103,13:04:22,1390.0,50,49350
20240103,13:37:44,1390.0,100,49400
20240103,13:37:52,1390.0,100,49400
20240103,13:39:51,1400.0,50,49600
20240103,13:53:02,1390.0,50,49650
20240103,14:12:46,1395.15,500,49700
20240103,14:14:42,1396.25,50,49700
20240103,14:17:07,1384.5,400,50200
20240103,14:20:47,1374.85,50,50350
20240103,14:21:39,1376.7,300,50350
20240103,14:21:48,1375.6,400,50350
20240103,14:22:14,1379.95,50,50350
20240103,14:23:47,1376.7,100,50350
20240103,14:25:15,1374.9,50,51000
20240103,14:25:55,1374.45,250,51000
20240103,14:29:17,1374.7,100,51100
20240103,14:30:46,1377.95,200,51200
20240103,14:30:55,1378.95,50,51200
20240103,14:32:11,1369.95,50,51200
20240103,14:34:25,1370.3,100,51400
20240103,14:42:11,1359.75,350,51500
20240103,14:49:58,1359.7,50,51850
20240103,14:52:56,1359.7,100,51900
20240103,14:53:40,1375.0,50,51900
20240103,14:54:06,1376.25,150,51900
20240103,14:54:23,1378.95,100,51900
20240103,14:54:31,1378.95,50,51900
20240103,14:57:24,1379.0,250,52350
20240103,14:59:39,1379.95,50,52600
20240103,15:02:25,1350.0,100,52650
20240103,15:02:34,1350.0,350,52650
20240103,15:09:50,1337.15,50,53100
20240103,15:12:30,1329.7,100,53100
20240103,15:12:41,1329.7,200,53450
20240103,15:14:56,1325.0,350,53450
20240103,15:15:05,1329.95,50,53450
20240103,15:19:11,1320.0,150,53800
20240103,15:19:38,1330.0,100,53800
20240103,15:23:10,1330.0,200,54000
20240103,15:24:12,1330.0,50,54000
20240103,15:24:23,1321.9,200,54000
20240103,15:27:30,1325.7,200,54300
20240104,09:15:20,1368.0,1,54400
20240104,09:15:20,1368.0,500,54400
20240104,09:20:22,1400.3,400,53900
20240104,09:21:02,1405.0,50,54250
20240104,09:21:22,1405.0,50,54250
20240104,09:21:50,1405.0,50,54250
20240104,09:22:22,1405.0,50,54250
20240104,09:29:05,1410.0,350,54450
20240104,09:40:22,1421.9,50,54700
20240104,09:45:07,1423.95,150,54750
20240104,09:45:35,1424.0,150,54750
20240104,09:45:44,1424.0,100,54750
20240104,09:46:12,1423.85,400,54750
20240104,09:46:21,1423.7,200,54750
20240104,09:46:30,1423.8,250,54750
20240104,09:48:53,1417.7,150,55950
20240104,09:49:30,1413.0,50,55950
20240104,09:51:19,1418.35,100,56150
20240104,09:52:51,1413.0,50,56150
20240104,09:54:42,1420.65,50,56300
20240104,09:59:31,1418.8,50,56350
20240104,10:04:27,1419.1,50,56400
20240104,10:04:45,1420.95,50,56400
20240104,10:05:47,1431.4,50,56500
20240104,10:06:53,1431.4,50,56500
20240104,10:08:59,1431.25,100,56600
20240104,10:09:08,1431.2,100,56600
20240104,10:09:27,1422.2,50,56600
20240104,10:11:59,1430.95,100,56750
20240104,10:13:04,1423.0,200,56750
20240104,10:14:54,1443.75,50,57000
20240104,10:15:03,1443.85,50,57000
20240104,10:15:27,1451.9,200,57000
20240104,10:17:03,1452.1,50,57000
20240104,10:17:30,1454.7,50,57000
20240104,10:18:06,1454.7,200,57350
20240104,10:18:34,1457.25,100,57350
20240104,10:18:54,1459.45,50,57350
20240104,10:20:37,1459.45,400,57350
20240104,10:20:55,1457.1,150,58050
20240104,10:21:05,1457.1,100,58050
20240104,10:27:40,1441.0,200,58300
20240104,10:28:16,1449.25,50,58300
20240104,10:28:33,1445.0,50,58300
20240104,10:30:13,1454.7,250,58500
20240104,10:40:27,1459.15,50,58750
20240104,10:48:16,1445.0,200,58750
20240104,10:58:48,1453.45,300,58900
20240104,11:00:24,1451.25,200,59050
20240104,11:00:42,1453.1,50,59050
20240104,11:01:11,1456.9,50,59050
20240104,11:03:42,1458.05,250,59250
20240104,11:03:51,1457.8,300,59250
20240104,11:04:00,1457.95,700,59250
20240104,11:04:09,1458.1,50,59250
20240104,11:06:05,1458.0,500,60500
20240104,11:06:14,1457.95,150,60500
20240104,11:14:28,1464.85,100,61150
20240104,11:14:38,1464.6,50,61150
20240104,11:16:14,1469.85,50,61300
20240104,11:22:27,1469.85,50,61350
20240104,11:22:36,1463.15,50,61350
20240104,11:38:13,1459.45,150,61450
20240104,11:50:00,1466.85,50,61450
20240104,11:50:09,1467.0,250,61600
20240104,11:50:44,1471.85,50,61600
20240104,11:51:11,1471.85,50,61950
20240104,11:51:28,1472.3,50,61950
20240104,11:55:33,1472.3,50,62000
20240104,12:00:31,1472.25,50,62000
20240104,12:05:53,1471.3,50,62050
20240104,12:10:43,1468.4,50,62100
20240104,12:22:21,1470.75,50,62150
20240104,12:23:59,1478.75,100,62150
20240104,12:28:45,1481.85,50,62250
20240104,12:31:02,1484.85,50,62250
20240104,12:39:18,1484.85,200,62300
20240104,12:39:27,1479.55,50,62300
20240104,12:40:02,1479.55,50,62300
20240104,12:45:01,1477.65,300,62550
20240104,12:47:03,1479.65,700,62550
20240104,12:49:18,1479.6,250,63450
20240104,12:49:26,1479.65,150,63450
20240104,12:49:43,1478.45,400,63450
20240104,12:50:00,1479.15,100,63450
20240104,12:50:16,1478.2,450,63450
20240104,12:50:24,1478.0,300,63450
20240104,12:50:48,1479.3,50,63450
20240104,12:57:29,1481.95,50,64850
20240104,13:01:28,1474.95,400,64900
20240104,13:01:37,1475.0,950,64900
20240104,13:01:46,1476.4,250,64900
20240104,13:05:17,1480.2,50,65450
20240104,13:07:27,1483.7,50,65500
20240104,13:08:08,1483.85,50,65500
20240104,13:10:50,1480.0,100,65550
20240104,13:33:10,1479.0,50,65550
20240104,13:37:31,1480.55,100,65600
20240104,13:37:41,1480.35,650,65600
20240104,13:39:00,1485.75,550,65600
20240104,13:40:06,1488.75,550,66900
20240104,13:40:26,1488.8,50,66900
20240104,13:42:08,1489.45,150,67350
20240104,13:43:07,1489.45,100,67350
20240104,13:44:05,1481.2,100,67350
20240104,13:44:30,1481.2,100,67350
20240104,13:44:47,1481.2,100,67350
20240104,13:45:04,1481.2,100,67350
20240104,13:46:05,1481.2,100,67700
20240104,13:46:31,1481.2,100,67700
20240104,13:46:48,1481.2,200,67700
20240104,13:47:21,1481.2,200,67700
20240104,13:48:11,1485.55,350,68100
20240104,13:49:37,1479.1,250,68100
20240104,13:50:02,1480.85,250,68100
20240104,13:51:34,1480.85,250,68950
20240104,13:52:00,1480.85,50,68950
20240104,13:59:35,1476.85,300,69050
20240104,13:59:44,1476.95,150,69050
20240104,14:02:56,1459.3,200,69400
20240104,14:03:41,1469.1,450,69400
20240104,14:03:49,1470.45,50,69400
20240104,14:05:49,1460.3,200,69400
20240104,14:08:52,1470.55,150,69800
20240104,14:09:00,1471.6,350,69800
20240104,14:09:09,1472.05,150,69800
20240104,14:09:34,1472.45,50,70150
20240104,14:10:24,1474.85,300,70150
20240104,14:10:52,1477.45,600,70150
20240104,14:11:10,1480.45,50,70150
20240104,14:11:45,1480.3,50,70150
20240104,14:12:02,1480.5,50,70150
20240104,14:12:11,1480.4,50,70150
20240104,14:12:27,1480.3,150,71300
20240104,14:18:23,1469.45,50,71450
20240104,14:19:05,1469.25,150,71450
20240104,14:19:13,1469.4,150,71450
20240104,14:19:28,1469.15,300,71450
20240104,14:19:36,1469.2,600,71450
20240104,14:19:45,1469.4,50,71450
20240104,14:19:53,1469.35,100,71450
20240104,14:23:40,1470.85,50,72800
20240104,14:27:24,1464.45,50,72850
20240104,14:31:44,1465.7,150,72900
20240104,14:35:26,1450.0,50,73050
20240104,14:36:39,1459.85,100,73100
20240104,14:41:04,1452.25,50,73200
20240104,14:44:44,1448.15,50,73200
20240104,14:46:22,1458.8,250,73200
20240104,14:46:31,1458.8,150,73200
20240104,14:46:40,1459.6,150,73200
20240104,14:50:36,1464.6,50,73750
20240104,14:53:57,1464.7,50,73800
20240104,14:55:35,1468.55,650,73800
20240104,14:56:02,1466.05,50,73800
20240104,15:04:58,1466.55,50,73200
20240104,15:06:45,1476.5,100,73200
20240104,15:07:06,1480.0,200,73200
20240104,15:11:51,1473.4,200,73300
20240104,15:13:52,1477.55,50,73500
20240104,15:15:23,1478.6,50,73450
20240104,15:15:43,1480.9,100,73450
20240104,15:17:19,1480.45,50,73450
20240104,15:17:28,1476.3,100,73450
20240104,15:23:41,1478.85,200,73750
20240104,15:24:03,1492.0,50,73750
20240104,15:25:45,1497.05,50,73850
20240104,15:26:28,1497.05,50,73850
20240104,15:26:38,1500.75,50,73850
20240104,15:28:09,1507.35,50,74000
20240104,15:28:39,1507.35,200,74000
20240105,09:19:52,1508.35,1,74250
20240105,09:19:52,1508.35,100,74250
20240105,09:31:45,1495.9,100,74250
20240105,09:31:54,1495.9,150,74250
20240105,09:32:12,1507.3,100,74250
20240105,09:33:05,1506.55,50,74500
20240105,09:34:54,1495.25,200,74500
20240105,09:35:48,1495.25,150,74700
20240105,09:36:50,1504.1,200,74700
20240105,09:38:01,1501.3,300,74700
20240105,09:40:24,1500.0,500,75050
20240105,09:41:28,1510.55,50,75400
20240105,09:42:13,1510.55,150,75400
20240105,09:42:22,1508.0,50,75400
20240105,09:44:33,1500.0,500,75600
20240105,09:46:26,1496.15,350,75600
20240105,09:51:18,1506.2,100,76000
20240105,09:52:01,1506.9,350,76000
20240105,09:52:10,1504.45,50,76000
20240105,09:52:46,1508.4,200,76000
20240105,09:52:55,1508.7,250,76000
20240105,09:53:03,1508.85,250,76000
20240105,09:53:30,1510.25,50,76000
20240105,09:53:38,1510.3,50,76750
20240105,09:53:47,1509.05,50,76750
20240105,09:54:48,1508.35,50,76750
20240105,09:55:58,1502.15,400,76750
20240105,09:56:16,1510.25,200,76750
20240105,09:56:24,1510.65,100,76750
20240105,09:56:33,1510.65,100,77100
20240105,09:56:50,1509.4,50,77100
20240105,09:56:59,1509.85,100,77100
20240105,09:57:07,1509.65,50,77100
20240105,09:57:16,1509.55,250,77100
20240105,09:57:24,1509.85,50,77100
20240105,09:57:41,1509.9,50,77100
20240105,09:57:49,1509.7,50,77100
20240105,09:57:57,1508.5,50,77100
20240105,09:59:11,1509.7,200,77100
20240105,09:59:20,1506.8,50,77100
20240105,09:59:29,1505.75,150,77100
20240105,10:01:09,1505.9,150,77850
20240105,10:01:18,1504.4,300,77850
20240105,10:03:32,1506.1,50,78250
20240105,10:03:57,1505.85,50,78250
20240105,10:04:29,1507.15,50,78250
20240105,10:05:02,1506.15,50,78250
20240105,10:05:35,1502.35,50,78300
20240105,10:05:43,1502.1,50,78300
20240105,10:05:58,1503.3,50,78300
20240105,10:07:30,1504.35,50,78300
20240105,10:09:56,1508.5,50,78450
20240105,10:10:37,1507.55,50,78450
20240105,10:17:52,1499.9,50,78500
20240105,10:19:04,1484.4,50,78500
20240105,10:24:58,1484.4,50,78500
20240105,10:31:01,1501.8,100,78550
20240105,10:41:31,1507.0,50,78600
20240105,10:41:55,1504.85,50,78600
20240105,10:42:03,1504.9,150,78600
20240105,10:45:26,1479.3,50,78600
20240105,10:48:37,1460.3,50,78650
20240105,10:49:43,1454.45,200,78650
20240105,10:50:03,1454.45,50,78650
20240105,10:53:06,1457.95,50,78850
20240105,10:53:39,1458.85,50,78900
20240105,10:54:19,1440.05,200,78900
20240105,10:55:12,1440.05,50,78900
20240105,10:58:18,1452.6,50,79000
20240105,10:58:28,1444.35,150,79000
20240105,10:58:37,1451.6,50,79000
20240105,11:00:09,1455.0,50,79200
20240105,11:00:28,1452.75,50,79200
20240105,11:00:37,1454.95,50,79200
20240105,11:02:50,1454.75,150,79250
20240105,11:03:09,1455.0,50,79250
20240105,11:03:27,1455.0,150,79250
20240105,11:09:32,1470.7,50,79500
20240105,11:10:08,1469.1,50,79500
20240105,11:10:44,1470.25,50,79500
20240105,11:12:18,1471.0,50,79550
20240105,11:13:36,1472.2,50,79550
20240105,11:21:21,1453.0,50,79650
20240105,11:22:52,1454.1,50,79650
20240105,11:25:54,1461.75,50,79750
20240105,11:28:31,1452.8,50,79800
20240105,11:28:49,1460.0,100,79800
20240105,11:30:11,1462.7,50,79900
20240105,11:30:20,1463.2,150,79900
20240105,11:33:52,1458.0,50,79950
20240105,11:56:37,1457.45,50,79950
20240105,12:01:53,1456.55,150,80000
20240105,12:04:27,1454.1,50,80100
20240105,12:04:36,1460.85,50,80100
20240105,12:08:07,1467.05,50,80150
20240105,12:08:51,1466.85,100,80200
20240105,12:09:16,1465.3,250,80200
20240105,12:09:24,1465.55,50,80200
20240105,12:09:32,1464.55,50,80200
20240105,12:10:16,1471.8,50,80200
20240105,12:10:25,1472.75,350,80200
20240105,12:10:34,1472.1,50,80200
20240105,12:10:43,1472.4,150,80200
20240105,12:11:01,1472.4,150,80200
20240105,12:12:43,1469.9,100,80950
20240105,12:12:51,1470.05,300,80950
20240105,12:13:15,1469.95,100,80950
20240105,12:13:24,1469.1,200,80950
20240105,12:13:56,1468.15,50,80950
20240105,12:14:37,1468.4,50,80950
20240105,12:14:52,1468.4,100,81550
20240105,12:15:09,1468.15,100,81550
20240105,12:15:18,1468.25,200,81550
20240105,12:15:51,1468.9,200,81550
20240105,12:15:59,1469.05,200,81550
20240105,12:16:14,1469.9,100,81550
20240105,12:17:12,1473.1,50,81550
20240105,12:17:21,1474.3,50,81550
20240105,12:17:38,1476.4,50,81550
20240105,12:17:56,1479.55,50,82200
20240105,12:18:05,1478.7,50,82200
20240105,12:18:31,1478.35,50,82200
20240105,12:19:06,1480.95,300,82200
20240105,12:19:15,1481.1,50,82200
20240105,12:19:25,1480.05,200,82200
20240105,12:19:33,1480.25,200,82200
20240105,12:19:42,1480.7,50,82200
20240105,12:19:50,1480.5,300,82200
20240105,12:19:59,1482.3,50,82200
20240105,12:20:24,1481.35,50,82200
20240105,12:20:34,1485.4,150,82200
20240105,12:22:48,1481.05,50,82950
20240105,12:22:57,1485.65,800,82950
20240105,12:23:07,1488.35,550,82950
20240105,12:23:16,1486.75,200,82950
20240105,12:23:25,1487.45,50,82950
20240105,12:23:33,1485.35,200,82950
20240105,12:23:42,1486.4,100,82950
20240105,12:23:51,1484.95,100,83650
20240105,12:23:59,1484.95,50,83650
20240105,12:24:08,1483.95,50,83650
20240105,12:25:23,1482.65,50,83650
20240105,12:31:46,1478.2,400,83850
20240105,12:31:55,1478.25,150,83850
20240105,12:32:12,1479.25,100,83850
20240105,12:33:18,1476.85,50,84200
20240105,12:36:10,1469.7,50,84250
20240105,12:37:57,1474.7,450,84250
20240105,12:38:14,1475.75,250,84250
20240105,12:38:38,1472.7,150,84250
20240105,12:38:47,1472.8,100,84250
20240105,12:38:55,1472.6,200,85000
20240105,12:39:05,1472.5,700,85000
20240105,12:39:13,1473.0,100,85000
20240105,12:39:39,1474.9,50,85000
20240105,12:39:47,1473.9,50,85000
20240105,12:40:20,1474.1,50,85000
20240105,12:49:36,1472.95,50,85600
20240105,12:50:09,1474.3,50,85600
20240105,12:51:35,1469.1,50,85700
20240105,12:52:16,1465.65,100,85700
20240105,12:52:56,1465.3,300,85700
20240105,12:53:04,1465.3,50,85700
20240105,12:53:12,1466.0,50,85700
20240105,13:00:13,1458.5,150,86100
20240105,13:00:22,1459.6,50,86100
20240105,13:01:37,1460.25,150,86100
20240105,13:01:45,1460.05,350,86100
20240105,13:01:53,1459.9,50,86100
20240105,13:02:01,1461.1,50,86100
20240105,13:02:58,1465.85,150,86800
20240105,13:03:15,1466.3,100,86800
20240105,13:03:39,1465.2,50,86800
20240105,13:03:48,1466.1,50,86800
20240105,13:05:01,1464.6,50,86800
20240105,13:05:09,1465.05,150,86800
20240105,13:05:16,1465.5,100,86800
20240105,13:05:24,1466.95,450,86800
20240105,13:05:32,1465.9,250,86800
20240105,13:05:40,1466.15,100,86800
20240105,13:06:03,1466.75,150,87350
20240105,13:06:18,1466.05,50,87350
20240105,13:07:16,1466.25,100,87350
20240105,13:07:24,1466.45,50,87350
20240105,13:07:32,1465.7,50,87350
20240105,13:08:23,1466.2,50,87350
20240105,13:08:31,1466.4,50,87350
20240105,13:08:39,1466.4,100,87350
20240105,13:08:47,1467.9,150,87350
20240105,13:09:03,1468.5,100,87850
20240105,13:09:12,1468.55,100,87850
20240105,13:09:52,1469.15,150,87850
20240105,13:10:09,1468.3,50,87850
20240105,13:10:17,1468.8,50,87850
20240105,13:10:31,1469.05,50,87850
20240105,13:11:03,1468.05,50,87850
20240105,13:13:20,1468.25,50,88050
20240105,13:13:44,1471.05,50,88050
20240105,13:20:45,1469.65,50,88100
20240105,13:22:14,1470.45,50,88150
20240105,13:22:37,1470.55,150,88150
20240105,13:22:44,1470.55,50,88150
20240105,13:22:59,1470.55,50,88150
20240105,13:23:21,1468.6,50,88150
20240105,13:26:06,1467.5,50,88450
20240105,13:29:03,1464.05,50,88500
20240105,13:30:30,1465.95,50,88500
20240105,13:30:38,1466.15,50,88500
20240105,13:31:10,1461.65,50,88500
20240105,13:31:26,1461.45,50,88500
20240105,13:31:48,1460.9,100,88500
20240105,13:31:56,1461.0,50,88500
20240105,13:32:46,1458.95,50,88500
20240105,13:33:55,1455.35,50,88850
20240105,13:38:43,1452.5,150,88900
20240105,13:38:51,1453.85,50,88900
20240105,13:39:08,1453.6,50,89050
20240105,13:39:23,1452.55,50,89050
20240105,13:39:38,1452.65,100,89050
20240105,13:40:38,1442.95,50,89050
20240105,13:41:06,1439.45,100,89050
20240105,13:41:16,1439.45,50,89050
20240105,13:42:12,1437.55,50,89250
20240105,13:42:39,1437.55,50,89250
20240105,13:44:55,1451.85,200,89250
20240105,13:45:50,1449.95,250,89550
20240105,13:45:59,1445.7,400,89550
20240105,13:46:25,1446.2,300,89550
20240105,13:46:34,1447.4,100,89550
20240105,13:46:51,1449.95,100,89550
20240105,13:47:00,1445.5,250,89550
20240105,13:47:09,1450.45,200,89550
20240105,13:47:17,1450.2,50,89550
20240105,13:47:26,1450.35,100,89550
20240105,13:47:35,1448.1,50,89550
20240105,13:48:00,1450.7,50,89550
20240105,13:48:17,1450.45,100,90950
20240105,13:48:44,1455.9,50,90950
20240105,13:49:10,1451.3,250,90950
20240105,13:49:18,1447.1,50,90950
20240105,13:50:41,1455.55,350,90950
20240105,13:57:14,1445.95,100,91700
20240105,13:58:31,1458.7,200,91700
20240105,13:58:40,1461.05,250,91700
20240105,13:58:50,1460.5,100,91700
20240105,13:58:58,1460.95,150,91700
20240105,13:59:16,1459.2,50,91700
20240105,13:59:41,1458.1,50,91700
20240105,13:59:49,1459.25,200,91700
20240105,13:59:58,1459.1,50,91700
20240105,14:00:14,1458.0,50,92500
20240105,14:00:23,1460.6,50,92500
20240105,14:01:07,1452.65,200,92500
20240105,14:01:16,1450.55,250,92500
20240105,14:01:24,1449.75,50,92500
20240105,14:01:33,1450.1,400,92500
20240105,14:01:41,1450.65,100,92500
20240105,14:03:23,1436.25,150,93350
20240105,14:05:17,1435.05,200,93350
20240105,14:05:25,1436.9,50,93350
20240105,14:05:47,1433.95,50,93350
20240105,14:05:56,1433.95,100,93350
20240105,14:06:05,1436.8,100,93350
20240105,14:06:23,1436.05,50,93900
20240105,14:07:08,1438.2,50,93900
20240105,14:08:34,1433.6,200,93900
20240105,14:08:42,1433.6,300,93900
20240105,14:08:51,1434.9,100,93900
20240105,14:09:08,1433.7,50,94400
20240105,14:10:29,1421.0,50,94400
20240105,14:12:23,1421.0,50,94450
20240105,14:15:30,1415.9,50,94500
20240105,14:15:38,1415.9,50,94500
20240105,14:16:35,1418.4,50,94500
20240105,14:19:53,1401.95,50,94550
20240105,14:20:26,1396.85,50,94550
20240105,14:22:08,1393.7,50,94550
20240105,14:25:20,1393.7,50,94600
20240105,14:30:27,1399.8,50,94600
20240105,14:30:53,1404.2,100,94600
20240105,14:34:31,1408.45,50,94750
20240105,14:44:11,1432.95,50,94750
20240105,14:46:00,1442.5,50,94800
20240105,14:46:36,1447.25,50,94800
20240105,14:47:30,1443.75,50,94800
20240105,14:49:17,1450.0,50,94900
20240105,14:49:47,1457.8,50,94900
20240105,14:50:19,1463.25,50,94900
20240105,14:50:30,1472.35,50,94900
20240105,14:51:25,1480.5,100,94950
20240105,14:51:57,1472.0,50,94950
20240105,14:52:07,1474.0,50,94950
20240105,14:52:37,1477.55,50,94950
20240105,14:52:57,1480.4,100,94950
20240105,14:53:38,1478.1,50,94950
20240105,14:54:18,1481.75,100,95150
20240105,14:54:47,1480.95,100,95150
20240105,14:54:56,1482.15,50,95150
20240105,14:55:27,1484.9,50,95150
20240105,14:55:56,1487.55,50,95150
20240105,14:59:45,1485.05,1450,95350
20240105,15:01:49,1499.0,100,95000
20240105,15:02:09,1499.8,100,95000
20240105,15:02:19,1500.0,250,95000
20240105,15:02:30,1501.75,50,95000
20240105,15:02:41,1502.5,250,95000
20240105,15:03:33,1505.95,50,95350
20240105,15:04:14,1499.6,50,95350
20240105,15:04:52,1499.6,100,95350
20240105,15:07:00,1491.75,50,95350
20240105,15:07:39,1498.1,50,95350
20240105,15:07:48,1501.25,250,95350
20240105,15:08:08,1503.9,200,95350
20240105,15:09:34,1498.85,400,95850
20240105,15:09:44,1497.55,200,95850
20240105,15:10:04,1500.05,800,95850
20240105,15:11:11,1501.6,50,95850
20240105,15:11:20,1500.45,250,95850
20240105,15:11:29,1500.5,50,95850
20240105,15:14:03,1477.4,250,96600
20240105,15:14:22,1491.0,50,96600
20240105,15:20:05,1463.0,250,96750
20240105,15:20:17,1472.9,50,96750
20240105,15:23:07,1463.45,50,96800
20240105,15:25:34,1475.55,50,96850
20240105,15:25:53,1477.9,200,96850
20240108,09:20:54,1475.85,1,96800
20240108,09:20:54,1475.85,50,96800
20240108,09:21:25,1469.45,150,96800
20240108,09:21:35,1465.7,150,96800
20240108,09:21:45,1460.0,250,96800
20240108,09:21:54,1460.0,50,96800
20240108,09:23:05,1480.75,50,96800
20240108,09:24:05,1490.15,50,97250
20240108,09:24:16,1490.15,100,97250
20240108,09:24:46,1484.25,100,97250
20240108,09:25:27,1496.6,350,97250
20240108,09:26:36,1500.7,50,97550
20240108,09:30:34,1500.7,50,97600
20240108,09:34:17,1445.3,50,97550
20240108,09:34:38,1442.8,50,97550
20240108,09:35:48,1442.8,50,97550
20240108,09:36:28,1440.0,50,97550
20240108,09:36:38,1440.0,50,97550
20240108,09:39:18,1435.3,50,97650
20240108,09:46:41,1415.0,100,97700
20240108,09:50:36,1404.0,150,97950
20240108,09:52:00,1419.8,50,97950
20240108,09:52:10,1414.0,100,97950
20240108,09:52:56,1426.35,50,97950
20240108,09:53:06,1422.95,200,97950
20240108,09:55:20,1436.5,50,98150
20240108,09:57:50,1435.0,50,98200
20240108,10:05:44,1430.0,200,98250
20240108,10:08:44,1437.2,200,98250
20240108,10:10:55,1440.05,100,98250
20240108,10:11:13,1440.05,100,98250
20240108,10:11:57,1441.0,50,98650
20240108,10:12:48,1443.45,50,98650
20240108,10:13:51,1444.2,50,98650
20240108,10:14:10,1445.95,50,98650
20240108,10:14:30,1449.55,50,98650
20240108,10:15:09,1448.25,100,98800
20240108,10:15:18,1449.65,50,98800
20240108,10:15:37,1447.05,50,98800
20240108,10:16:24,1451.2,100,98800
20240108,10:16:44,1447.55,50,98800
20240108,10:23:16,1443.2,100,99000
20240108,10:23:33,1443.85,50,99000
20240108,10:24:11,1449.3,200,99150
20240108,10:24:21,1445.95,600,99150
20240108,10:25:25,1439.25,200,99150
20240108,10:25:35,1440.65,50,99150
20240108,10:26:02,1443.75,350,99150
20240108,10:28:08,1445.5,200,100350
20240108,10:28:17,1446.95,50,100350
20240108,10:28:26,1447.5,100,100350
20240108,10:29:33,1449.6,50,100350
20240108,10:30:42,1453.7,50,100500
20240108,10:33:16,1468.8,300,100550
20240108,10:33:27,1470.4,550,100550
20240108,10:33:37,1471.65,200,100550
20240108,10:33:48,1469.3,50,100550
20240108,10:34:41,1479.0,150,100550
20240108,10:35:12,1480.0,50,100550
20240108,10:35:22,1484.25,200,100550
20240108,10:35:32,1480.45,150,100550
20240108,10:35:42,1483.1,300,101850
20240108,10:36:01,1480.85,150,101850
20240108,10:36:30,1480.45,50,101850
20240108,10:37:39,1479.8,100,101850
20240108,10:37:48,1478.8,50,101850
20240108,10:37:58,1477.35,250,101850
20240108,10:38:08,1478.1,50,101850
20240108,10:38:27,1476.95,150,101850
20240108,10:38:36,1479.9,300,101850
20240108,10:38:55,1477.35,300,102700
20240108,10:42:14,1454.1,50,103050
20240108,10:47:10,1443.65,50,103100
20240108,10:50:14,1430.8,50,103100
20240108,11:01:33,1401.3,50,103100
20240108,11:04:59,1400.0,100,103150
20240108,11:14:52,1375.2,300,103200
20240108,11:15:23,1374.15,50,103200
20240108,11:15:33,1373.5,50,103200
20240108,11:22:54,1373.5,400,103250
20240108,11:23:22,1373.5,400,103250
20240108,11:24:57,1385.0,50,103250
20240108,11:30:25,1385.0,50,103250
20240108,11:48:59,1390.0,50,103250
20240108,11:54:12,1351.0,50,103300
20240108,11:54:24,1346.7,50,103300
20240108,12:02:08,1336.2,250,103350
20240108,12:13:01,1336.2,50,103350
20240108,12:14:01,1357.55,200,103350
20240108,12:27:50,1353.45,50,103350
20240108,12:28:40,1353.45,50,103350
20240108,12:31:40,1357.85,150,103400
20240108,12:32:10,1362.7,50,103400
20240108,12:33:36,1384.25,50,103600
20240108,12:34:07,1385.55,200,103600
20240108,12:34:17,1386.1,200,103600
20240108,12:34:37,1381.65,50,103600
20240108,12:34:57,1381.5,100,103600
20240108,12:37:06,1373.95,50,104000
20240108,12:37:16,1374.45,50,104000
20240108,12:37:35,1374.3,200,104000
20240108,12:37:45,1374.45,150,104000
20240108,12:38:04,1374.45,350,104000
20240108,12:38:14,1374.4,350,104000
20240108,12:38:51,1370.0,500,104000
20240108,12:43:25,1370.0,50,104200
20240108,12:45:02,1375.9,150,104200
20240108,12:47:39,1369.75,50,104350
20240108,12:48:17,1370.8,50,104400
20240108,12:48:36,1374.9,100,104400
20240108,12:48:46,1374.75,250,104400
20240108,12:48:56,1375.0,50,104400
20240108,12:53:34,1361.1,50,104850
20240108,12:53:53,1360.95,50,104850
20240108,12:55:09,1354.4,50,104950
20240108,12:59:05,1345.0,50,105000
20240108,13:00:46,1348.0,50,105050
20240108,13:09:03,1354.7,50,105100
20240108,13:11:08,1354.65,100,105100
20240108,13:17:29,1355.9,50,105200
20240108,13:18:14,1356.0,50,105250
20240108,13:20:22,1366.6,50,105250
20240108,13:21:49,1372.75,50,105350
20240108,13:26:54,1372.65,350,105400
20240108,13:28:40,1372.65,50,105750
20240108,13:32:10,1372.55,50,105800
20240108,13:32:20,1372.8,100,105800
20240108,13:33:48,1361.15,50,105950
20240108,13:37:28,1353.05,50,106000
20240108,13:38:40,1359.95,50,106000
20240108,13:41:03,1360.0,50,106100
20240108,13:46:25,1342.3,250,106150
20240108,13:46:55,1350.0,50,106150
20240108,13:49:04,1350.9,150,106250
20240108,13:49:23,1351.0,50,106250
20240108,13:54:08,1351.9,100,106400
20240108,13:56:57,1359.75,200,106450
20240108,14:00:08,1368.3,200,106700
20240108,14:05:32,1380.9,50,106700
20240108,14:06:43,1370.0,100,106750
20240108,14:06:52,1377.95,50,106750
20240108,14:10:43,1369.45,50,106800
20240108,14:15:08,1376.85,50,106850
20240108,14:16:28,1360.45,50,106900
20240108,14:19:49,1376.85,300,106900
20240108,14:21:09,1376.95,50,106900
20240108,14:27:15,1346.85,100,107250
20240108,14:27:46,1346.75,50,107250
20240108,14:27:57,1347.0,150,107250
20240108,14:29:31,1350.95,50,107250
20240108,14:32:05,1335.65,150,107550
20240108,14:33:22,1325.0,100,107600
20240108,14:33:35,1324.95,200,107600
20240108,14:34:57,1323.95,50,107600
20240108,14:35:35,1320.0,50,107600
20240108,14:36:22,1320.0,50,107800
20240108,14:36:33,1320.0,50,107800
20240108,14:37:27,1326.0,50,107800
20240108,14:38:44,1316.9,600,107800
20240108,14:41:06,1325.0,50,107950
20240108,14:42:37,1325.95,50,108000
20240108,14:42:56,1320.0,50,108000
20240108,14:47:35,1318.0,50,108050
20240108,14:49:20,1318.0,200,108100
20240108,14:49:40,1321.95,150,108100
20240108,14:50:01,1318.3,50,108100
20240108,14:50:12,1326.0,50,108100
20240108,14:54:08,1326.85,50,108450
20240108,14:55:26,1312.4,50,108450
20240108,14:57:54,1312.4,50,108450
20240108,14:58:50,1322.2,50,108450
20240108,14:59:18,1322.25,100,108450
20240108,15:00:16,1334.85,100,108450
20240108,15:01:53,1301.0,50,108700
20240108,15:02:25,1301.0,400,108700
20240108,15:02:36,1310.0,100,108700
20240108,15:03:37,1305.0,300,108900
20240108,15:07:08,1309.0,50,109050
20240108,15:07:51,1314.0,50,109050
20240108,15:09:27,1312.1,50,109100
20240108,15:11:47,1298.7,100,109100
20240108,15:12:16,1298.7,50,109100
20240108,15:12:25,1308.5,50,109200
20240108,15:16:17,1297.05,150,109200
20240108,15:17:18,1294.0,100,109200
20240108,15:20:46,1290.0,50,109350
20240108,15:26:46,1290.0,50,109350
20240108,15:27:05,1284.0,200,109350
20240108,15:29:45,1281.4,50,109350
20240109,09:18:04,1401.95,1,109350
20240109,09:18:04,1403.4,1,109350
20240109,09:18:04,1401.9,1,109350
20240109,09:18:04,1403.2,850,109350
20240109,09:18:14,1403.55,350,109350
20240109,09:18:44,1412.95,100,109350
20240109,09:19:16,1413.2,650,109350
20240109,09:19:36,1413.2,150,109350
20240109,09:20:28,1411.95,50,109350
20240109,09:20:48,1408.95,50,110050
20240109,09:22:18,1412.95,50,110050
20240109,09:23:01,1418.85,250,110050
20240109,09:24:31,1418.85,550,110400
20240109,09:24:41,1417.2,250,110400
20240109,09:25:10,1416.95,50,110400
20240109,09:25:22,1417.55,250,110400
20240109,09:25:33,1419.5,150,110400
20240109,09:25:44,1422.85,150,110400
20240109,09:25:55,1424.15,200,110400
20240109,09:26:06,1426.85,850,110400
20240109,09:26:17,1427.4,350,110400
20240109,09:26:28,1429.2,350,110400
20240109,09:26:38,1426.3,650,112000
20240109,09:26:49,1428.7,450,112000
20240109,09:26:59,1427.9,450,112000
20240109,09:27:09,1428.9,550,112000
20240109,09:27:19,1429.35,250,112000
20240109,09:27:29,1426.65,150,112000
20240109,09:27:49,1428.3,400,112000
20240109,09:28:07,1428.55,300,112000
20240109,09:28:17,1428.45,300,112000
20240109,09:28:27,1428.85,500,112000
20240109,09:28:36,1428.65,600,112000
20240109,09:28:46,1427.5,300,112000
20240109,09:28:55,1427.65,100,112000
20240109,09:29:04,1428.6,150,112000
20240109,09:29:14,1429.4,300,112000
20240109,09:29:24,1428.75,250,112000
20240109,09:29:34,1428.55,150,112000
20240109,09:29:44,1427.95,100,114700
20240109,09:30:04,1427.8,100,114700
20240109,09:30:14,1423.95,150,114700
20240109,09:30:24,1427.0,250,114700
20240109,09:30:56,1426.35,50,114700
20240109,09:31:38,1419.4,50,114700
20240109,09:34:00,1414.55,50,114850
20240109,09:34:20,1414.7,250,114850
20240109,09:35:11,1417.75,50,114850
20240109,09:35:21,1417.9,300,114850
20240109,09:35:30,1418.2,100,114850
20240109,09:35:40,1418.65,50,114850
20240109,09:37:41,1405.2,100,115450
