date,time,tick_price,volume,open_interest
20231201,09:20:19,240.0,50,300
20231201,09:20:27,235.0,50,300
20231201,09:21:01,230.05,50,300
20231201,09:21:55,230.05,100,300
20231201,09:22:59,230.6,50,300
20231201,09:23:37,230.6,550,300
20231201,09:23:44,230.6,600,300
20231201,09:24:00,230.0,50,300
20231201,09:24:08,230.0,650,300
20231201,09:25:22,230.6,50,300
20231201,09:25:44,228.1,150,300
20231201,09:26:14,228.1,250,2350
20231201,09:26:22,228.1,100,2350
20231201,09:26:37,228.1,50,2350
20231201,09:27:00,231.0,50,2350
20231201,09:27:30,228.05,500,2350
20231201,09:28:00,228.05,50,2350
20231201,09:28:31,230.0,100,2350
20231201,09:28:39,230.0,50,2350
20231201,09:28:56,229.95,50,2350
20231201,09:29:20,227.0,850,3500
20231201,09:29:35,227.0,950,3500
20231201,09:30:31,227.0,250,3500
20231201,09:30:38,229.95,50,3500
20231201,09:30:54,226.0,500,3500
20231201,09:31:24,226.0,1100,3500
20231201,09:32:03,226.05,150,3500
20231201,09:32:05,227.2,50,3500
20231201,09:32:07,225.0,500,3500
20231201,09:32:20,225.0,650,7600
20231201,09:32:21,227.0,300,7600
20231201,09:32:44,227.2,50,7600
20231201,09:32:48,225.0,500,7600
20231201,09:33:29,224.95,1750,7600
20231201,09:33:30,225.0,150,7600
20231201,09:34:18,227.0,100,7600
20231201,09:34:21,227.0,50,7600
20231201,09:34:22,226.95,100,7600
20231201,09:34:25,227.1,250,7600
20231201,09:35:20,230.0,100,11400
20231201,09:36:13,228.15,50,11400
20231201,09:37:05,228.3,50,11400
20231201,09:37:12,230.05,50,11400
20231201,09:37:51,228.65,450,11400
20231201,09:38:30,230.5,50,12050
20231201,09:39:01,230.2,50,12050
20231201,09:40:55,229.05,50,12050
20231201,09:41:41,229.0,50,12050
20231201,09:41:49,229.05,50,12050
20231201,09:44:24,228.4,250,12150
20231201,09:44:40,228.25,200,12150
20231201,09:44:47,228.3,100,12150
20231201,09:44:55,228.25,50,12150
20231201,09:46:33,228.0,200,12150
20231201,09:46:41,228.0,100,12150
20231201,09:46:56,228.0,50,12150
20231201,09:47:17,227.8,450,12150
20231201,09:47:31,227.8,50,13550
20231201,09:47:53,228.0,50,13550
20231201,09:50:22,224.5,50,13650
20231201,09:51:07,223.0,400,13650
20231201,09:51:23,221.5,100,13650
20231201,09:51:39,221.5,50,13650
20231201,09:51:47,221.3,150,13650
20231201,09:53:04,220.0,50,13650
20231201,09:53:14,220.0,50,13650
20231201,09:53:31,220.0,50,13650
20231201,09:55:07,218.85,250,13650
20231201,09:55:16,223.25,50,13650
20231201,09:55:40,225.0,800,13650
20231201,09:56:34,220.9,50,13700
20231201,09:57:52,219.9,50,13700
20231201,09:58:15,219.35,50,13700
20231201,09:58:23,218.65,350,13700
20231201,09:58:31,218.2,1100,13700
20231201,09:59:24,218.2,150,15250
20231201,09:59:47,218.6,100,15250
20231201,10:00:18,218.6,100,15250
20231201,10:00:25,218.6,50,15250
20231201,10:01:18,218.6,50,15250
20231201,10:03:42,215.0,1100,15700
20231201,10:04:04,215.0,300,15700
20231201,10:04:11,219.35,100,15700
20231201,10:04:25,219.2,50,15700
20231201,10:04:33,219.25,50,15700
20231201,10:04:40,220.0,100,15700
20231201,10:05:02,220.0,50,15700
20231201,10:05:25,220.9,50,17150
20231201,10:06:46,221.05,100,17150
20231201,10:07:08,221.85,50,17150
20231201,10:07:23,220.0,1000,17150
20231201,10:07:38,220.0,950,17150
20231201,10:09:07,225.0,450,19250
20231201,10:09:45,223.3,50,19250
20231201,10:10:07,223.05,50,19250
20231201,10:10:22,221.7,100,19250
20231201,10:10:29,223.95,50,19250
20231201,10:10:37,224.0,50,19250
20231201,10:11:44,220.85,50,19850
20231201,10:12:15,220.5,50,19850
20231201,10:13:47,221.0,100,19850
20231201,10:14:32,221.6,100,19950
20231201,10:14:34,222.0,100,19950
20231201,10:14:35,222.0,150,19950
20231201,10:16:27,224.5,200,19950
20231201,10:16:42,222.9,100,19950
20231201,10:16:49,223.25,200,19950
20231201,10:16:56,223.0,200,19950
20231201,10:17:04,223.35,50,19950
20231201,10:17:19,221.85,100,19950
20231201,10:17:34,222.85,150,20950
20231201,10:17:47,221.95,100,20950
20231201,10:17:50,222.85,200,20950
20231201,10:17:55,221.85,50,20950
20231201,10:18:04,221.85,50,20950
20231201,10:18:09,222.6,50,20950
20231201,10:18:44,221.4,50,20950
20231201,10:20:38,223.0,50,21150
20231201,10:20:46,223.9,150,21150
20231201,10:21:44,222.55,550,21150
20231201,10:22:14,224.15,50,21150
20231201,10:22:22,222.9,50,21150
20231201,10:24:35,223.0,50,21800
20231201,10:25:04,222.8,200,21800
20231201,10:25:19,223.0,50,21800
20231201,10:26:51,222.0,100,21850
20231201,10:27:14,224.05,350,21850
20231201,10:29:29,222.3,150,21850
20231201,10:30:35,224.0,100,22000
20231201,10:30:43,224.1,50,22000
20231201,10:31:23,224.5,50,22000
20231201,10:31:55,224.0,50,22000
20231201,10:32:49,221.75,50,22200
20231201,10:32:57,223.0,50,22200
20231201,10:35:38,222.15,250,22250
20231201,10:38:19,223.0,50,22250
20231201,10:40:03,222.2,50,22400
20231201,10:40:49,222.15,50,22400
20231201,10:41:31,223.0,200,22500
20231201,10:42:37,222.05,50,22500
20231201,10:42:45,223.0,350,22500
20231201,10:43:00,223.0,150,22500
20231201,10:44:34,222.65,50,23050
20231201,10:44:48,223.0,600,23050
20231201,10:44:55,222.95,50,23050
20231201,10:45:02,223.0,150,23050
20231201,10:45:30,224.4,950,23050
20231201,10:45:52,223.25,50,23050
20231201,10:46:58,223.25,50,23050
20231201,10:48:34,222.35,50,24800
20231201,10:50:27,222.0,400,24850
20231201,10:50:34,222.15,100,24850
20231201,10:50:35,221.95,50,24850
20231201,10:50:45,221.95,150,24850
20231201,10:51:00,220.85,500,24850
20231201,10:51:01,221.0,700,24850
20231201,10:51:02,221.0,650,24850
20231201,10:51:03,225.3,200,24850
20231201,10:52:01,223.25,50,24850
20231201,10:52:59,223.2,50,24850
20231201,10:54:24,223.6,50,26600
20231201,10:56:04,223.45,50,26600
20231201,10:56:26,223.35,100,26600
20231201,10:58:58,221.95,200,26650
20231201,10:59:06,221.0,200,26650
20231201,10:59:21,220.0,150,26650
20231201,10:59:44,220.0,50,27050
20231201,11:00:24,220.0,100,27050
20231201,11:01:51,220.0,200,27050
20231201,11:01:59,220.0,50,27050
20231201,11:04:40,220.0,50,27350
20231201,11:04:46,223.1,100,27350
20231201,11:05:24,220.95,100,27350
20231201,11:05:32,221.0,50,27350
20231201,11:07:14,221.7,100,27500
20231201,11:07:59,223.35,100,27500
20231201,11:08:06,222.4,50,27500
20231201,11:08:22,222.0,100,27500
20231201,11:09:14,223.35,150,27700
20231201,11:09:46,222.95,100,27700
20231201,11:10:46,222.2,100,27700
20231201,11:12:50,221.55,100,27750
20231201,11:18:53,221.6,50,27750
20231201,11:21:04,222.35,50,27800
20231201,11:21:56,222.2,50,27800
20231201,11:22:03,221.4,50,27800
20231201,11:22:18,222.1,50,27800
20231201,11:22:57,222.95,150,27800
20231201,11:23:39,222.0,100,27850
20231201,11:24:53,222.65,50,27850
20231201,11:25:29,222.0,200,27850
20231201,11:25:43,222.2,100,27850
20231201,11:26:14,220.1,350,27850
20231201,11:26:32,219.25,100,27850
20231201,11:26:50,221.3,50,27850
20231201,11:28:32,220.9,200,28100
20231201,11:28:40,221.35,100,28100
20231201,11:29:06,221.85,150,28100
20231201,11:29:44,221.9,50,28350
20231201,11:31:20,222.0,50,28350
20231201,11:31:36,222.3,50,28350
20231201,11:32:00,223.3,150,28350
20231201,11:32:07,220.9,100,28350
20231201,11:32:22,222.75,100,28350
20231201,11:32:45,222.85,50,28450
20231201,11:33:46,221.3,50,28450
20231201,11:34:08,223.3,50,28450
20231201,11:35:28,223.3,50,28450
20231201,11:35:58,221.65,200,28500
20231201,11:36:13,220.0,950,28500
20231201,11:36:29,220.35,350,28500
20231201,11:36:36,220.05,200,28500
20231201,11:36:44,220.2,400,28500
20231201,11:37:06,213.0,500,28500
20231201,11:37:28,213.0,350,28500
20231201,11:37:52,223.3,50,28500
20231201,11:39:32,221.05,100,30800
20231201,11:39:33,220.2,200,30800
20231201,11:41:55,223.35,250,31100
20231201,11:42:00,211.7,600,31100
20231201,11:42:21,211.7,100,31100
20231201,11:46:21,220.6,100,31850
20231201,11:48:51,223.2,50,31950
20231201,11:49:38,223.3,50,31950
20231201,11:50:46,221.4,100,32050
20231201,11:57:52,222.2,50,32000
20231201,12:01:47,222.7,50,32050
20231201,12:01:56,222.85,50,32050
20231201,12:02:04,223.35,100,32050
20231201,12:02:19,223.0,50,32050
20231201,12:03:36,222.75,50,32300
20231201,12:04:04,222.5,50,32300
20231201,12:04:28,223.0,50,32300
20231201,12:05:59,223.35,50,32450
20231201,12:08:47,223.35,50,32450
20231201,12:09:16,223.35,50,32500
20231201,12:09:32,223.35,50,32500
20231201,12:09:53,222.1,100,32500
20231201,12:14:26,223.0,50,32700
20231201,12:22:33,222.5,150,32750
20231201,12:23:28,222.65,100,32750
20231201,12:26:30,224.1,50,32900
20231201,12:31:43,224.05,100,32950
20231201,12:32:32,223.1,50,32950
20231201,12:32:39,223.3,50,32950
20231201,12:33:32,222.9,100,33100
20231201,12:33:40,222.4,100,33100
20231201,12:33:48,222.5,250,33100
20231201,12:34:23,222.5,50,33100
20231201,12:34:55,222.5,50,33100
20231201,12:35:07,223.0,100,33100
20231201,12:39:58,220.45,100,33500
20231201,12:40:21,221.0,150,33500
20231201,12:40:28,220.95,100,33500
20231201,12:40:58,220.7,150,33500
20231201,12:41:01,221.1,50,33500
20231201,12:41:59,221.6,200,34050
20231201,12:42:04,222.1,400,34050
20231201,12:42:23,223.0,350,34050
20231201,12:42:28,221.7,200,34050
20231201,12:42:33,224.05,50,34050
20231201,12:42:39,223.65,400,34050
20231201,12:42:41,224.05,200,34050
20231201,12:43:00,224.1,50,34050
20231201,12:43:44,222.6,200,34050
20231201,12:43:48,223.9,350,34050
20231201,12:43:50,224.85,100,34050
20231201,12:43:51,224.95,250,34050
20231201,12:44:05,223.2,150,34050
20231201,12:44:44,224.8,50,36200
20231201,12:44:54,224.1,400,36200
20231201,12:46:55,224.1,50,36200
20231201,12:48:03,223.4,150,36650
20231201,12:48:57,221.65,50,36650
20231201,12:49:02,220.9,150,36650
20231201,12:49:03,221.35,50,36650
20231201,12:49:04,221.3,300,36650
20231201,12:50:28,222.5,100,36650
20231201,12:50:42,222.5,50,36650
20231201,12:51:15,221.3,100,37350
20231201,12:51:31,221.3,100,37350
20231201,12:51:32,221.3,100,37350
20231201,12:51:34,221.3,50,37350
20231201,12:54:07,221.6,50,37700
20231201,12:54:08,221.3,200,37700
20231201,12:54:27,224.0,50,37700
20231201,12:54:45,221.3,200,37700
20231201,12:55:35,222.0,50,37700
20231201,12:58:20,221.6,100,38250
20231201,12:59:13,221.3,100,38250
20231201,12:59:28,221.55,200,38250
20231201,13:00:35,221.05,100,38550
20231201,13:01:33,221.7,200,38550
20231201,13:02:01,221.5,150,38550
20231201,13:02:47,222.0,50,39000
20231201,13:02:55,222.25,50,39000
20231201,13:05:24,221.0,550,39000
20231201,13:05:33,222.0,450,39000
20231201,13:06:51,222.0,100,39000
20231201,13:06:53,222.0,100,39900
20231201,13:06:57,221.95,50,39900
20231201,13:07:01,220.95,250,39900
20231201,13:09:11,220.5,300,40200
20231201,13:12:18,219.9,50,40400
20231201,13:14:19,219.15,50,40400
20231201,13:15:39,219.0,100,40500
20231201,13:16:20,218.95,50,40500
20231201,13:16:58,219.05,50,40500
20231201,13:17:11,221.95,50,40500
20231201,13:18:00,219.1,550,40700
20231201,13:18:06,220.15,50,40700
20231201,13:18:07,220.1,400,40700
20231201,13:18:09,221.95,50,40700
20231201,13:18:40,220.15,50,40700
20231201,13:18:56,219.05,350,40700
20231201,13:19:59,219.95,150,40700
20231201,13:22:04,218.75,200,42300
20231201,13:22:49,221.75,50,42300
20231201,13:23:48,221.7,50,42300
20231201,13:24:08,221.15,250,42300
20231201,13:24:40,220.15,50,42500
20231201,13:25:21,218.6,200,42500
20231201,13:26:03,222.0,550,42500
20231201,13:27:42,219.2,50,43450
20231201,13:29:58,221.75,950,43450
20231201,13:29:59,221.7,100,43450
20231201,13:30:00,221.65,200,43450
20231201,13:31:55,220.85,100,43450
20231201,13:33:53,221.85,100,44800
20231201,13:34:00,221.9,300,44800
20231201,13:34:47,222.0,50,44800
20231201,13:35:31,222.65,300,44800
20231201,13:36:28,222.3,400,45550
20231201,13:38:50,222.3,50,45550
20231201,13:40:18,222.3,50,45950
20231201,13:41:24,222.3,150,45950
20231201,13:42:31,221.65,50,46150
20231201,13:47:12,222.0,50,46150
20231201,13:47:26,222.0,50,46150
20231201,13:47:40,222.0,50,46150
20231201,13:47:54,223.65,50,46150
20231201,13:48:15,223.2,100,46300
20231201,13:48:29,222.0,100,46300
20231201,13:49:31,223.05,50,46300
20231201,13:50:09,222.0,50,46300
20231201,13:50:16,221.0,800,46300
20231201,13:50:40,221.0,300,46300
20231201,13:51:28,221.0,150,47600
20231201,13:52:34,221.8,100,47600
20231201,13:53:24,221.6,200,47600
20231201,13:53:31,222.3,950,47600
20231201,13:53:46,222.2,100,47600
20231201,13:55:12,222.7,100,49000
20231201,13:55:28,222.55,250,49000
20231201,13:55:43,222.8,300,49000
20231201,13:59:41,222.2,500,49000
20231201,14:00:23,220.95,100,49450
20231201,14:00:29,220.85,200,49450
20231201,14:00:36,220.6,50,49450
20231201,14:00:43,220.55,100,49450
20231201,14:00:50,220.55,50,49450
20231201,14:03:57,220.35,50,49650
20231201,14:04:18,220.25,50,49650
20231201,14:07:03,220.2,700,49750
20231201,14:07:11,220.05,150,49750
20231201,14:07:36,220.8,50,49750
20231201,14:07:51,221.05,200,49750
20231201,14:08:00,221.3,50,49750
20231201,14:08:20,219.25,50,49750
20231201,14:08:24,219.2,50,49750
20231201,14:08:37,219.05,50,49750
20231201,14:08:50,219.75,50,49750
20231201,14:10:14,221.0,100,50800
20231201,14:10:22,219.8,50,50800
20231201,14:11:05,219.6,50,50800
20231201,14:11:27,221.9,50,50800
20231201,14:12:36,220.9,200,51000
20231201,14:12:51,220.8,50,51000
20231201,14:13:27,220.9,50,51000
20231201,14:14:33,220.95,100,51000
20231201,14:15:07,220.9,50,51350
20231201,14:16:29,222.0,100,51350
20231201,14:17:52,221.5,50,51350
20231201,14:18:41,218.4,250,51400
20231201,14:19:36,221.05,50,51400
20231201,14:20:51,220.3,100,51400
20231201,14:22:23,218.75,250,51650
20231201,14:22:41,218.75,50,51650
20231201,14:22:46,218.95,50,51650
20231201,14:24:35,218.1,250,51950
20231201,14:24:59,220.5,100,51950
20231201,14:26:14,219.95,50,51950
20231201,14:26:47,219.0,50,51950
20231201,14:26:52,219.0,50,51950
20231201,14:26:58,219.0,50,51950
20231201,14:27:03,218.05,50,52450
20231201,14:27:52,218.2,50,52450
20231201,14:28:03,218.25,50,52450
20231201,14:28:15,218.3,50,52450
20231201,14:29:02,218.9,500,52450
20231201,14:29:34,218.95,100,52450
20231201,14:29:40,218.85,100,52450
20231201,14:30:06,218.75,50,53250
20231201,14:30:15,218.85,100,53250
20231201,14:30:26,218.75,50,53250
20231201,14:31:11,218.75,50,53250
20231201,14:31:15,220.1,250,53250
20231201,14:31:52,220.35,50,53250
20231201,14:31:58,220.65,350,53250
20231201,14:32:12,220.7,50,53250
20231201,14:32:23,220.8,50,53250
20231201,14:32:50,219.45,50,53250
20231201,14:32:58,222.0,50,53250
20231201,14:33:31,219.75,50,53250
20231201,14:33:59,218.05,50,53250
20231201,14:34:03,218.05,50,53250
20231201,14:34:11,218.25,50,53250
20231201,14:34:34,218.25,200,53250
20231201,14:35:19,218.4,200,53250
20231201,14:37:08,218.75,200,53350
20231201,14:39:56,220.2,200,53550
20231201,14:40:12,220.3,100,53550
20231201,14:40:46,220.5,100,53550
20231201,14:42:35,222.9,50,53950
20231201,14:42:52,222.75,50,53950
20231201,14:45:11,220.9,200,53750
20231201,14:45:19,221.9,50,53750
20231201,14:45:45,223.95,200,53750
20231201,14:45:51,224.0,50,53750
20231201,14:46:44,224.0,50,53750
20231201,14:47:00,224.0,250,53750
20231201,14:47:44,224.0,50,53750
20231201,14:48:15,219.7,100,53750
20231201,14:50:47,222.95,50,54400
20231201,14:50:54,223.0,50,54400
20231201,14:52:44,223.0,200,54500
20231201,14:55:47,223.1,100,54500
20231201,14:55:58,223.95,100,54700
20231201,14:56:26,222.75,100,54700
20231201,14:56:29,222.75,100,54700
20231201,14:57:18,220.75,50,54500
20231201,14:58:46,230.0,200,54500
20231201,15:00:16,223.1,100,54600
20231201,15:00:24,221.85,100,54600
20231201,15:03:00,224.35,100,54600
20231201,15:03:16,223.85,150,54300
20231201,15:03:21,224.55,350,54300
20231201,15:03:23,224.4,100,54300
20231201,15:03:25,223.95,50,54300
20231201,15:03:26,223.8,100,54300
20231201,15:03:27,223.8,400,54300
20231201,15:03:28,223.65,50,54300
20231201,15:03:47,225.1,100,54300
20231201,15:03:55,224.95,100,54300
20231201,15:04:16,225.0,150,54300
20231201,15:04:20,225.45,200,54300
20231201,15:04:35,225.45,50,54300
20231201,15:04:41,225.7,50,54300
20231201,15:04:45,225.85,50,54300
20231201,15:04:52,226.15,100,54300
20231201,15:04:59,226.2,150,54300
20231201,15:05:07,226.1,100,54300
20231201,15:05:15,225.5,200,54300
20231201,15:05:23,225.45,100,54300
20231201,15:05:38,225.05,50,54300
20231201,15:05:46,225.05,100,54300
20231201,15:06:25,225.3,50,52300
20231201,15:06:39,226.3,300,52300
20231201,15:06:46,225.45,100,52300
20231201,15:07:01,226.7,50,52300
20231201,15:07:32,226.4,550,52300
20231201,15:07:40,226.3,200,52300
20231201,15:07:48,225.0,1500,52300
20231201,15:08:02,226.0,550,52300
20231201,15:08:15,226.65,50,52300
20231201,15:08:18,226.8,250,52300
20231201,15:08:24,227.1,200,52300
20231201,15:08:25,226.75,150,52300
20231201,15:08:30,227.0,100,52300
20231201,15:08:34,226.45,200,52300
20231201,15:08:35,226.45,150,52300
20231201,15:08:39,226.5,250,52300
20231201,15:08:40,226.45,50,52300
20231201,15:08:45,227.45,50,52300
20231201,15:08:50,227.35,50,52300
20231201,15:08:51,227.15,50,52300
20231201,15:08:52,227.65,50,52300
20231201,15:08:56,227.7,50,52300
20231201,15:08:58,227.85,150,52300
20231201,15:09:01,227.9,50,52300
20231201,15:09:03,227.1,200,52300
20231201,15:09:09,227.2,50,52300
20231201,15:09:10,227.15,50,52400
20231201,15:09:16,228.6,50,52400
20231201,15:09:20,227.4,50,52400
20231201,15:09:21,227.5,50,52400
20231201,15:09:22,227.3,50,52400
20231201,15:09:26,227.45,100,52400
20231201,15:09:30,227.5,100,52400
20231201,15:09:35,227.35,50,52400
20231201,15:09:36,227.3,250,52400
20231201,15:09:37,227.25,50,52400
20231201,15:09:38,227.55,50,52400
20231201,15:10:09,227.15,100,52400
20231201,15:10:14,227.55,50,52400
20231201,15:10:41,227.35,100,52400
20231201,15:10:49,227.25,300,52400
20231201,15:11:24,226.65,300,52400
20231201,15:11:32,226.45,100,52400
20231201,15:11:36,226.0,50,52400
20231201,15:12:07,226.0,50,51850
20231201,15:12:59,226.0,50,51850
20231201,15:13:28,225.9,50,51850
20231201,15:13:40,225.5,100,51850
20231201,15:14:10,226.7,50,51850
20231201,15:18:00,225.4,50,51950
20231201,15:21:29,224.0,400,51950
20231201,15:21:44,224.0,100,51950
20231201,15:23:02,224.0,100,51950
20231201,15:24:29,226.35,300,52550
20231201,15:26:06,225.55,400,52550
20231201,15:26:21,225.0,50,52550
20231201,15:26:50,224.5,50,52550
20231201,15:28:00,224.9,250,52900
20231201,15:28:02,225.0,50,52900
20231201,15:28:04,225.05,150,52900
20231201,15:28:30,225.0,50,52900
20231201,15:29:05,225.6,50,52900
20231201,15:29:17,225.55,50,52900
20231201,15:29:29,225.55,50,52900
20231201,15:29:30,226.05,100,52900
20231201,15:29:38,219.5,400,52900
20231201,15:29:40,224.0,400,52900
20231201,15:29:46,224.0,200,52900
20231204,09:15:16,164.2,1,52900
20231204,09:15:16,164.2,50,52900
20231204,09:15:25,163.9,250,52900
20231204,09:15:39,170.0,550,52900
20231204,09:16:09,155.65,100,52900
20231204,09:16:17,165.25,150,52900
20231204,09:16:24,164.6,200,52900
20231204,09:16:47,164.65,100,52900
20231204,09:17:10,164.8,700,52900
20231204,09:17:42,162.75,250,53050
20231204,09:17:58,163.9,150,53050
20231204,09:18:06,164.1,200,53050
20231204,09:18:13,165.0,100,53050
20231204,09:18:53,168.7,150,53050
20231204,09:19:55,175.0,350,53050
20231204,09:20:03,174.6,300,53050
20231204,09:20:12,171.0,200,53050
20231204,09:20:21,177.95,50,53050
20231204,09:21:03,177.95,50,53700
20231204,09:21:11,171.9,50,53700
20231204,09:21:20,171.5,100,53700
20231204,09:21:28,171.8,650,53700
20231204,09:21:36,171.55,50,53700
20231204,09:21:45,171.5,150,53700
20231204,09:21:53,175.0,200,53700
20231204,09:22:09,171.5,50,53700
20231204,09:22:42,171.5,500,53700
20231204,09:22:46,178.4,600,53700
20231204,09:22:47,178.4,100,53700
20231204,09:22:49,178.35,150,53700
20231204,09:23:04,177.7,100,53700
20231204,09:23:05,172.25,100,53700
20231204,09:23:08,172.4,50,53700
20231204,09:23:11,172.0,850,53700
20231204,09:23:12,172.0,150,53700
20231204,09:23:13,172.0,200,53700
20231204,09:23:19,172.0,50,53700
20231204,09:23:23,172.0,50,55500
20231204,09:23:26,172.0,100,55500
20231204,09:23:30,172.0,300,55500
20231204,09:23:31,172.0,1050,55500
20231204,09:23:32,172.0,50,55500
20231204,09:23:33,171.5,400,55500
20231204,09:23:35,171.5,50,55500
20231204,09:23:37,174.95,350,55500
20231204,09:23:41,170.0,400,55500
20231204,09:23:56,167.6,350,55500
20231204,09:24:04,169.85,650,55500
20231204,09:24:13,163.0,550,55500
20231204,09:24:46,168.95,100,55500
20231204,09:24:55,170.0,200,55500
20231204,09:25:20,171.65,350,55500
20231204,09:25:28,171.0,500,55500
20231204,09:25:36,164.95,350,55500
20231204,09:25:45,164.65,450,55500
20231204,09:25:53,167.85,200,55500
20231204,09:26:01,165.6,1100,55500
20231204,09:26:10,165.85,300,55500
20231204,09:26:44,167.4,100,59350
20231204,09:27:02,164.5,200,59350
20231204,09:27:10,164.05,50,59350
20231204,09:27:27,164.0,100,59350
20231204,09:27:52,167.35,50,59350
20231204,09:28:26,167.35,50,59350
20231204,09:29:48,168.25,50,59650
20231204,09:29:56,161.05,50,59650
20231204,09:30:46,163.0,500,59650
20231204,09:31:03,166.5,750,59650
20231204,09:31:19,166.2,1100,59650
20231204,09:31:44,168.05,2000,59650
20231204,09:32:09,162.05,150,59650
20231204,09:32:26,164.1,500,60250
20231204,09:32:35,165.5,600,60250
20231204,09:32:43,162.05,100,60250
20231204,09:33:00,160.0,450,60250
20231204,09:33:50,162.4,500,60250
20231204,09:34:14,162.0,500,60250
20231204,09:34:54,163.0,1000,60250
20231204,09:35:10,162.5,450,60250
20231204,09:35:26,162.0,50,60750
20231204,09:35:34,162.0,100,60750
20231204,09:35:58,165.85,100,60750
20231204,09:36:06,165.8,400,60750
20231204,09:36:23,164.95,50,60750
20231204,09:36:31,164.0,100,60750
20231204,09:36:56,164.9,50,60750
20231204,09:37:04,164.5,100,60750
20231204,09:37:20,164.9,100,60750
20231204,09:37:43,164.95,100,60750
20231204,09:38:07,165.05,900,60750
20231204,09:39:32,162.85,100,61800
20231204,09:40:34,162.0,50,61800
20231204,09:41:12,162.05,250,61800
20231204,09:41:28,165.0,550,61800
20231204,09:41:52,165.0,2000,62200
20231204,09:42:00,164.95,100,62200
20231204,09:42:08,165.05,150,62200
20231204,09:42:16,163.5,1000,62200
20231204,09:42:40,163.8,100,62200
20231204,09:42:49,164.6,250,62200
20231204,09:42:57,164.6,100,62200
20231204,09:43:05,163.3,50,62200
20231204,09:43:13,164.45,150,62200
20231204,09:43:29,167.9,2250,62200
20231204,09:44:17,168.85,500,62200
20231204,09:44:40,168.9,400,63750
20231204,09:45:47,165.35,50,63750
20231204,09:45:55,170.3,100,63750
20231204,09:47:08,165.65,200,63750
20231204,09:47:57,165.65,150,63500
20231204,09:50:02,168.75,500,63500
20231204,09:50:10,168.95,250,63500
20231204,09:50:19,165.7,150,63500
20231204,09:50:36,163.05,250,63250
20231204,09:54:29,167.0,300,63400
20231204,09:54:54,164.05,100,63400
20231204,09:55:10,167.95,600,63400
20231204,09:55:28,167.95,500,63400
20231204,09:55:36,167.95,50,63400
20231204,09:56:19,168.0,400,63400
20231204,09:56:28,167.5,50,63400
20231204,09:57:01,165.15,300,64000
20231204,09:57:18,165.9,300,64000
20231204,09:57:26,165.0,250,64000
20231204,09:58:08,167.95,100,64000
20231204,09:58:58,167.55,50,64000
20231204,09:59:24,167.05,50,64000
20231204,09:59:32,167.6,50,64250
20231204,09:59:57,167.45,100,64250
20231204,10:00:22,165.05,50,64250
20231204,10:01:19,166.95,150,64250
20231204,10:02:01,165.2,400,64250
20231204,10:02:10,165.05,50,64250
20231204,10:02:19,167.15,150,64250
20231204,10:03:09,167.6,600,64700
20231204,10:03:18,168.9,150,64700
20231204,10:03:26,167.85,50,64700
20231204,10:03:35,169.05,150,64700
20231204,10:03:44,169.0,450,64700
20231204,10:03:52,168.6,100,64700
20231204,10:04:17,168.55,50,64700
20231204,10:04:25,168.8,300,64700
20231204,10:05:07,168.7,50,64700
20231204,10:05:48,167.15,200,65650
20231204,10:06:06,169.0,50,65650
20231204,10:06:33,167.8,400,65650
20231204,10:07:50,167.05,50,65650
20231204,10:08:07,167.0,650,65650
20231204,10:08:16,166.1,50,65650
20231204,10:08:41,165.75,100,66000
20231204,10:09:05,165.15,300,66000
20231204,10:09:30,165.35,100,66000
20231204,10:10:18,165.3,200,66000
20231204,10:10:26,164.6,150,66000
20231204,10:11:08,166.5,250,66000
20231204,10:12:18,166.15,50,67100
20231204,10:12:33,166.1,50,67100
20231204,10:12:49,166.15,50,67100
20231204,10:13:20,166.1,50,67100
20231204,10:14:41,166.6,50,67200
20231204,10:15:05,166.45,50,67200
20231204,10:16:01,166.1,300,67200
20231204,10:16:17,167.75,100,67200
20231204,10:17:04,167.75,50,67200
20231204,10:17:43,169.0,300,67750
20231204,10:19:26,167.35,100,67750
20231204,10:20:14,167.4,100,67750
20231204,10:20:37,168.0,50,67750
20231204,10:20:39,167.0,600,67750
20231204,10:20:40,167.05,350,67750
20231204,10:20:41,167.05,200,67750
20231204,10:20:42,167.05,250,67750
20231204,10:22:03,169.1,50,67750
20231204,10:22:51,167.2,50,67750
20231204,10:23:53,167.8,250,68950
20231204,10:24:47,165.65,100,68950
20231204,10:25:08,165.0,400,68950
20231204,10:25:09,165.0,200,68950
20231204,10:27:48,165.0,50,69300
20231204,10:28:52,165.0,100,69300
20231204,10:29:16,165.0,50,69300
20231204,10:29:24,165.05,200,69300
20231204,10:29:56,165.05,100,69500
20231204,10:30:21,165.05,50,69500
20231204,10:31:53,165.05,50,69500
20231204,10:34:58,165.05,50,69700
20231204,10:35:53,165.05,800,69750
20231204,10:38:45,165.5,50,70100
20231204,10:39:50,166.0,50,70100
20231204,10:40:03,167.95,50,70100
20231204,10:40:12,167.85,50,70100
20231204,10:40:32,167.85,50,70100
20231204,10:41:52,165.0,500,70150
20231204,10:42:09,167.0,100,70150
20231204,10:42:32,167.8,900,70150
20231204,10:42:40,166.45,1000,70150
20231204,10:42:56,166.45,250,70150
20231204,10:43:30,166.4,200,70150
20231204,10:43:38,166.25,300,70150
20231204,10:43:46,166.7,50,70150
20231204,10:43:55,166.5,200,70150
20231204,10:44:03,166.45,400,70150
20231204,10:44:27,166.0,100,70150
20231204,10:45:05,166.4,200,73000
20231204,10:45:21,166.4,50,73000
20231204,10:45:29,166.4,50,73000
20231204,10:46:00,166.4,200,73000
20231204,10:46:16,166.35,200,73000
20231204,10:46:23,166.45,50,73000
20231204,10:47:11,166.4,200,73000
20231204,10:47:19,166.8,100,73000
20231204,10:47:27,166.8,150,73000
20231204,10:47:35,166.25,100,73950
20231204,10:47:44,166.4,500,73950
20231204,10:47:52,166.5,200,73950
20231204,10:48:00,165.75,50,73950
20231204,10:48:17,165.75,200,73950
20231204,10:48:40,166.75,50,73950
20231204,10:48:48,166.95,100,73950
20231204,10:49:05,166.95,250,73950
20231204,10:49:13,166.95,50,73950
20231204,10:49:21,167.5,400,73950
20231204,10:49:29,167.65,200,73950
20231204,10:49:46,167.0,50,73950
20231204,10:50:01,168.0,50,73950
20231204,10:50:17,170.4,13250,73950
20231204,10:50:25,170.6,750,73950
20231204,10:50:33,169.65,50,73950
20231204,10:50:40,169.65,50,87200
20231204,10:50:48,170.0,2250,87200
20231204,10:50:56,169.05,400,87200
20231204,10:51:04,169.35,50,87200
20231204,10:51:11,169.25,100,87200
20231204,10:51:19,169.45,350,87200
20231204,10:51:26,169.4,550,87200
20231204,10:51:34,169.4,750,87200
20231204,10:51:42,169.7,150,87200
20231204,10:51:46,169.85,200,87200
20231204,10:51:47,169.85,150,87200
20231204,10:51:48,169.9,100,87200
20231204,10:51:51,169.95,350,87200
20231204,10:51:53,169.95,50,87200
20231204,10:51:54,169.9,100,87200
20231204,10:51:55,169.8,100,87200
20231204,10:51:56,169.8,200,87200
20231204,10:51:59,169.8,200,87200
20231204,10:52:04,169.05,50,87200
20231204,10:52:06,169.85,200,87200
20231204,10:52:07,169.6,50,87200
20231204,10:52:08,169.6,100,87200
20231204,10:52:12,169.55,100,87200
20231204,10:52:13,169.5,150,87200
20231204,10:52:17,169.55,100,87200
20231204,10:52:19,169.6,50,87200
20231204,10:52:24,169.75,100,87200
20231204,10:52:27,169.75,50,87200
20231204,10:52:29,169.75,50,87200
20231204,10:52:30,169.85,400,87200
20231204,10:52:31,169.85,50,87200
20231204,10:52:33,169.45,100,87200
20231204,10:52:34,169.35,50,87200
20231204,10:52:35,169.85,50,87200
20231204,10:52:40,169.4,100,87200
20231204,10:52:50,169.4,150,87200
20231204,10:52:58,169.35,350,87200
20231204,10:53:06,169.3,250,87200
20231204,10:53:14,169.55,250,87200
20231204,10:53:22,169.5,350,87200
20231204,10:53:30,169.7,350,87200
20231204,10:53:37,169.1,150,93000
20231204,10:53:45,169.15,200,93000
20231204,10:53:53,169.1,50,93000
20231204,10:54:02,168.95,50,93000
20231204,10:55:06,166.7,150,93000
20231204,10:55:30,166.45,400,93000
20231204,10:55:37,166.7,250,93000
20231204,10:55:51,166.65,200,93000
20231204,10:55:59,166.7,700,93000
20231204,10:56:29,166.35,100,93000
20231204,10:56:37,166.25,150,93000
20231204,10:58:28,166.9,50,92900
20231204,10:58:35,168.7,500,92900
20231204,10:58:43,168.05,50,92900
20231204,10:58:50,169.65,1800,92900
20231204,10:59:11,168.65,50,92900
20231204,10:59:18,168.55,100,92900
20231204,10:59:38,168.3,50,92600
20231204,10:59:45,166.15,100,92600
20231204,10:59:53,167.25,200,92600
20231204,11:00:07,168.55,50,92600
20231204,11:00:15,168.45,250,92600
20231204,11:00:46,168.45,100,92600
20231204,11:00:54,168.5,50,92600
20231204,11:01:09,166.15,50,92600
20231204,11:03:00,168.3,200,92800
20231204,11:04:05,167.5,100,92800
20231204,11:05:14,166.6,50,92800
20231204,11:05:30,166.65,50,92800
20231204,11:06:01,167.1,100,92700
20231204,11:07:06,167.1,100,92700
20231204,11:07:54,167.0,50,92700
20231204,11:08:06,168.15,50,92700
20231204,11:10:40,167.05,300,92950
20231204,11:10:56,168.0,450,92950
20231204,11:11:03,168.0,550,92950
20231204,11:11:11,168.05,300,92950
20231204,11:11:36,166.1,50,92950
20231204,11:11:53,166.1,100,93500
20231204,11:13:07,165.0,400,93500
20231204,11:13:15,165.5,50,93500
20231204,11:14:04,162.0,250,93500
20231204,11:14:12,165.85,50,93500
20231204,11:14:20,165.75,50,93500
20231204,11:15:18,165.75,50,93450
20231204,11:15:35,165.55,50,93450
20231204,11:16:43,159.9,250,93450
20231204,11:16:52,163.9,200,93450
20231204,11:17:00,163.9,100,93450
20231204,11:17:17,163.9,200,93450
20231204,11:17:33,163.1,50,93450
20231204,11:17:42,164.5,550,93750
20231204,11:17:50,164.25,100,93750
20231204,11:17:58,162.15,950,93750
20231204,11:18:07,164.45,500,93750
20231204,11:18:15,163.85,300,93750
20231204,11:18:32,164.0,300,93750
20231204,11:18:40,162.05,200,93750
20231204,11:18:45,164.4,300,93750
20231204,11:18:47,164.7,50,93750
20231204,11:18:56,164.9,50,93750
20231204,11:18:57,164.9,50,93750
20231204,11:19:08,165.0,50,93750
20231204,11:19:10,165.05,50,93750
20231204,11:19:12,164.95,50,93750
20231204,11:19:18,165.45,50,93750
20231204,11:19:54,165.25,100,93750
20231204,11:20:02,165.1,200,93750
20231204,11:20:11,165.45,100,93750
20231204,11:20:19,165.5,50,93750
20231204,11:20:36,164.05,50,93750
20231204,11:20:44,165.7,50,96100
20231204,11:20:53,165.0,200,96100
20231204,11:21:33,164.15,50,96100
20231204,11:22:15,164.6,300,96100
20231204,11:22:23,165.2,300,96100
20231204,11:22:31,164.05,50,96100
20231204,11:22:47,165.85,50,96100
20231204,11:22:55,165.4,150,96100
20231204,11:23:12,165.4,50,96100
20231204,11:23:20,165.0,200,96100
20231204,11:23:36,164.75,50,96100
20231204,11:23:44,164.45,200,95700
20231204,11:23:52,164.7,100,95700
20231204,11:24:22,164.6,200,95700
20231204,11:24:38,164.05,50,95700
20231204,11:25:57,164.45,50,95700
20231204,11:26:28,164.45,50,95700
20231204,11:27:59,164.45,650,95250
20231204,11:29:57,165.0,50,94650
20231204,11:30:20,163.75,1250,94650
20231204,11:31:35,165.35,100,94650
20231204,11:35:30,164.15,150,94250
20231204,11:35:37,164.15,150,94250
20231204,11:36:05,164.2,800,94100
20231204,11:36:44,164.0,50,94100
20231204,11:37:44,163.35,450,94100
20231204,11:38:11,163.05,250,94100
20231204,11:39:17,163.0,250,93350
20231204,11:39:22,163.5,150,93350
20231204,11:40:34,163.0,250,93350
20231204,11:40:35,163.05,200,93350
20231204,11:43:16,164.0,150,93350
20231204,11:44:37,164.0,50,93350
20231204,11:44:45,163.8,450,93350
20231204,11:45:57,164.1,100,93350
20231204,11:46:04,164.4,50,93350
20231204,11:47:04,164.25,50,93350
20231204,11:47:20,164.15,50,93350
20231204,11:48:06,163.3,50,93400
20231204,11:50:07,163.3,50,93400
20231204,11:50:30,163.3,150,93400
20231204,11:51:50,164.4,50,93650
20231204,11:51:58,164.65,50,93650
20231204,11:52:59,162.85,50,93650
20231204,11:53:14,162.6,400,93650
20231204,11:53:21,162.75,350,93650
20231204,11:53:29,161.85,200,93650
20231204,11:53:36,161.85,100,93650
20231204,11:53:58,163.0,50,92950
20231204,11:54:02,162.7,400,92950
20231204,11:54:27,164.4,50,92950
20231204,11:58:32,162.0,500,92850
20231204,12:00:13,161.95,400,92600
20231204,12:00:27,162.0,500,92600
20231204,12:02:24,162.0,200,92600
20231204,12:07:31,161.0,250,92450
20231204,12:07:48,161.0,300,92450
20231204,12:08:12,161.5,100,92450
20231204,12:08:44,160.75,100,92450
20231204,12:10:40,160.5,100,92100
20231204,12:12:33,161.5,200,92100
20231204,12:13:14,157.8,2400,92100
20231204,12:13:23,157.0,200,92100
20231204,12:13:41,159.9,400,92100
20231204,12:13:50,160.25,350,92100
20231204,12:13:59,159.65,500,92100
20231204,12:14:07,159.65,100,92100
20231204,12:14:16,159.85,150,92100
20231204,12:14:41,161.75,50,92100
20231204,12:14:49,161.75,100,92100
20231204,12:14:58,161.25,150,91250
20231204,12:15:16,160.45,100,91250
20231204,12:15:43,161.0,50,91250
20231204,12:16:09,160.0,50,91250
20231204,12:17:01,160.0,50,91250
20231204,12:17:10,160.55,100,91250
20231204,12:18:26,159.8,50,91500
20231204,12:20:30,161.4,250,91500
20231204,12:20:47,162.0,300,91500
20231204,12:21:13,162.4,250,91050
20231204,12:21:57,160.8,750,91050
20231204,12:23:26,162.4,50,91050
20231204,12:23:43,162.25,50,91050
20231204,12:24:00,162.05,50,90400
20231204,12:25:00,163.0,50,90400
20231204,12:25:16,163.0,50,90400
20231204,12:25:25,163.05,350,90400
20231204,12:25:33,163.0,300,90400
20231204,12:26:47,162.05,200,90400
20231204,12:26:55,162.0,100,90300
20231204,12:28:13,160.65,50,90300
20231204,12:30:05,160.6,100,90350
20231204,12:30:39,160.6,100,90350
20231204,12:30:47,160.65,1300,90350
20231204,12:30:56,160.7,600,90350
20231204,12:31:36,160.1,100,90350
20231204,12:31:44,161.3,100,90350
20231204,12:31:52,161.5,550,90350
20231204,12:32:00,161.95,150,90350
20231204,12:32:08,162.6,150,90350
20231204,12:32:16,162.6,100,90350
20231204,12:32:25,162.0,100,90350
20231204,12:32:33,162.0,250,90350
20231204,12:32:56,160.4,50,90350
20231204,12:33:22,161.2,350,90950
20231204,12:34:13,162.5,150,90950
20231204,12:35:17,161.25,50,90950
20231204,12:35:25,161.25,50,90950
20231204,12:35:33,161.2,100,90950
20231204,12:35:41,161.05,300,90950
20231204,12:36:06,160.9,150,90850
20231204,12:36:15,160.85,50,90850
20231204,12:37:13,160.9,50,90850
20231204,12:37:21,161.35,200,90850
20231204,12:37:46,160.9,100,90850
20231204,12:37:54,160.7,50,90850
20231204,12:38:11,161.4,250,90850
20231204,12:38:18,161.25,50,90850
20231204,12:38:34,161.6,100,90850
20231204,12:38:43,161.3,100,90850
20231204,12:38:51,161.2,50,90850
20231204,12:39:00,161.0,50,90850
20231204,12:39:23,160.9,50,90850
20231204,12:39:31,160.85,50,90850
20231204,12:39:39,160.6,350,90850
20231204,12:39:55,160.35,50,90850
20231204,12:40:33,161.35,50,90850
20231204,12:40:49,161.05,150,90850
20231204,12:41:19,161.7,50,90850
20231204,12:41:26,161.8,400,90850
20231204,12:41:34,161.95,100,90850
20231204,12:41:42,162.0,100,90850
20231204,12:42:46,162.0,100,90850
20231204,12:43:01,161.9,600,90850
20231204,12:43:10,161.65,100,90850
20231204,12:44:02,161.95,50,90850
20231204,12:44:10,161.75,400,90850
20231204,12:44:43,162.0,50,90850
20231204,12:44:51,162.0,50,90850
20231204,12:45:15,162.2,50,91550
20231204,12:45:56,162.05,150,91550
20231204,12:46:20,162.5,300,91550
20231204,12:47:01,162.35,50,91550
20231204,12:47:27,162.9,300,91550
20231204,12:47:36,163.05,50,91550
20231204,12:48:34,163.35,50,91600
20231204,12:48:42,163.75,50,91600
20231204,12:48:51,163.4,150,91600
20231204,12:48:59,163.05,50,91600
20231204,12:50:18,163.5,150,91600
20231204,12:53:07,160.15,50,91850
20231204,12:54:31,161.0,50,91800
20231204,12:56:04,161.0,200,91800
20231204,12:56:50,160.95,50,91800
20231204,12:58:46,160.85,50,91850
20231204,13:00:24,160.0,1400,91850
20231204,13:02:19,161.45,300,91850
20231204,13:02:53,161.4,400,91850
20231204,13:03:28,161.4,50,91800
20231204,13:03:36,161.75,150,91800
20231204,13:03:44,161.05,100,91800
20231204,13:04:01,161.75,1250,91800
20231204,13:04:09,161.75,100,91800
20231204,13:04:18,161.85,100,91800
20231204,13:04:34,161.65,100,91800
20231204,13:04:43,161.55,150,91800
20231204,13:04:51,161.6,200,91800
20231204,13:04:59,161.55,100,91800
20231204,13:05:16,161.65,50,91800
20231204,13:05:24,161.55,50,91800
20231204,13:05:33,161.5,50,91800
20231204,13:05:49,161.75,50,91800
20231204,13:06:23,161.9,50,93400
20231204,13:06:39,161.45,50,93400
20231204,13:06:56,161.75,150,93400
20231204,13:07:12,161.4,50,93400
20231204,13:07:27,161.85,150,93400
20231204,13:07:44,161.4,100,93400
20231204,13:07:59,161.65,50,93400
20231204,13:08:07,161.75,100,93400
20231204,13:08:15,161.95,200,93400
20231204,13:08:32,161.85,50,93400
20231204,13:08:41,162.0,50,93400
20231204,13:08:50,160.05,550,93400
20231204,13:08:58,163.25,250,93350
20231204,13:09:07,162.7,200,93350
20231204,13:09:41,162.75,100,93350
20231204,13:09:57,162.15,300,93350
20231204,13:10:14,162.45,50,93350
20231204,13:10:22,162.0,100,93350
20231204,13:10:38,162.1,50,93350
20231204,13:10:47,161.75,400,93350
20231204,13:10:55,161.8,150,93350
20231204,13:11:03,161.6,500,93350
20231204,13:11:19,161.6,100,93350
20231204,13:11:26,161.6,50,93350
20231204,13:11:34,161.6,50,93350
20231204,13:13:36,161.1,150,93400
20231204,13:13:52,161.3,150,93400
20231204,13:14:15,160.9,100,93400
20231204,13:14:39,161.45,100,93400
20231204,13:15:02,161.65,50,93600
20231204,13:15:32,161.15,100,93600
20231204,13:15:49,161.1,50,93600
20231204,13:16:06,160.95,50,93600
20231204,13:16:14,160.75,100,93600
20231204,13:16:31,159.0,300,93600
20231204,13:16:49,160.55,700,93600
20231204,13:16:58,160.3,150,93600
20231204,13:17:42,160.25,50,93600
20231204,13:18:00,160.15,300,93600
20231204,13:18:18,159.0,350,94650
20231204,13:18:37,158.0,50,94650
20231204,13:18:46,157.75,100,94650
20231204,13:18:55,159.9,50,94650
20231204,13:20:49,157.8,150,94650
20231204,13:21:17,158.0,100,94800
20231204,13:21:35,158.0,100,94800
20231204,13:22:11,158.25,150,94800
20231204,13:23:04,159.95,100,94800
20231204,13:23:13,159.9,450,94800
20231204,13:23:48,158.95,150,94800
20231204,13:24:22,159.9,400,94600
20231204,13:25:05,160.45,50,94600
20231204,13:26:48,158.5,250,94600
20231204,13:26:56,159.0,100,94600
20231204,13:27:31,161.35,100,94800
20231204,13:28:56,161.35,2900,94800
20231204,13:30:33,159.0,150,95000
20231204,13:31:16,158.7,50,95000
20231204,13:31:31,159.95,300,95000
20231204,13:31:54,160.0,600,95000
20231204,13:32:26,160.0,250,95000
20231204,13:32:52,160.1,200,95000
20231204,13:33:00,160.0,50,95000
20231204,13:33:53,159.3,50,95450
20231204,13:34:02,158.0,300,95450
20231204,13:34:11,159.3,400,95450
20231204,13:35:53,159.0,100,95450
20231204,13:36:02,159.0,50,95450
20231204,13:37:00,159.0,200,95200
20231204,13:37:58,159.05,50,95200
20231204,13:38:07,159.0,150,95200
20231204,13:38:56,158.95,50,95200
20231204,13:39:04,159.0,150,95200
20231204,13:39:46,159.0,150,95400
20231204,13:40:26,159.0,100,95400
20231204,13:45:32,156.4,200,95200
20231204,13:45:49,160.0,550,95200
20231204,13:46:49,160.0,50,95200
20231204,13:47:43,161.2,50,95200
20231204,13:47:44,161.35,50,95200
20231204,13:47:45,159.15,50,95200
20231204,13:47:59,161.25,50,95200
20231204,13:51:35,160.0,50,95900
20231204,13:53:48,160.0,50,95900
20231204,13:55:13,160.0,50,95900
20231204,14:00:24,160.0,100,95900
20231204,14:01:17,159.0,100,95900
20231204,14:02:12,159.7,50,95900
20231204,14:02:37,160.45,50,95900
20231204,14:03:39,159.0,100,96050
20231204,14:05:34,157.05,50,96050
20231204,14:06:10,157.05,150,96100
20231204,14:06:18,158.95,500,96100
20231204,14:06:55,158.95,50,96100
20231204,14:07:38,158.85,50,96100
20231204,14:07:55,158.85,50,96100
20231204,14:09:15,158.0,100,95900
20231204,14:09:41,158.0,50,95900
20231204,14:09:51,159.2,50,95900
20231204,14:10:52,158.0,400,95900
20231204,14:11:00,157.95,350,95900
20231204,14:11:19,159.4,1050,95900
20231204,14:12:27,158.0,50,97200
20231204,14:12:43,158.85,50,97200
20231204,14:12:51,158.7,500,97200
20231204,14:12:59,158.7,100,97200
20231204,14:13:07,158.45,150,97200
20231204,14:13:15,158.65,50,97200
20231204,14:15:32,156.05,50,97150
20231204,14:17:18,156.65,150,97150
20231204,14:17:27,156.95,250,97150
20231204,14:17:37,156.9,150,97150
20231204,14:17:46,156.75,700,97150
20231204,14:18:04,156.7,50,97150
20231204,14:18:50,157.85,700,97950
20231204,14:18:58,157.35,250,97950
20231204,14:19:07,157.3,50,97950
20231204,14:19:16,157.1,100,97950
20231204,14:19:43,157.05,50,97950
20231204,14:19:52,157.7,50,97950
20231204,14:20:01,157.0,50,97950
20231204,14:20:10,157.95,50,97950
20231204,14:21:31,158.7,500,99000
20231204,14:21:40,155.55,500,99000
20231204,14:21:49,155.5,500,99000
20231204,14:23:26,155.5,150,99000
20231204,14:24:01,158.7,50,99000
20231204,14:24:19,158.4,50,99150
20231204,14:25:49,156.9,250,99150
20231204,14:26:15,156.8,200,99150
20231204,14:26:24,158.15,300,99150
20231204,14:26:51,156.05,50,99150
20231204,14:27:18,157.8,500,99650
20231204,14:27:36,156.35,500,99650
20231204,14:27:45,156.15,300,99650
20231204,14:27:54,157.5,200,99650
20231204,14:28:12,156.95,50,99650
20231204,14:28:20,156.95,50,99650
20231204,14:28:38,156.85,50,99650
20231204,14:30:19,156.5,550,100000
20231204,14:30:28,156.5,50,100000
20231204,14:30:38,156.0,50,100000
20231204,14:31:16,155.5,50,100000
20231204,14:31:44,156.0,150,100000
20231204,14:32:11,155.4,50,100000
20231204,14:32:20,155.4,50,100000
20231204,14:32:29,156.1,200,100000
20231204,14:33:33,156.0,150,100400
20231204,14:34:10,155.05,50,100400
20231204,14:35:06,155.05,100,100400
20231204,14:35:15,155.15,150,100400
20231204,14:35:42,155.45,250,100400
20231204,14:36:09,155.15,100,100400
20231204,14:37:12,155.65,150,100400
20231204,14:37:21,157.3,50,100400
20231204,14:37:48,156.15,200,100400
20231204,14:37:56,156.0,150,100400
20231204,14:38:13,155.5,200,100400
20231204,14:38:22,155.5,200,100400
20231204,14:38:55,155.5,200,100400
20231204,14:39:30,158.35,800,100800
20231204,14:40:38,158.0,200,100800
20231204,14:40:46,157.85,50,100800
20231204,14:42:49,156.35,150,100350
20231204,14:43:06,156.4,200,100350
20231204,14:43:18,156.15,100,100350
20231204,14:44:31,155.55,250,100350
20231204,14:44:40,155.5,100,100350
20231204,14:46:04,156.1,100,100500
20231204,14:46:14,156.55,150,100500
20231204,14:46:23,156.5,50,100500
20231204,14:47:15,156.5,50,100500
20231204,14:47:23,156.5,50,100500
20231204,14:49:01,156.3,300,100800
20231204,14:49:10,156.1,400,100800
20231204,14:49:19,156.1,50,100800
20231204,14:49:37,156.95,400,100800
20231204,14:49:55,156.0,50,100800
20231204,14:50:14,156.0,50,100800
20231204,14:51:00,156.1,50,100800
20231204,14:51:28,156.0,50,101050
20231204,14:51:38,156.0,50,101050
20231204,14:52:42,156.1,50,101050
20231204,14:53:10,156.15,50,101050
20231204,14:53:47,156.0,50,101050
20231204,14:54:24,156.0,50,101100
20231204,14:55:22,156.5,50,101100
20231204,14:55:41,156.5,350,101100
20231204,14:56:00,155.05,250,101100
20231204,14:56:28,155.05,100,101100
20231204,14:56:57,155.05,250,101100
20231204,14:57:16,154.75,250,101100
20231204,14:57:34,154.75,200,101450
20231204,14:57:43,154.7,50,101450
20231204,14:57:53,154.05,100,101450
20231204,14:58:02,154.05,450,101450
20231204,14:58:12,154.95,100,101450
20231204,14:58:22,155.75,100,101450
20231204,14:58:31,154.85,200,101450
20231204,14:58:50,155.05,400,101450
20231204,14:58:59,155.0,150,101450
20231204,14:59:09,155.0,150,101450
20231204,14:59:18,154.95,200,101450
20231204,14:59:28,154.95,50,101450
20231204,14:59:38,154.95,100,101450
20231204,14:59:49,154.0,150,101450
20231204,15:00:28,154.5,150,103000
20231204,15:01:29,154.0,500,103000
20231204,15:01:40,154.0,350,103000
20231204,15:01:50,154.0,150,103000
20231204,15:02:20,154.0,350,103000
20231204,15:02:40,154.0,250,103000
20231204,15:02:50,155.0,1050,103000
20231204,15:03:10,155.75,200,103000
20231204,15:03:19,156.05,200,105100
20231204,15:03:48,156.9,100,105100
20231204,15:03:58,157.95,200,105100
20231204,15:04:08,158.85,100,105100
20231204,15:04:18,158.5,100,105100
20231204,15:04:28,158.3,100,105100
20231204,15:04:48,158.5,400,105100
20231204,15:04:58,158.55,50,105100
20231204,15:05:08,158.4,50,105100
20231204,15:05:18,157.9,50,105100
20231204,15:05:37,157.95,100,105100
20231204,15:05:46,157.9,100,105100
20231204,15:06:06,157.9,200,105100
20231204,15:08:09,157.5,100,105450
20231204,15:08:29,157.15,450,105450
20231204,15:08:57,156.7,50,105450
20231204,15:09:06,157.45,250,105450
20231204,15:09:16,157.0,150,105300
20231204,15:09:35,156.95,1100,105300
20231204,15:09:44,157.0,850,105300
20231204,15:10:14,157.05,100,105300
20231204,15:11:37,158.1,100,105300
20231204,15:13:04,157.5,150,105300
20231204,15:14:03,157.05,50,105300
20231204,15:14:42,158.05,400,105300
20231204,15:15:21,158.0,650,105500
20231204,15:15:31,157.05,50,105500
20231204,15:16:10,157.15,900,105500
20231204,15:16:58,157.15,50,105500
20231204,15:17:08,157.15,100,105500
20231204,15:17:18,157.35,100,105500
20231204,15:17:27,157.4,700,105500
20231204,15:17:37,157.1,50,105500
20231204,15:17:46,157.4,50,105500
20231204,15:18:06,157.35,400,105500
20231204,15:18:15,156.9,150,107200
20231204,15:18:24,157.1,200,107200
20231204,15:18:44,157.2,250,107200
20231204,15:19:22,156.25,100,107200
20231204,15:19:32,157.3,100,107200
20231204,15:19:41,157.25,50,107200
20231204,15:20:29,159.25,550,107200
20231204,15:20:47,159.25,100,107200
20231204,15:22:04,158.65,50,108250
20231204,15:22:14,157.4,100,108250
20231204,15:22:43,157.0,50,108250
20231204,15:25:05,156.0,200,108400
20231204,15:25:15,157.0,50,108400
20231204,15:25:34,156.95,200,108400
20231204,15:26:13,156.1,50,108400
20231204,15:26:43,156.1,50,108400
20231204,15:26:52,156.05,100,108400
20231204,15:27:02,156.9,50,108400
20231204,15:27:12,156.65,350,108400
20231204,15:27:31,156.05,400,108700
20231204,15:28:09,157.9,300,108700
20231204,15:28:19,156.35,50,108700
20231204,15:28:38,156.15,50,108700
20231204,15:28:48,156.0,500,108700
20231204,15:29:17,156.0,950,108700
20231204,15:29:37,155.3,400,108700
20231204,15:29:55,156.0,100,108700
20231205,09:15:23,156.0,1,107350
20231205,09:15:23,156.0,50,107350
20231205,09:15:45,156.55,50,107350
20231205,09:16:54,156.55,250,107350
20231205,09:17:23,148.05,50,107350
20231205,09:17:32,148.9,50,107350
20231205,09:18:29,156.3,100,107450
20231205,09:18:40,151.0,600,107450
20231205,09:20:22,155.0,100,107450
20231205,09:20:32,155.0,150,106950
20231205,09:20:53,155.0,750,106950
20231205,09:21:04,155.0,50,106950
20231205,09:21:26,155.0,450,106950
20231205,09:23:17,151.9,100,106950
20231205,09:24:06,153.0,100,105450
20231205,09:24:36,154.3,50,105450
20231205,09:24:45,154.5,50,105450
20231205,09:25:04,154.0,50,105450
20231205,09:25:24,154.6,50,105450
20231205,09:25:45,154.0,50,105450
20231205,09:25:55,154.0,50,105450
20231205,09:26:16,153.6,50,105450
20231205,09:26:27,154.9,500,105450
20231205,09:26:37,152.5,550,106000
20231205,09:26:48,154.95,1050,106000
20231205,09:26:59,152.75,50,106000
20231205,09:27:32,153.2,150,106000
20231205,09:27:43,153.0,100,106000
20231205,09:27:53,153.65,350,106000
20231205,09:28:04,153.65,100,106000
20231205,09:28:14,153.65,100,106000
20231205,09:29:08,153.65,50,106000
20231205,09:30:22,150.25,100,107500
20231205,09:32:52,150.0,50,107550
20231205,09:33:03,150.0,200,107550
20231205,09:33:13,150.5,200,107550
20231205,09:33:35,150.0,200,107550
20231205,09:33:46,150.0,50,107550
20231205,09:34:38,150.0,250,107550
20231205,09:34:59,150.0,300,107550
20231205,09:35:20,150.0,700,107550
20231205,09:36:03,149.5,50,108850
20231205,09:36:13,149.2,50,108850
20231205,09:38:00,149.2,250,108850
20231205,09:38:54,150.5,200,108950
20231205,09:39:47,147.05,350,108950
20231205,09:40:52,147.35,100,108950
20231205,09:41:34,147.1,50,108950
20231205,09:42:25,147.0,50,108950
20231205,09:42:29,147.0,100,108950
20231205,09:42:52,147.0,100,108950
20231205,09:43:00,147.1,400,108950
20231205,09:43:01,147.1,50,108950
20231205,09:43:02,147.1,500,108950
20231205,09:43:07,147.1,50,108950
20231205,09:43:16,147.1,750,108950
20231205,09:43:17,147.1,150,108950
20231205,09:43:21,147.1,300,108950
20231205,09:43:32,147.1,150,108950
20231205,09:43:33,147.1,250,108950
20231205,09:44:04,146.0,50,108950
20231205,09:44:05,145.95,100,108950
20231205,09:44:06,145.95,50,108950
20231205,09:44:13,145.0,1200,108950
20231205,09:44:45,145.0,450,109250
20231205,09:44:55,144.95,300,109250
20231205,09:45:06,143.0,1250,109250
20231205,09:46:48,143.25,300,109250
20231205,09:47:00,145.3,50,109250
20231205,09:47:03,145.4,200,109250
20231205,09:47:27,144.35,200,109250
20231205,09:47:32,145.4,200,109250
20231205,09:48:51,143.05,300,109550
20231205,09:49:23,147.45,450,109550
20231205,09:49:54,146.9,200,109550
20231205,09:50:22,147.05,150,109550
20231205,09:50:26,147.05,50,109550
20231205,09:51:49,146.05,50,109550
20231205,09:52:41,146.95,600,109550
20231205,09:52:51,147.0,700,109550
20231205,09:53:02,147.0,100,109550
20231205,09:53:23,146.75,100,109550
20231205,09:54:05,150.0,300,109050
20231205,09:54:47,149.7,400,109050
20231205,09:55:09,150.0,200,109050
20231205,09:55:21,150.0,150,109050
20231205,09:55:23,149.95,150,109050
20231205,09:55:24,150.0,200,109050
20231205,09:55:49,149.65,100,109050
20231205,09:56:04,148.0,100,109050
20231205,09:56:05,150.45,100,109050
20231205,09:56:15,148.65,50,109050
20231205,09:57:07,150.5,200,109200
20231205,09:57:40,149.25,300,109200
20231205,09:57:50,149.0,300,109200
20231205,09:58:32,150.0,50,109200
20231205,09:59:14,149.95,100,109200
20231205,09:59:25,149.95,50,109200
20231205,10:00:17,149.95,50,109350
20231205,10:00:49,149.0,50,109350
20231205,10:02:46,147.05,50,109400
20231205,10:03:08,148.0,100,109400
20231205,10:04:21,148.0,50,109400
20231205,10:05:02,146.35,50,109400
20231205,10:05:13,146.35,50,109400
20231205,10:05:54,146.8,100,109300
20231205,10:07:42,146.95,50,109300
20231205,10:08:43,146.95,150,109400
20231205,10:08:54,146.95,50,109400
20231205,10:09:04,147.6,50,109400
20231205,10:11:10,147.25,100,109400
20231205,10:11:21,147.55,50,109400
20231205,10:11:42,147.65,100,109400
20231205,10:13:19,147.2,50,109400
20231205,10:15:46,145.95,200,109450
20231205,10:15:57,146.0,500,109450
20231205,10:17:13,145.55,100,109450
20231205,10:18:28,145.6,50,109350
20231205,10:18:39,145.6,150,109350
20231205,10:19:13,145.55,50,109350
20231205,10:19:23,145.05,600,109350
20231205,10:19:57,145.0,450,109350
20231205,10:20:19,145.0,200,109350
20231205,10:20:52,145.0,50,110000
20231205,10:21:04,145.05,600,110000
20231205,10:21:15,145.5,2050,110000
20231205,10:21:27,145.0,100,110000
20231205,10:21:49,145.05,150,110000
20231205,10:22:01,145.5,400,110000
20231205,10:23:24,145.0,200,110000
20231205,10:24:05,145.0,1400,109550
20231205,10:24:25,146.2,250,109550
20231205,10:24:36,146.65,50,109550
20231205,10:24:46,145.0,50,109550
20231205,10:25:38,145.0,50,109550
20231205,10:28:11,146.5,400,109450
20231205,10:33:33,146.5,100,109450
20231205,10:34:46,147.95,500,109450
20231205,10:35:48,147.95,50,109100
20231205,10:35:59,148.0,50,109100
20231205,10:37:25,147.15,50,109100
20231205,10:37:36,149.35,100,109100
20231205,10:37:57,149.95,50,109100
20231205,10:38:51,149.45,50,109150
20231205,10:39:24,148.35,900,109150
20231205,10:39:35,148.95,50,109150
20231205,10:39:57,147.6,100,109150
20231205,10:40:09,147.4,100,109150
20231205,10:41:39,146.55,150,109150
20231205,10:42:33,146.5,100,110300
20231205,10:42:44,146.4,100,110300
20231205,10:42:55,146.5,150,110300
20231205,10:43:48,148.3,200,110300
20231205,10:45:23,147.05,50,109850
20231205,10:45:34,147.0,200,109850
20231205,10:48:33,145.9,900,109800
20231205,10:48:54,147.85,50,109800
20231205,10:51:19,146.4,150,109800
20231205,10:52:44,146.4,100,109800
20231205,10:55:31,144.35,300,109900
20231205,10:57:52,145.1,50,109900
20231205,10:58:12,145.1,100,109900
20231205,10:58:44,144.35,800,109900
20231205,11:01:32,143.65,300,110600
20231205,11:03:08,145.05,50,110550
20231205,11:03:28,144.85,100,110550
20231205,11:04:41,144.95,100,110550
20231205,11:04:52,145.0,150,110550
20231205,11:06:45,146.0,50,110600
20231205,11:08:08,145.65,50,110600
20231205,11:08:18,145.75,50,110600
20231205,11:09:11,145.65,50,110650
20231205,11:10:27,147.35,400,110650
20231205,11:10:38,147.35,50,110650
20231205,11:11:11,146.25,800,110650
20231205,11:12:38,147.3,100,111450
20231205,11:16:40,147.0,100,111350
20231205,11:16:51,146.1,50,111350
20231205,11:17:02,147.3,50,111350
20231205,11:17:33,147.6,200,111350
20231205,11:17:44,148.25,50,111350
20231205,11:17:54,147.9,800,111600
20231205,11:18:37,148.45,200,111600
20231205,11:19:21,149.35,150,111600
20231205,11:19:32,150.0,150,111600
20231205,11:19:43,149.0,250,111600
20231205,11:20:05,150.0,250,111600
20231205,11:20:17,151.0,200,111600
20231205,11:20:39,150.15,50,111600
20231205,11:22:26,149.7,50,112500
20231205,11:22:37,149.1,100,112500
20231205,11:23:51,149.0,150,112300
20231205,11:24:01,149.15,50,112300
20231205,11:24:32,149.85,600,112300
20231205,11:24:43,150.6,650,112300
20231205,11:24:54,150.2,1250,112300
20231205,11:25:04,150.8,100,112300
20231205,11:25:25,150.35,50,112300
20231205,11:26:06,150.0,50,112300
20231205,11:26:17,148.75,300,112300
20231205,11:26:28,150.0,550,112300
20231205,11:26:38,151.35,100,112300
20231205,11:26:49,150.6,700,115050
20231205,11:27:10,148.15,800,115050
20231205,11:27:31,154.9,1200,115050
20231205,11:27:52,151.05,100,115050
20231205,11:28:14,149.05,200,115050
20231205,11:28:24,150.35,150,115050
20231205,11:29:26,148.6,50,115050
20231205,11:29:48,148.55,50,115050
20231205,11:31:01,150.85,100,115100
20231205,11:32:06,150.85,100,115100
20231205,11:33:11,155.5,700,115200
20231205,11:33:33,154.35,100,115200
20231205,11:34:07,154.0,100,115200
20231205,11:34:50,154.0,100,115200
20231205,11:35:12,153.4,250,115200
20231205,11:36:05,152.5,350,114750
20231205,11:36:52,153.85,100,114750
20231205,11:37:08,152.8,50,114750
20231205,11:37:32,153.15,50,114750
20231205,11:37:43,153.0,200,114750
20231205,11:38:57,152.0,50,114750
20231205,11:39:39,152.1,50,114750
20231205,11:39:50,152.05,150,114750
20231205,11:40:11,152.0,50,114750
20231205,11:40:21,152.0,200,114750
20231205,11:41:52,150.0,100,114750
20231205,11:42:40,151.75,50,114600
20231205,11:42:51,150.8,400,114600
20231205,11:43:01,152.8,1050,114600
20231205,11:43:12,153.0,300,114600
20231205,11:43:23,154.0,300,114600
20231205,11:44:48,154.0,550,114600
20231205,11:45:21,154.3,50,113050
20231205,11:45:31,154.1,100,113050
20231205,11:46:23,153.9,50,113050
20231205,11:46:44,153.0,50,113050
20231205,11:47:05,151.0,500,113050
20231205,11:47:36,151.2,50,113050
20231205,11:47:47,152.0,100,113050
20231205,11:48:07,153.4,600,112650
20231205,11:48:58,153.5,100,112650
20231205,11:49:18,153.5,50,112650
20231205,11:50:08,153.55,100,112650
20231205,11:50:18,153.6,150,112650
20231205,11:51:10,154.35,200,112350
20231205,11:51:52,155.1,100,112350
20231205,11:52:03,156.8,700,112350
20231205,11:52:36,156.8,150,112350
20231205,11:53:17,154.4,100,112350
20231205,11:55:39,154.5,100,111700
20231205,11:55:49,153.85,250,111700
20231205,11:56:31,153.5,500,111700
20231205,11:56:42,152.0,350,111700
20231205,11:57:24,150.6,50,111950
20231205,11:58:16,152.0,200,111950
20231205,12:00:29,152.0,1100,111950
20231205,12:01:29,152.9,50,111950
20231205,12:03:03,150.0,200,111450
20231205,12:03:35,150.0,50,111450
20231205,12:04:16,150.0,650,111450
20231205,12:05:59,150.0,100,111350
20231205,12:09:42,152.0,300,111400
20231205,12:10:13,152.0,50,111400
20231205,12:12:03,150.3,50,111400
20231205,12:13:05,150.0,100,111400
20231205,12:13:45,149.6,250,111400
20231205,12:14:15,150.0,50,111400
20231205,12:15:35,147.55,150,111400
20231205,12:16:55,150.1,50,111400
20231205,12:17:26,148.0,50,111400
20231205,12:18:34,147.8,50,111400
20231205,12:19:13,150.05,50,111400
20231205,12:20:49,148.0,150,111400
20231205,12:21:48,148.5,100,111450
20231205,12:22:28,148.0,50,111450
20231205,12:23:55,147.55,150,111450
20231205,12:28:47,147.55,50,111600
20231205,12:29:16,147.55,50,111600
20231205,12:39:04,149.15,100,111700
20231205,12:39:13,148.0,150,111700
20231205,12:40:03,147.0,300,111700
20231205,12:41:51,146.25,100,111700
20231205,12:42:01,147.9,50,111700
20231205,12:43:45,146.9,50,112200
20231205,12:44:04,148.75,150,112200
20231205,12:44:14,149.25,200,112200
20231205,12:44:24,149.55,50,112200
20231205,12:46:37,148.05,300,112050
20231205,12:49:52,148.8,100,112250
20231205,12:50:55,147.45,100,112250
20231205,12:53:33,147.45,200,112250
20231205,12:57:24,147.0,100,112250
20231205,12:58:22,146.0,50,112250
20231205,12:59:18,146.0,50,112250
20231205,13:03:22,148.0,100,112250
20231205,13:07:23,148.0,100,112250
20231205,13:09:45,148.0,100,112250
20231205,13:10:14,148.0,100,112250
20231205,13:10:54,148.7,100,112250
20231205,13:17:48,148.0,100,112250
20231205,13:18:54,148.95,50,112250
20231205,13:20:41,148.25,50,112250
20231205,13:21:01,148.75,50,112250
20231205,13:21:04,149.0,100,112250
20231205,13:21:55,149.5,300,112250
20231205,13:21:59,149.55,50,112250
20231205,13:22:47,149.0,50,112250
20231205,13:22:57,149.0,50,112250
20231205,13:23:36,149.5,200,112250
20231205,13:31:12,145.95,50,111800
20231205,13:31:42,147.0,400,111800
20231205,13:32:24,143.5,100,111800
20231205,13:34:47,144.5,300,111700
20231205,13:34:58,145.0,150,111700
20231205,13:35:28,145.95,500,111700
20231205,13:36:09,144.3,300,111700
20231205,13:36:49,145.95,300,112500
20231205,13:36:59,145.95,200,112500
20231205,13:38:00,146.0,50,112500
20231205,13:38:50,143.05,300,112500
20231205,13:39:29,144.95,100,112900
20231205,13:40:21,144.0,600,112900
20231205,13:40:32,144.95,50,112900
20231205,13:40:42,144.95,50,112900
20231205,13:42:54,144.25,150,113350
20231205,13:43:33,144.15,50,113350
20231205,13:44:40,145.0,50,113350
20231205,13:44:59,146.05,50,113350
20231205,13:45:39,145.85,250,113400
20231205,13:46:09,146.0,250,113400
20231205,13:48:49,146.25,100,113400
20231205,13:52:15,146.1,500,113800
20231205,13:52:35,146.25,500,113800
20231205,13:52:45,148.1,1000,113800
20231205,13:53:24,147.45,50,113800
20231205,13:53:34,146.05,400,113800
20231205,13:53:43,146.05,1050,113800
20231205,13:54:23,146.05,50,115050
20231205,13:59:44,146.0,800,115100
20231205,14:00:36,146.2,200,115800
20231205,14:04:01,148.0,100,115800
20231205,14:04:21,149.0,50,115800
20231205,14:05:12,149.0,100,115800
20231205,14:05:22,151.7,750,115800
20231205,14:05:32,148.0,1150,115800
20231205,14:05:52,148.0,1000,115800
20231205,14:06:02,147.0,50,115800
20231205,14:06:13,148.0,1000,115800
20231205,14:07:23,148.0,50,116700
20231205,14:07:43,147.0,1400,116700
20231205,14:08:35,147.05,1450,116700
20231205,14:08:55,147.45,1000,116700
20231205,14:09:05,147.15,1000,116700
20231205,14:09:15,147.0,1650,121050
20231205,14:09:36,147.15,1200,121050
20231205,14:09:45,141.3,500,121050
20231205,14:12:53,141.3,50,123350
20231205,14:14:31,145.5,900,123350
20231205,14:15:09,147.7,50,123350
20231205,14:15:19,146.15,400,123350
20231205,14:15:49,146.05,50,124300
20231205,14:16:18,147.3,250,124300
20231205,14:17:16,147.85,50,124300
20231205,14:17:26,148.0,1100,124300
20231205,14:19:45,148.6,1000,125300
20231205,14:20:43,148.05,200,125300
20231205,14:21:04,148.0,1000,125300
20231205,14:21:22,147.0,650,127300
20231205,14:22:00,147.05,150,127300
20231205,14:22:09,148.0,300,127300
20231205,14:22:18,148.0,700,127300
20231205,14:23:55,148.5,350,127300
20231205,14:24:05,148.2,50,127300
20231205,14:25:25,148.6,50,128400
20231205,14:27:07,148.05,400,128400
20231205,14:27:28,148.0,900,128650
20231205,14:28:44,145.8,250,128650
20231205,14:29:33,145.8,150,128650
20231205,14:32:31,145.05,100,129550
20231205,14:33:56,146.4,1350,129550
20231205,14:34:45,145.55,50,129550
20231205,14:35:05,145.0,100,129550
20231205,14:36:04,143.8,50,129550
20231205,14:36:21,142.2,300,128500
20231205,14:36:22,145.45,200,128500
20231205,14:36:55,146.0,150,128500
20231205,14:37:55,144.75,100,128500
20231205,14:38:54,144.8,50,128500
20231205,14:39:56,144.9,200,128450
20231205,14:40:38,144.75,400,128450
20231205,14:40:48,144.75,100,128450
20231205,14:41:09,144.55,200,128450
20231205,14:41:48,144.55,50,128450
20231205,14:43:17,143.05,150,128450
20231205,14:44:08,143.55,150,128450
20231205,14:46:52,144.3,50,128450
20231205,14:48:52,145.5,150,128400
20231205,14:49:43,145.45,200,128400
20231205,14:50:03,145.45,100,128400
20231205,14:50:42,145.5,50,128400
20231205,14:51:53,144.0,750,128850
20231205,14:52:03,144.0,100,128850
20231205,14:52:34,144.0,250,128850
20231205,14:53:14,143.8,50,128850
20231205,14:53:24,143.55,150,128850
20231205,14:53:44,143.5,300,128850
20231205,14:57:26,145.0,100,128950
20231205,14:58:08,143.65,100,128900
20231205,14:58:19,143.65,100,128900
20231205,14:59:23,144.45,150,128900
20231205,15:00:16,144.15,150,128900
20231205,15:03:16,144.3,500,128800
20231205,15:03:37,142.2,1550,129250
20231205,15:03:58,142.15,1850,129250
20231205,15:04:09,142.8,3000,129250
20231205,15:05:03,142.8,150,129250
20231205,15:05:25,142.8,100,129250
20231205,15:05:36,142.05,650,129250
20231205,15:06:08,142.5,200,129250
20231205,15:06:30,141.75,400,132950
20231205,15:06:41,142.5,50,132950
20231205,15:07:13,141.7,1250,132950
20231205,15:07:35,143.3,400,132950
20231205,15:07:46,143.25,1700,132950
20231205,15:07:57,143.85,450,132950
20231205,15:08:18,142.55,150,132950
20231205,15:08:29,143.1,1250,132950
20231205,15:08:40,143.0,1000,132950
20231205,15:08:50,143.9,100,132950
20231205,15:09:01,143.8,150,132950
20231205,15:09:11,143.0,1250,132950
20231205,15:10:03,143.0,950,138550
20231205,15:10:14,143.0,50,138550
20231205,15:10:46,143.45,400,138550
20231205,15:10:56,143.65,300,138550
20231205,15:11:07,143.55,1150,138550
20231205,15:11:28,142.55,100,138550
20231205,15:11:38,143.0,2100,138550
20231205,15:11:49,143.65,550,138550
20231205,15:11:59,143.7,200,138550
20231205,15:12:20,145.5,450,138550
20231205,15:12:32,142.75,400,141850
20231205,15:12:43,142.6,250,141850
20231205,15:13:04,142.6,100,141850
20231205,15:13:14,142.55,50,141850
20231205,15:13:46,142.55,500,141850
20231205,15:14:40,143.4,450,141850
20231205,15:15:01,144.9,300,141850
20231205,15:15:03,145.05,50,141850
20231205,15:15:07,145.0,300,141850
20231205,15:15:31,142.55,1150,142300
20231205,15:16:35,143.6,100,142300
20231205,15:17:07,142.45,150,142300
20231205,15:17:17,144.05,1000,142300
20231205,15:17:28,142.45,100,142300
20231205,15:17:49,145.45,700,142300
20231205,15:17:59,143.15,500,142300
20231205,15:18:10,144.95,100,142300
20231205,15:18:30,144.6,100,142150
20231205,15:18:51,144.0,100,142150
20231205,15:19:02,143.1,200,142150
20231205,15:19:55,144.0,50,142150
20231205,15:20:16,142.55,50,142150
20231205,15:20:36,142.6,100,142150
20231205,15:20:46,143.5,50,142150
20231205,15:22:16,142.05,250,142400
20231205,15:22:26,142.05,50,142400
20231205,15:22:56,142.0,500,142400
20231205,15:24:16,142.0,900,142400
20231205,15:26:28,141.85,50,142350
20231205,15:26:38,141.95,150,142350
20231205,15:26:47,141.95,50,142350
20231205,15:26:57,141.95,200,142350
20231205,15:27:28,142.0,150,142350
20231205,15:27:39,142.0,400,142600
20231205,15:27:59,141.95,950,142600
20231205,15:28:54,141.05,350,142600
20231205,15:29:04,141.05,50,142600
20231205,15:29:15,140.1,100,142600
20231205,15:29:26,140.1,150,142600
20231205,15:29:37,140.45,200,142600
20231205,15:29:49,142.0,450,142600
20231206,09:17:43,135.05,1,143300
20231206,09:17:43,134.7,1,143300
20231206,09:17:43,138.6,650,143300
20231206,09:18:16,134.0,50,143300
20231206,09:18:42,132.95,250,143300
20231206,09:19:02,132.95,50,143300
20231206,09:19:21,132.95,300,143300
20231206,09:20:13,135.0,50,143300
20231206,09:20:33,135.0,350,143300
20231206,09:21:36,131.65,500,142950
20231206,09:22:07,133.5,100,142950
20231206,09:22:57,133.5,50,142950
20231206,09:23:16,135.0,50,142950
20231206,09:23:36,134.7,50,142950
20231206,09:23:56,134.0,200,142950
20231206,09:26:26,136.0,150,142950
20231206,09:26:36,135.55,50,142950
20231206,09:27:47,138.55,100,142800
20231206,09:27:52,139.0,800,142800
20231206,09:27:53,139.0,600,142800
20231206,09:27:54,139.0,400,142800
20231206,09:28:02,139.0,1000,142800
20231206,09:28:06,139.0,100,142800
20231206,09:28:20,136.35,100,142800
20231206,09:29:57,139.05,50,144000
20231206,09:30:36,141.55,150,144000
20231206,09:30:57,141.55,250,144000
20231206,09:31:08,139.05,100,144000
20231206,09:31:29,150.0,3400,144000
20231206,09:31:40,141.95,400,144000
20231206,09:32:02,142.15,300,144000
20231206,09:32:13,141.95,250,144000
20231206,09:32:36,143.5,200,144000
20231206,09:32:57,145.15,100,146750
20231206,09:33:08,143.0,1550,146750
20231206,09:33:51,143.35,50,146750
20231206,09:34:45,144.0,50,146750
20231206,09:35:38,145.85,50,146750
20231206,09:36:00,145.0,50,147700
20231206,09:36:10,145.5,50,147700
20231206,09:36:21,145.9,350,147700
20231206,09:36:32,146.5,100,147700
20231206,09:36:43,147.0,550,147700
20231206,09:36:54,147.05,700,147700
20231206,09:38:20,149.65,50,147700
20231206,09:39:14,147.1,50,147900
20231206,09:39:25,147.0,450,147900
20231206,09:40:09,140.15,350,147900
20231206,09:40:30,139.25,1100,147900
20231206,09:40:41,141.4,700,147900
20231206,09:40:52,139.25,500,147900
20231206,09:41:03,141.0,50,147900
20231206,09:41:57,142.7,1050,148100
20231206,09:42:08,142.2,300,148100
20231206,09:43:19,143.5,100,148100
20231206,09:43:34,143.5,50,148100
20231206,09:43:38,143.5,250,148100
20231206,09:44:11,142.5,50,148100
20231206,09:45:52,143.9,50,148150
20231206,09:46:28,142.0,300,148150
20231206,09:48:12,143.05,150,147800
20231206,09:48:23,143.05,100,147800
20231206,09:48:44,143.0,50,147800
20231206,09:48:54,143.0,50,147800
20231206,09:49:04,143.0,50,147800
20231206,09:49:35,143.0,50,147800
20231206,09:50:07,141.45,150,147800
20231206,09:50:29,141.25,100,147800
20231206,09:50:35,141.3,50,147800
20231206,09:50:56,141.0,200,147900
20231206,09:51:10,144.3,50,147900
20231206,09:51:13,141.7,200,147900
20231206,09:51:28,141.7,50,147900
20231206,09:51:55,141.65,100,147900
20231206,09:52:06,143.45,300,147900
20231206,09:52:46,144.8,350,147900
20231206,09:52:52,143.1,150,147900
20231206,09:53:08,142.65,100,147900
20231206,09:53:11,142.5,250,147900
20231206,09:53:24,141.95,250,147900
20231206,09:55:10,142.3,50,147800
20231206,09:56:34,142.2,50,147800
20231206,09:57:03,142.05,100,147800
20231206,09:59:44,144.0,50,147800
20231206,10:00:05,143.8,150,147800
20231206,10:02:40,143.85,150,147800
20231206,10:03:32,146.5,50,147750
20231206,10:04:36,144.65,150,147750
20231206,10:05:08,144.0,600,147750
20231206,10:05:29,142.25,50,147750
20231206,10:06:21,143.55,550,147800
20231206,10:07:25,143.6,100,147800
20231206,10:09:00,145.95,200,147800
20231206,10:09:10,146.0,1500,147800
20231206,10:09:21,148.0,100,147800
20231206,10:10:04,148.5,50,147800
20231206,10:10:15,148.5,100,147800
20231206,10:10:47,148.0,100,147800
20231206,10:11:19,148.0,400,147800
20231206,10:11:29,145.95,50,147800
20231206,10:12:01,145.4,50,146300
20231206,10:12:11,145.0,800,146300
20231206,10:12:53,144.55,150,146300
20231206,10:13:14,145.9,100,146300
20231206,10:13:24,145.9,50,146300
20231206,10:13:35,146.45,50,146300
20231206,10:13:46,146.9,50,146300
20231206,10:14:27,147.9,250,146300
20231206,10:16:53,146.4,100,145550
20231206,10:17:24,147.0,50,145550
20231206,10:18:23,145.7,50,145550
20231206,10:18:42,146.0,50,145500
20231206,10:18:49,145.95,100,145500
20231206,10:19:00,145.5,100,145500
20231206,10:19:23,145.5,200,145500
20231206,10:19:48,145.3,50,145500
20231206,10:20:10,144.05,100,145500
20231206,10:21:33,144.25,50,145400
20231206,10:21:44,144.75,50,145400
20231206,10:23:29,145.85,150,145400
20231206,10:23:50,146.0,250,145400
20231206,10:24:01,146.65,100,145300
20231206,10:24:11,145.95,100,145300
20231206,10:24:29,147.25,50,145300
20231206,10:24:38,148.9,400,145300
20231206,10:24:50,147.9,100,145300
20231206,10:25:56,150.0,100,145300
20231206,10:26:59,148.0,100,145300
20231206,10:27:51,148.0,50,145300
20231206,10:27:54,148.5,50,145300
20231206,10:28:00,149.0,50,145300
20231206,10:28:17,149.0,50,145300
20231206,10:29:48,148.95,100,145300
20231206,10:31:20,148.0,100,145300
20231206,10:31:51,147.0,200,145300
20231206,10:32:22,148.55,100,145300
20231206,10:38:44,146.35,50,145300
20231206,10:38:46,146.35,50,145300
20231206,10:38:49,147.4,100,145300
20231206,10:38:57,147.5,50,145300
20231206,10:38:59,147.5,100,145300
20231206,10:39:14,146.25,50,145300
20231206,10:39:31,146.35,50,145300
20231206,10:39:51,147.3,50,145300
20231206,10:40:51,147.3,50,145300
20231206,10:42:07,147.3,200,145350
20231206,10:42:45,146.6,50,145350
20231206,10:43:04,146.5,50,145350
20231206,10:43:32,146.9,100,145350
20231206,10:43:42,146.9,50,145350
20231206,10:43:52,146.55,50,145350
20231206,10:45:27,145.0,100,145350
20231206,10:45:28,144.9,50,145450
20231206,10:45:29,144.9,100,145450
20231206,10:45:30,144.8,450,145450
20231206,10:45:32,144.7,50,145450
20231206,10:45:34,144.7,50,145450
20231206,10:45:35,144.75,100,145450
20231206,10:45:36,144.65,100,145450
20231206,10:46:08,144.0,50,145450
20231206,10:46:45,144.15,100,145450
20231206,10:47:05,143.45,50,145450
20231206,10:47:26,142.6,50,145450
20231206,10:47:36,142.15,100,145450
20231206,10:47:47,143.1,150,145450
20231206,10:48:18,142.0,100,144200
20231206,10:48:28,141.45,50,144200
20231206,10:48:49,142.0,50,144200
20231206,10:48:59,141.1,50,144200
20231206,10:54:18,143.05,50,144050
20231206,10:54:28,141.65,50,144050
20231206,10:55:07,141.65,100,144050
20231206,10:58:59,141.25,50,144050
20231206,11:00:01,140.05,50,144050
20231206,11:00:22,140.65,50,144100
20231206,11:00:36,139.55,150,144100
20231206,11:00:39,139.5,50,144100
20231206,11:00:41,139.85,100,144100
20231206,11:00:44,140.1,200,144100
20231206,11:02:05,140.0,50,144100
20231206,11:05:54,140.0,50,144150
20231206,11:08:48,140.05,50,144150
20231206,11:09:08,136.6,300,144150
20231206,11:09:38,139.55,250,144150
20231206,11:10:10,140.9,300,144150
20231206,11:10:41,140.0,600,144150
20231206,11:13:01,138.1,750,144200
20231206,11:13:11,140.0,450,144200
20231206,11:14:28,140.0,50,144200
20231206,11:15:46,140.2,200,144250
20231206,11:15:56,139.95,50,144250
20231206,11:17:13,139.0,50,144250
20231206,11:17:42,140.0,50,144250
20231206,11:20:23,140.4,50,144100
20231206,11:22:45,140.0,200,144100
20231206,11:23:25,139.8,150,144100
20231206,11:23:45,141.65,250,144100
20231206,11:23:56,141.05,150,144100
20231206,11:24:06,141.9,150,144150
20231206,11:24:38,141.95,750,144150
20231206,11:24:41,141.9,50,144150
20231206,11:24:45,141.4,50,144150
20231206,11:25:12,141.55,350,144150
20231206,11:25:21,141.15,250,144150
20231206,11:26:02,141.05,50,144150
20231206,11:26:21,139.2,150,144150
20231206,11:26:50,139.45,250,144150
20231206,11:26:59,139.3,350,144150
20231206,11:28:43,141.35,100,144000
20231206,11:32:59,141.4,350,144000
20231206,11:33:08,140.85,400,144050
20231206,11:33:18,139.55,150,144050
20231206,11:34:04,140.7,100,144050
20231206,11:35:15,140.6,500,144050
20231206,11:36:37,140.7,150,144050
20231206,11:37:03,140.8,150,144050
20231206,11:37:12,141.0,150,144050
20231206,11:38:15,139.45,350,144050
20231206,11:38:24,139.55,200,144050
20231206,11:38:33,139.5,350,144050
20231206,11:38:52,140.65,150,144050
20231206,11:40:20,139.2,250,144850
20231206,11:40:49,140.5,250,144850
20231206,11:41:16,140.05,100,144850
20231206,11:41:25,140.0,100,144850
20231206,11:43:17,141.7,500,145000
20231206,11:44:33,140.95,100,145000
20231206,11:45:37,138.6,200,144950
20231206,11:46:25,140.6,150,144950
20231206,11:46:35,140.65,150,144950
20231206,11:47:40,141.75,500,144950
20231206,11:48:43,139.85,1400,144950
20231206,11:48:51,140.0,50,144950
20231206,11:49:08,140.8,200,144950
20231206,11:49:34,139.75,50,144950
20231206,11:50:32,140.0,150,144950
20231206,11:50:51,140.4,400,144950
20231206,11:51:11,140.05,50,144750
20231206,11:51:29,139.8,250,144750
20231206,11:51:38,140.9,250,144750
20231206,11:51:47,141.2,250,144750
20231206,11:52:22,140.0,250,144750
20231206,11:52:32,140.15,250,144750
20231206,11:52:50,139.2,150,144750
20231206,11:52:59,140.05,150,144750
20231206,11:53:44,145.75,500,144750
20231206,11:53:53,140.0,500,144750
20231206,11:54:11,140.25,300,145350
20231206,11:54:59,143.05,400,145350
20231206,11:55:46,143.05,150,145350
20231206,11:55:56,143.05,50,145350
20231206,11:57:30,140.0,800,145150
20231206,11:58:34,140.7,150,145150
20231206,11:58:43,140.8,200,145150
20231206,11:58:52,140.75,50,145150
20231206,11:59:35,141.65,100,145150
20231206,11:59:37,142.35,50,145150
20231206,11:59:43,140.9,50,145150
20231206,11:59:47,142.25,250,145150
20231206,12:01:02,142.25,300,145450
20231206,12:01:21,142.1,50,145450
20231206,12:04:33,140.05,50,145800
20231206,12:04:51,140.05,50,145800
20231206,12:05:00,140.05,200,145800
20231206,12:05:09,141.05,50,145800
20231206,12:05:19,140.0,300,145800
20231206,12:05:37,140.0,50,145800
20231206,12:05:46,139.7,200,145800
20231206,12:06:05,140.0,100,145800
20231206,12:06:44,140.0,100,146050
20231206,12:07:03,140.9,600,146050
20231206,12:07:13,138.9,600,146050
20231206,12:08:09,140.9,50,146050
20231206,12:08:48,139.9,50,146050
20231206,12:11:54,139.75,50,146050
20231206,12:12:13,139.7,150,146050
20231206,12:12:22,139.75,150,146150
20231206,12:15:10,139.05,200,146150
20231206,12:15:19,139.0,250,146300
20231206,12:18:42,139.0,50,146500
20231206,12:20:36,139.55,300,146500
20231206,12:21:05,139.8,150,146500
20231206,12:21:15,139.65,100,146400
20231206,12:22:32,140.0,50,146400
20231206,12:28:17,140.15,250,146350
20231206,12:28:37,141.0,50,146350
20231206,12:28:46,140.05,50,146350
20231206,12:29:15,140.0,250,146350
20231206,12:31:58,140.05,100,146650
20231206,12:32:38,141.0,250,146650
20231206,12:32:59,141.4,200,146650
20231206,12:33:10,141.45,50,146650
20231206,12:34:52,142.25,300,146600
20231206,12:35:03,142.9,50,146600
20231206,12:36:16,142.0,100,146600
20231206,12:36:36,141.2,50,146700
20231206,12:37:46,140.25,50,146700
20231206,12:38:17,141.2,50,146700
20231206,12:41:50,142.8,50,146700
20231206,12:42:30,142.8,50,146700
20231206,12:42:40,141.25,50,146700
20231206,12:44:36,142.0,50,146700
20231206,12:45:06,142.85,250,146700
20231206,12:45:46,142.9,50,146700
20231206,12:50:16,143.0,50,146700
20231206,12:50:37,143.0,50,146700
20231206,12:51:07,142.9,50,146700
20231206,12:51:17,142.8,50,146700
20231206,12:51:27,142.25,400,146700
20231206,12:55:26,143.9,50,146900
20231206,12:56:28,143.9,100,146900
20231206,12:57:08,141.85,50,146900
20231206,12:57:18,141.25,50,146950
20231206,12:57:59,140.85,50,146950
20231206,12:59:57,140.85,50,146950
20231206,13:02:13,142.0,50,146950
20231206,13:02:43,142.0,50,146950
20231206,13:03:03,142.65,50,146950
20231206,13:03:23,142.7,500,147050
20231206,13:03:33,143.4,450,147050
20231206,13:03:43,145.45,100,147050
20231206,13:03:53,143.45,50,147050
20231206,13:05:31,143.15,100,147050
20231206,13:07:07,144.35,900,147500
20231206,13:07:38,144.75,50,147500
20231206,13:08:01,146.0,250,147500
20231206,13:08:12,146.5,1200,147500
20231206,13:08:55,146.25,50,147500
20231206,13:09:05,146.4,950,147500
20231206,13:09:37,145.3,1000,150300
20231206,13:09:57,145.5,1200,150300
20231206,13:10:17,145.5,350,150300
20231206,13:10:28,145.5,850,150300
20231206,13:10:38,150.35,1200,150300
20231206,13:11:10,145.5,1250,150300
20231206,13:12:43,146.0,700,154300
20231206,13:12:53,146.05,150,154300
20231206,13:13:44,146.0,300,154300
20231206,13:14:35,146.0,300,154300
20231206,13:14:45,146.0,750,154300
20231206,13:15:46,145.5,1000,156300
20231206,13:16:17,144.0,100,156300
20231206,13:16:27,143.85,100,156300
20231206,13:16:47,144.0,50,156300
20231206,13:17:10,145.0,1000,156300
20231206,13:17:51,144.05,500,156300
20231206,13:18:11,144.05,100,156300
20231206,13:18:31,144.05,50,158800
20231206,13:18:51,145.0,550,158800
20231206,13:19:01,145.0,450,158800
20231206,13:19:21,145.0,400,158800
20231206,13:21:40,145.0,50,160250
20231206,13:21:50,146.0,1000,160250
20231206,13:22:00,146.0,550,160250
20231206,13:22:19,145.65,50,160250
20231206,13:22:29,145.7,200,160250
20231206,13:22:50,146.0,900,160250
20231206,13:23:00,146.0,500,160250
20231206,13:23:30,146.05,550,160250
20231206,13:23:39,146.0,650,160250
20231206,13:23:59,146.0,900,160250
20231206,13:24:09,146.0,300,160250
20231206,13:25:21,148.6,150,164850
20231206,13:25:32,148.7,1850,164850
20231206,13:26:12,148.8,200,164850
20231206,13:26:23,146.4,1450,164850
20231206,13:26:33,148.95,200,164850
20231206,13:26:44,146.4,700,164850
20231206,13:26:54,146.95,300,164850
20231206,13:27:15,145.0,150,164850
20231206,13:27:35,144.0,1000,168250
20231206,13:27:56,145.45,50,168250
20231206,13:28:25,144.15,50,168250
20231206,13:29:14,145.05,50,168250
20231206,13:29:24,145.2,100,168250
20231206,13:29:34,145.0,50,168250
20231206,13:30:13,144.15,100,168250
20231206,13:31:44,143.1,350,167400
20231206,13:31:54,142.35,150,167400
20231206,13:32:45,142.35,50,167400
20231206,13:34:38,140.35,100,167600
20231206,13:34:49,141.75,500,167600
20231206,13:35:29,140.45,50,167600
20231206,13:36:11,140.4,50,167600
20231206,13:37:13,140.95,350,168000
20231206,13:37:24,141.9,50,168000
20231206,13:37:34,141.85,50,168000
20231206,13:37:44,140.0,200,168000
20231206,13:40:21,143.35,400,168500
20231206,13:42:05,141.3,250,168500
20231206,13:42:15,140.3,50,168500
20231206,13:47:06,138.0,100,168500
20231206,13:47:27,138.95,50,168500
20231206,13:47:48,137.45,50,168500
20231206,13:48:09,139.15,150,168500
20231206,13:48:20,139.95,450,168500
20231206,13:48:31,140.0,100,168500
20231206,13:48:41,139.25,150,168300
20231206,13:49:02,139.25,50,168300
20231206,13:49:22,139.9,450,168300
20231206,13:50:03,139.1,50,168300
20231206,13:52:15,140.6,50,168350
20231206,13:53:26,139.25,400,168350
20231206,13:55:26,139.3,50,168550
20231206,13:55:56,139.5,50,168550
20231206,13:58:17,138.0,100,168500
20231206,13:58:38,138.0,50,168500
20231206,13:59:16,138.0,100,168500
20231206,14:01:47,137.0,150,168400
20231206,14:03:16,137.05,100,168400
20231206,14:03:36,137.25,50,168550
20231206,14:04:06,137.0,50,168550
20231206,14:04:16,137.0,50,168550
20231206,14:04:25,137.05,50,168550
20231206,14:04:35,137.0,100,168550
20231206,14:05:24,137.0,650,168550
20231206,14:07:32,137.0,50,169400
20231206,14:08:11,136.5,50,169400
20231206,14:09:43,137.75,400,169400
20231206,14:09:53,136.45,50,169400
20231206,14:10:02,136.55,50,169400
20231206,14:11:08,136.0,50,169400
20231206,14:11:27,136.0,50,169400
20231206,14:11:36,136.0,50,169400
20231206,14:11:46,136.55,350,169400
20231206,14:12:14,136.5,100,169400
20231206,14:13:22,136.5,100,168800
20231206,14:13:31,136.2,200,168800
20231206,14:14:56,135.45,50,168800
20231206,14:15:15,135.6,50,168800
20231206,14:15:45,135.25,100,168750
20231206,14:15:55,135.05,50,168750
20231206,14:16:25,135.05,100,168750
20231206,14:16:35,135.0,300,168750
20231206,14:17:06,135.05,50,168750
20231206,14:17:15,135.0,50,168750
20231206,14:17:46,133.6,350,168750
20231206,14:17:55,133.3,100,168750
20231206,14:18:05,134.85,450,168750
20231206,14:18:15,133.95,100,168750
20231206,14:18:25,134.0,100,168750
20231206,14:18:34,133.95,50,168350
20231206,14:18:44,133.1,100,168350
20231206,14:18:54,134.6,500,168350
20231206,14:19:14,134.0,600,168350
20231206,14:20:51,133.05,100,168350
20231206,14:21:01,132.15,100,168350
20231206,14:21:21,132.15,250,168350
20231206,14:21:42,132.35,1050,168150
20231206,14:21:52,132.05,150,168150
20231206,14:22:02,132.45,800,168150
20231206,14:22:12,132.55,100,168150
20231206,14:22:31,134.8,300,168150
20231206,14:22:51,134.75,400,168150
20231206,14:23:01,134.8,200,168150
20231206,14:23:35,133.45,300,168150
20231206,14:23:37,134.8,100,168150
20231206,14:23:47,133.4,50,168150
20231206,14:24:02,132.95,100,168150
20231206,14:24:11,134.15,50,168150
20231206,14:24:37,134.9,200,168650
20231206,14:24:39,134.9,500,168650
20231206,14:24:53,134.95,50,168650
20231206,14:25:00,134.15,50,168650
20231206,14:25:16,136.0,50,168650
20231206,14:25:51,133.65,100,168650
20231206,14:26:20,136.55,150,168650
20231206,14:26:59,134.7,100,168650
20231206,14:27:40,134.75,100,169000
20231206,14:27:50,134.75,100,169000
20231206,14:28:20,136.45,600,169000
20231206,14:28:30,134.4,100,169000
20231206,14:29:10,133.65,150,169000
20231206,14:30:30,134.4,100,169000
20231206,14:31:59,133.65,50,169300
20231206,14:32:18,134.85,500,169300
20231206,14:32:27,133.5,250,169300
20231206,14:32:47,133.0,200,169300
20231206,14:32:57,134.0,50,169300
20231206,14:33:17,134.4,650,169300
20231206,14:33:26,134.45,50,169300
20231206,14:33:36,134.85,500,168700
20231206,14:33:46,134.7,50,168700
20231206,14:33:56,134.75,250,168700
20231206,14:34:06,134.15,400,168700
20231206,14:34:26,134.0,100,168700
20231206,14:34:36,134.0,100,168700
20231206,14:35:26,133.0,400,168700
20231206,14:36:19,132.25,150,168700
20231206,14:36:36,133.0,350,169700
20231206,14:37:04,134.05,200,169700
20231206,14:37:09,134.0,250,169700
20231206,14:37:11,134.0,250,169700
20231206,14:37:40,133.0,100,169700
20231206,14:38:00,134.0,1200,169700
20231206,14:38:29,134.0,1000,169700
20231206,14:39:18,134.05,100,169700
20231206,14:39:29,134.0,1500,169700
20231206,14:39:38,134.0,500,173700
20231206,14:40:46,134.0,100,173700
20231206,14:41:35,134.0,1000,173700
20231206,14:42:42,134.0,1200,175000
20231206,14:43:00,134.7,100,175000
20231206,14:43:42,132.65,50,175000
20231206,14:43:52,133.0,650,175000
20231206,14:44:03,133.0,400,175000
20231206,14:44:13,133.75,1200,175000
20231206,14:44:33,133.0,50,175000
20231206,14:45:23,133.5,300,175000
20231206,14:46:51,134.0,150,178250
20231206,14:47:01,134.2,450,178250
20231206,14:47:20,134.2,450,178250
20231206,14:47:39,134.1,200,178250
20231206,14:47:58,133.55,50,178250
20231206,14:48:36,134.8,500,178600
20231206,14:49:43,135.0,500,178600
20231206,14:50:02,134.25,500,178600
20231206,14:50:11,135.6,200,178600
20231206,14:51:38,133.2,600,178600
20231206,14:52:57,133.0,50,179900
20231206,14:53:29,132.95,200,179900
20231206,14:53:39,133.0,50,179900
20231206,14:57:43,134.75,600,180200
20231206,14:58:24,132.35,250,180250
20231206,14:58:46,132.35,200,180250
20231206,14:58:56,132.45,300,180250
20231206,14:59:17,132.45,600,180250
20231206,15:00:21,132.05,50,180250
20231206,15:01:24,131.85,50,179950
20231206,15:01:55,132.5,100,179950
20231206,15:02:07,132.85,350,179950
20231206,15:02:18,133.45,350,179950
20231206,15:02:29,136.95,100,179950
20231206,15:03:02,133.0,300,179950
20231206,15:04:38,132.8,50,179900
20231206,15:05:18,136.7,500,179900
20231206,15:05:38,136.3,750,179900
20231206,15:05:58,134.05,1500,179900
20231206,15:06:08,134.1,300,179900
20231206,15:06:29,133.5,50,179900
20231206,15:06:50,133.0,100,179850
20231206,15:07:01,132.0,50,179850
20231206,15:07:22,131.3,250,179850
20231206,15:07:33,131.0,300,179850
20231206,15:07:44,131.0,400,179850
20231206,15:08:05,131.0,50,179850
20231206,15:08:16,131.25,200,179850
20231206,15:08:27,130.9,200,179850
20231206,15:08:59,130.0,900,179850
20231206,15:09:30,130.0,100,179850
20231206,15:09:41,130.9,200,179550
20231206,15:09:51,130.8,100,179550
20231206,15:10:02,130.85,300,179550
20231206,15:10:43,130.5,100,179550
20231206,15:10:53,131.0,50,179550
20231206,15:11:13,132.2,900,179550
20231206,15:11:23,134.7,1400,179550
20231206,15:11:33,130.5,1700,179550
20231206,15:11:43,133.5,900,179550
20231206,15:11:53,130.5,250,179550
20231206,15:12:03,130.5,800,179550
20231206,15:12:13,130.5,50,179550
20231206,15:12:53,130.5,100,177350
20231206,15:13:44,130.5,100,177350
20231206,15:13:54,130.0,400,177350
20231206,15:14:15,130.0,500,177350
20231206,15:14:25,130.8,350,177350
20231206,15:14:35,130.0,1500,177350
20231206,15:14:54,129.55,500,177350
20231206,15:15:25,129.55,500,177350
20231206,15:15:36,130.85,500,177350
20231206,15:16:07,130.8,500,176800
20231206,15:16:17,132.35,1000,176800
20231206,15:16:28,130.2,600,176800
20231206,15:16:38,131.95,600,176800
20231206,15:16:59,131.0,600,176800
20231206,15:17:09,130.75,1150,176800
20231206,15:17:29,130.5,700,176800
20231206,15:18:22,132.0,50,176800
20231206,15:18:32,130.6,1100,176800
20231206,15:19:02,130.5,650,178650
20231206,15:19:33,130.85,50,178650
20231206,15:20:25,131.45,150,178650
20231206,15:20:57,131.3,900,178650
20231206,15:21:08,131.2,50,178650
20231206,15:21:28,131.0,200,178650
20231206,15:22:09,130.6,50,178050
20231206,15:22:50,130.5,50,178050
20231206,15:23:01,129.55,200,178050
20231206,15:23:33,130.7,650,178050
20231206,15:23:44,129.3,50,178050
20231206,15:24:05,128.1,600,178050
20231206,15:24:15,128.1,250,178050
20231206,15:24:37,129.95,500,178050
20231206,15:24:48,128.7,500,178250
20231206,15:25:19,129.95,500,178250
20231206,15:25:29,128.7,500,178250
20231206,15:25:49,129.0,50,178250
20231206,15:26:09,127.4,50,178250
20231206,15:26:31,127.4,1050,178250
20231206,15:26:40,128.25,250,178250
20231206,15:26:50,126.8,800,178250
20231206,15:27:12,132.35,1000,178250
20231206,15:27:24,126.85,850,178250
20231206,15:27:35,127.0,150,178250
20231206,15:27:46,126.8,50,178250
20231206,15:27:56,126.6,100,178000
20231206,15:28:06,126.6,50,178000
20231206,15:28:17,126.5,450,178000
20231206,15:28:27,126.5,100,178000
20231206,15:28:29,128.75,50,178000
20231206,15:28:50,127.0,50,178000
20231206,15:29:04,127.0,250,178000
20231206,15:29:23,127.0,50,178000
20231206,15:29:29,126.5,200,178000
20231207,09:15:45,139.95,1,177950
20231207,09:15:45,139.95,50,177950
20231207,09:15:55,132.75,50,177950
20231207,09:16:05,132.75,50,177950
20231207,09:17:13,133.4,50,177950
20231207,09:17:43,133.4,50,177900
20231207,09:18:52,136.0,100,177900
20231207,09:19:13,135.95,50,177900
20231207,09:19:23,135.0,150,177900
20231207,09:19:34,135.0,100,177900
20231207,09:19:44,135.2,200,177900
20231207,09:20:15,135.2,50,177900
20231207,09:20:25,131.85,2050,177900
20231207,09:20:45,131.85,600,179550
20231207,09:20:55,134.75,100,179550
20231207,09:21:15,133.9,50,179550
20231207,09:21:25,133.0,200,179550
20231207,09:21:35,134.85,150,179550
20231207,09:21:55,133.0,150,179550
20231207,09:22:05,134.9,50,179550
20231207,09:22:35,132.85,250,179550
20231207,09:23:47,132.85,1000,179200
20231207,09:23:57,134.15,100,179200
20231207,09:27:11,135.55,250,179200
20231207,09:28:56,137.05,150,179200
20231207,09:30:52,136.6,250,179400
20231207,09:31:03,135.55,50,179400
20231207,09:31:14,135.0,50,179400
20231207,09:31:35,134.95,150,179400
20231207,09:32:18,135.25,100,179400
20231207,09:32:28,135.0,150,179400
20231207,09:34:20,135.05,50,179400
20231207,09:34:51,134.7,450,179400
20231207,09:35:01,134.5,500,179400
20231207,09:35:12,134.65,100,179400
20231207,09:35:22,134.55,100,179400
20231207,09:36:14,134.95,150,179600
20231207,09:37:15,134.45,200,179600
20231207,09:38:30,134.0,300,179600
20231207,09:39:46,132.15,50,179500
20231207,09:40:17,133.0,100,179500
20231207,09:42:00,133.0,50,179400
20231207,09:42:41,133.0,100,179400
20231207,09:43:52,133.05,50,179400
20231207,09:44:13,132.95,1850,179400
20231207,09:44:43,134.0,50,177600
20231207,09:46:16,134.4,200,177600
20231207,09:46:25,134.0,50,177600
20231207,09:47:34,134.0,200,177600
20231207,09:48:25,134.45,100,177600
20231207,09:48:56,135.0,500,177600
20231207,09:49:57,135.0,100,177600
20231207,09:50:07,135.0,200,177600
20231207,09:52:19,134.0,550,178000
20231207,09:53:49,133.95,50,178100
20231207,09:53:59,133.6,150,178100
20231207,09:54:28,134.0,400,178100
20231207,10:00:44,134.1,100,178050
20231207,10:02:58,134.1,50,178050
20231207,10:03:18,134.0,50,178050
20231207,10:04:06,134.75,50,178050
20231207,10:04:16,134.5,50,178050
20231207,10:05:04,134.65,50,178050
20231207,10:05:34,134.7,50,178050
20231207,10:06:12,134.75,50,178200
20231207,10:06:50,133.5,250,178200
20231207,10:09:51,134.0,600,178300
20231207,10:11:14,135.0,200,178300
20231207,10:11:44,134.05,250,179100
20231207,10:11:54,133.45,150,179100
20231207,10:12:03,133.0,150,179100
20231207,10:12:43,133.75,250,179100
20231207,10:13:33,135.0,100,179100
20231207,10:13:52,134.2,100,179100
20231207,10:14:22,134.2,50,179100
20231207,10:14:41,134.5,50,179100
20231207,10:15:09,134.55,200,178900
20231207,10:15:18,134.55,100,178900
20231207,10:15:28,135.0,50,178900
20231207,10:15:46,134.5,400,178900
20231207,10:16:25,135.0,100,178900
20231207,10:18:39,134.05,50,179550
20231207,10:18:59,134.0,100,179550
20231207,10:19:47,137.1,500,179550
20231207,10:20:16,134.15,950,179550
20231207,10:20:27,134.5,500,179550
20231207,10:20:47,134.15,500,180450
20231207,10:21:07,134.7,50,180450
20231207,10:21:39,134.7,100,180450
20231207,10:22:17,134.7,50,180450
20231207,10:23:29,133.35,200,180450
20231207,10:23:39,133.95,1000,180450
20231207,10:24:07,133.05,100,181950
20231207,10:24:09,133.0,1000,181950
20231207,10:24:52,133.0,50,181950
20231207,10:27:10,132.65,300,183100
20231207,10:27:40,134.0,500,183100
20231207,10:34:11,133.0,1000,183900
20231207,10:36:01,132.9,1150,184550
20231207,10:36:41,132.5,50,184550
20231207,10:37:48,132.5,50,184550
20231207,10:39:43,132.5,50,185550
20231207,10:40:10,131.05,50,185550
20231207,10:40:19,131.05,1150,185550
20231207,10:40:40,131.0,100,185550
20231207,10:41:01,129.9,800,185550
20231207,10:44:11,129.9,650,186850
20231207,10:46:52,129.85,150,187500
20231207,10:47:21,128.65,1000,187500
20231207,10:48:00,128.65,50,188150
20231207,10:49:55,130.05,50,188150
20231207,10:50:51,130.35,100,188100
20231207,10:51:32,130.0,300,188100
20231207,10:51:37,130.0,50,188100
20231207,10:51:59,128.05,550,188100
20231207,10:52:10,130.35,500,188100
20231207,10:53:00,128.25,50,188100
20231207,10:53:12,128.0,150,188100
20231207,10:53:23,128.0,250,188100
20231207,10:53:34,128.4,50,188100
20231207,10:56:13,128.25,200,189700
20231207,10:57:14,127.85,100,189800
20231207,10:58:26,127.85,100,189800
20231207,10:58:46,128.0,250,189800
20231207,11:00:06,129.05,100,189700
20231207,11:00:16,129.5,1000,189700
20231207,11:00:28,129.5,1000,189700
20231207,11:00:30,129.0,1000,189700
20231207,11:01:45,129.0,150,189700
20231207,11:01:54,129.0,450,189700
20231207,11:02:04,129.0,500,189700
20231207,11:03:44,128.25,150,193200
20231207,11:04:36,128.2,900,193200
20231207,11:05:32,127.85,50,193200
20231207,11:05:43,127.85,150,193200
20231207,11:05:54,126.95,100,193200
20231207,11:06:05,128.25,100,194250
20231207,11:06:48,128.2,1000,194250
20231207,11:07:09,126.1,100,194250
20231207,11:08:10,126.1,150,194250
20231207,11:08:21,126.0,150,194250
20231207,11:09:32,126.05,50,195200
20231207,11:10:03,126.85,50,195200
20231207,11:10:44,126.9,100,195200
20231207,11:11:04,128.05,200,195200
20231207,11:11:15,128.55,1150,195200
20231207,11:13:24,128.0,1000,196500
20231207,11:14:23,128.0,50,196500
20231207,11:14:32,128.0,850,196500
20231207,11:15:33,128.0,500,198400
20231207,11:15:54,128.65,250,198400
20231207,11:16:04,128.7,50,198400
20231207,11:16:43,128.9,50,198400
20231207,11:17:43,127.95,50,198400
20231207,11:18:03,128.9,200,199100
20231207,11:18:08,128.05,100,199100
20231207,11:18:22,128.25,50,199100
20231207,11:19:44,127.2,300,199100
20231207,11:21:45,129.2,50,199300
20231207,11:22:35,128.0,100,199300
20231207,11:26:03,128.0,100,199300
20231207,11:28:05,128.1,50,199300
20231207,11:29:13,128.4,50,199300
20231207,11:30:04,129.85,50,199250
20231207,11:30:14,128.4,50,199250
20231207,11:38:27,128.4,50,199300
20231207,11:39:15,128.4,50,199300
20231207,11:43:08,128.4,50,199300
20231207,11:44:49,127.0,50,199300
20231207,11:47:47,129.05,300,199350
20231207,11:48:15,129.4,300,199150
20231207,11:49:20,129.75,500,199150
20231207,11:51:02,128.15,50,199100
20231207,11:51:53,128.05,50,199100
20231207,11:52:03,128.9,750,199100
20231207,11:52:43,128.0,350,199100
20231207,11:52:53,126.35,150,199100
20231207,11:53:14,128.1,200,199100
20231207,11:53:25,128.8,100,199100
20231207,11:55:39,129.05,100,200300
20231207,11:56:01,128.75,100,200300
20231207,11:58:16,128.75,100,200200
20231207,11:59:21,128.0,50,200200
20231207,11:59:58,129.0,100,200200
20231207,12:00:17,129.25,100,200100
20231207,12:00:46,129.55,350,200100
20231207,12:01:35,130.0,1000,200100
20231207,12:05:44,127.65,50,199850
20231207,12:06:19,128.0,50,199850
20231207,12:07:12,128.05,50,199850
20231207,12:08:05,128.8,50,199850
20231207,12:08:33,128.0,50,199850
20231207,12:15:16,127.8,300,199950
20231207,12:18:03,127.8,100,199850
20231207,12:19:06,128.9,100,199850
20231207,12:19:27,129.9,50,199850
20231207,12:20:32,128.25,50,199850
20231207,12:27:06,130.0,50,199900
20231207,12:27:58,127.55,200,199900
20231207,12:30:50,129.85,100,200050
20231207,12:32:33,129.95,50,200050
20231207,12:33:12,130.0,200,200100
20231207,12:33:53,129.3,50,200100
20231207,12:34:44,130.0,100,200100
20231207,12:34:55,130.0,50,200100
20231207,12:37:21,129.0,50,200200
20231207,12:39:19,129.0,100,200200
20231207,12:40:31,129.0,200,200200
20231207,12:40:59,127.6,50,200200
20231207,12:51:50,128.95,50,200500
20231207,12:58:49,128.95,350,200500
20231207,13:04:02,128.65,50,200500
20231207,13:07:25,129.0,500,200500
20231207,13:08:13,129.0,600,200500
20231207,13:11:09,128.5,500,201200
20231207,13:11:36,128.0,200,201200
20231207,13:11:45,128.0,50,201200
20231207,13:12:11,128.5,250,201950
20231207,13:13:16,128.5,50,201950
20231207,13:17:29,127.25,250,202250
20231207,13:20:00,127.05,200,202450
20231207,13:20:20,127.05,50,202450
20231207,13:21:58,127.0,300,202450
20231207,13:25:16,128.0,250,202450
20231207,13:25:35,128.0,250,202450
20231207,13:29:31,128.0,500,202950
20231207,13:29:58,128.0,50,202950
20231207,13:30:17,128.0,450,203500
20231207,13:30:27,128.0,50,203500
20231207,13:30:55,128.0,450,203500
20231207,13:31:16,127.55,500,203500
20231207,13:32:40,127.0,50,203500
20231207,13:34:06,127.0,450,205000
20231207,13:34:25,125.25,100,205000
20231207,13:35:23,125.25,100,205000
20231207,13:35:43,127.0,400,205000
20231207,13:36:03,127.05,250,205000
20231207,13:36:13,125.35,50,206150
20231207,13:36:41,124.95,950,206150
20231207,13:37:32,126.0,250,206150
20231207,13:38:38,126.05,50,206150
20231207,13:39:04,126.9,250,206150
20231207,13:39:23,126.9,50,206400
20231207,13:41:59,124.45,250,206400
20231207,13:42:08,124.45,1900,206400
20231207,13:44:47,124.95,100,206850
20231207,13:47:17,126.65,100,206850
20231207,13:48:19,125.9,50,206850
20231207,13:48:27,126.0,150,206850
20231207,13:49:51,126.9,50,206850
20231207,13:55:59,125.2,200,206900
20231207,13:56:31,125.4,50,206900
20231207,13:57:47,125.35,50,206950
20231207,13:58:03,126.0,50,206950
20231207,13:59:21,125.25,50,206950
20231207,13:59:40,126.4,50,206950
20231207,14:02:04,125.05,100,206950
20231207,14:02:30,125.0,500,206950
20231207,14:03:39,125.0,50,207050
20231207,14:03:56,126.0,200,207050
20231207,14:04:38,125.9,50,207050
20231207,14:05:50,125.0,150,207050
20231207,14:05:59,125.45,150,207050
20231207,14:06:27,125.2,450,206900
20231207,14:07:04,125.25,150,206900
20231207,14:08:13,125.25,100,206900
20231207,14:09:08,125.75,150,206900
20231207,14:10:15,126.3,250,207000
20231207,14:13:03,126.45,50,207000
20231207,14:13:44,125.6,50,207000
20231207,14:16:36,126.85,150,207000
20231207,14:16:56,127.0,50,207000
20231207,14:19:36,124.8,50,207000
20231207,14:19:46,126.0,50,207000
20231207,14:20:41,126.2,50,207000
20231207,14:20:49,126.15,100,207000
20231207,14:22:56,126.6,600,207050
20231207,14:23:13,126.9,550,207050
20231207,14:23:22,127.55,550,207050
20231207,14:24:45,126.45,50,208450
20231207,14:25:17,126.1,100,208450
20231207,14:26:32,127.05,500,208450
20231207,14:28:14,126.1,450,208950
20231207,14:28:24,126.95,150,208950
20231207,14:30:26,125.9,50,209450
20231207,14:30:51,123.9,50,209450
20231207,14:31:42,122.0,400,209450
20231207,14:32:14,121.55,400,209450
20231207,14:33:15,121.55,450,209450
20231207,14:33:53,124.0,50,209650
20231207,14:34:12,122.75,300,209650
20231207,14:44:04,124.75,50,209650
20231207,14:46:13,124.3,50,209650
20231207,14:47:23,124.55,50,209650
20231207,14:48:25,125.65,200,209600
20231207,14:49:15,125.75,50,209600
20231207,14:49:36,127.1,50,209600
20231207,14:49:46,126.2,50,209600
20231207,14:49:57,126.0,50,209600
20231207,14:50:07,126.0,50,209600
20231207,14:51:44,126.0,50,209350
20231207,14:53:04,124.05,100,209350
20231207,14:53:23,125.15,250,209350
20231207,14:53:43,124.45,100,209350
20231207,14:54:43,126.0,550,209150
20231207,14:55:13,125.45,50,209150
20231207,14:55:43,124.95,50,209150
