date,time,tick_price,volume,open_interest
20231222,11:43:06,478.45,100,100
20231222,11:47:45,475.95,50,100
20231222,12:02:47,470.45,150,150
20231222,12:03:11,464.5,150,300
20231222,12:04:58,464.5,100,300
20231222,12:08:28,475.45,50,250
20231222,12:09:08,478.0,400,300
20231222,12:09:56,478.2,400,300
20231222,12:13:19,476.1,50,1100
20231222,12:13:26,475.55,50,1100
20231222,12:13:41,476.2,50,1100
20231222,12:13:57,477.2,50,1100
20231222,12:14:54,486.15,400,1100
20231222,12:15:11,486.15,400,1700
20231222,12:19:38,499.2,50,2100
20231222,12:24:52,499.2,50,2150
20231222,13:02:35,490.35,50,2200
20231222,13:03:01,481.75,200,2200
20231222,13:03:09,484.65,50,2450
20231222,13:34:44,505.35,100,2500
20231222,13:39:56,520.8,100,2600
20231222,13:42:51,532.7,100,2700
20231222,13:43:18,537.8,200,2700
20231222,13:53:17,563.05,50,3000
20231222,13:53:56,563.05,50,3000
20231222,13:54:40,538.65,50,3000
20231226,09:18:28,500.0,1,2850
20231226,09:18:28,500.0,50,2850
20231226,10:31:13,434.05,50,2850
20231226,10:41:04,412.95,50,2800
20231226,11:45:58,412.95,50,2850
20231226,12:46:32,443.55,50,2900
20231226,15:02:19,454.05,150,2850
20231226,15:18:21,428.0,50,2950
20231226,15:19:06,426.95,50,3000
20231226,15:25:51,417.2,50,3050
20231227,09:20:38,389.3,1,3050
20231227,09:20:38,389.3,50,3050
20231227,09:28:25,388.0,50,3100
20231227,09:36:10,385.0,50,3150
20231227,09:36:43,383.0,350,3150
20231227,09:38:26,381.1,450,3150
20231227,09:38:43,380.25,250,3150
20231227,09:40:10,373.25,50,3450
20231227,09:50:04,367.75,100,3450
20231227,09:50:31,367.75,400,3450
20231227,09:50:57,367.65,300,3850
20231227,10:04:27,367.65,400,4150
20231227,10:04:44,367.85,300,4150
20231227,10:07:48,368.0,50,4800
20231227,10:10:36,372.1,100,4850
20231227,10:10:45,371.3,350,4850
20231227,10:40:26,362.95,600,5300
20231227,10:44:25,362.95,500,5900
20231227,10:48:05,360.0,50,6300
20231227,10:58:13,360.0,100,6300
20231227,11:26:50,358.0,50,6200
20231227,11:28:45,358.0,250,6200
20231227,11:29:01,358.3,250,6200
20231227,11:32:17,355.7,100,6200
20231227,11:38:50,353.8,100,6200
20231227,12:07:54,340.05,50,6150
20231227,12:08:30,340.05,250,6150
20231227,12:08:40,338.0,100,6150
20231227,12:09:08,338.0,350,6150
20231227,12:09:42,341.0,200,6500
20231227,12:12:21,345.0,350,6700
20231227,12:14:15,345.65,250,6700
20231227,12:15:11,349.95,50,6550
20231227,12:24:35,375.0,50,6550
20231227,12:33:15,380.75,50,6550
20231227,12:50:24,356.65,250,6500
20231227,12:52:29,357.9,100,6250
20231227,12:53:31,351.6,700,6250
20231227,12:53:51,351.1,400,6250
20231227,13:01:40,368.5,50,5950
20231227,13:06:11,373.5,300,5950
20231227,13:09:16,378.3,50,5650
20231227,13:32:55,367.55,50,5650
20231227,13:52:11,356.55,50,5700
20231227,14:03:06,346.25,50,5700
20231227,14:04:13,350.5,50,5700
20231227,14:13:21,353.25,150,5650
20231227,14:16:56,355.1,50,5650
20231227,14:18:47,349.3,50,5600
20231227,14:18:55,349.1,250,5600
20231227,14:34:09,351.15,50,5650
20231227,14:35:05,350.0,50,5650
20231227,14:35:29,349.0,50,5650
20231227,14:36:00,350.0,50,5650
20231227,14:36:41,343.6,50,5700
20231227,14:42:54,331.7,50,5700
20231227,14:45:12,328.55,100,5700
20231227,14:48:33,327.55,50,5750
20231227,15:00:33,324.5,450,5900
20231227,15:00:54,318.0,300,5900
20231227,15:01:36,313.5,350,5900
20231227,15:01:48,310.0,400,5900
20231227,15:01:59,305.5,600,5900
20231227,15:02:10,308.5,550,5900
20231227,15:03:01,300.0,50,5900
20231227,15:03:11,300.0,50,5900
20231227,15:03:22,298.2,150,5900
20231227,15:04:12,298.05,200,6800
20231227,15:04:22,298.05,100,6800
20231227,15:04:32,299.35,50,6800
20231227,15:04:42,298.95,300,6800
20231227,15:05:39,298.1,50,6800
20231227,15:05:59,297.25,350,6800
20231227,15:07:00,291.05,150,7250
20231227,15:07:11,290.0,400,7250
20231227,15:07:32,288.0,150,7250
20231227,15:07:41,288.0,100,7250
20231227,15:07:51,289.45,50,7250
20231227,15:08:12,284.85,650,7250
20231227,15:08:21,287.0,50,7250
20231227,15:08:44,287.8,50,7250
20231227,15:08:46,289.0,500,7250
20231227,15:10:42,292.0,50,8200
20231227,15:11:09,291.05,50,8200
20231227,15:11:17,292.7,50,8200
20231227,15:11:53,293.25,200,8200
20231227,15:12:59,287.45,100,8400
20231227,15:13:49,290.9,50,8400
20231227,15:16:38,296.4,150,8500
20231227,15:18:20,296.7,250,8500
20231227,15:20:11,298.35,50,8750
20231227,15:20:18,298.1,100,8750
20231227,15:21:26,297.4,100,8750
20231227,15:22:19,296.7,400,8900
20231227,15:22:27,297.6,400,8900
20231227,15:23:04,301.35,1500,8900
20231227,15:23:32,302.05,100,8900
20231227,15:24:28,300.3,100,8900
20231227,15:25:05,300.3,150,10400
20231227,15:26:13,299.15,150,10400
20231227,15:27:56,292.65,150,10550
20231227,15:28:34,293.85,50,10550
20231228,09:15:24,293.85,1,10400
20231228,09:15:24,293.85,50,10400
20231228,09:15:42,277.8,250,10400
20231228,09:15:58,279.7,100,10400
20231228,09:16:06,277.95,50,10400
20231228,09:16:15,275.0,150,10400
20231228,09:16:25,271.5,250,10400
20231228,09:17:33,271.5,50,10400
20231228,09:18:06,276.6,900,10950
20231228,09:18:14,276.6,50,10950
20231228,09:18:30,277.85,50,10950
20231228,09:19:03,277.3,900,10950
20231228,09:19:29,278.55,200,10950
20231228,09:19:37,279.05,100,10950
20231228,09:20:11,275.65,50,10950
20231228,09:20:20,275.0,400,10950
20231228,09:20:39,270.0,350,10950
20231228,09:20:59,270.0,50,12900
20231228,09:21:41,269.0,50,12900
20231228,09:21:52,268.6,100,12900
20231228,09:22:13,267.0,350,12900
20231228,09:23:35,267.0,150,12900
20231228,09:23:57,269.05,50,13350
20231228,09:23:58,269.0,350,13350
20231228,09:24:25,267.0,50,13350
20231228,09:24:47,267.0,50,13350
20231228,09:24:55,267.5,350,13350
20231228,09:25:30,269.1,300,13350
20231228,09:25:38,269.5,550,13350
20231228,09:25:47,269.8,200,13350
20231228,09:26:06,270.55,600,13350
20231228,09:26:14,272.0,150,13350
20231228,09:26:16,272.0,50,13350
20231228,09:26:17,273.05,100,13350
20231228,09:26:25,272.25,400,13350
20231228,09:26:30,271.65,50,13350
20231228,09:26:31,272.1,50,13350
20231228,09:26:32,272.55,50,13350
20231228,09:26:39,271.4,150,13350
20231228,09:26:48,271.15,300,13350
20231228,09:26:50,271.9,50,13350
20231228,09:27:03,271.85,200,14250
20231228,09:27:23,272.45,50,14250
20231228,09:27:25,272.65,100,14250
20231228,09:27:26,272.65,50,14250
20231228,09:27:28,270.95,150,14250
20231228,09:27:29,270.15,150,14250
20231228,09:27:31,270.45,50,14250
20231228,09:27:34,270.65,50,14250
20231228,09:27:38,270.55,300,14250
20231228,09:27:39,270.35,50,14250
20231228,09:27:47,269.7,100,14250
20231228,09:27:48,269.9,300,14250
20231228,09:27:52,269.55,200,14250
20231228,09:27:54,269.5,400,14250
20231228,09:27:56,269.6,350,14250
20231228,09:27:57,268.5,50,14250
20231228,09:27:58,269.0,200,14250
20231228,09:27:59,269.4,150,14250
20231228,09:28:01,269.5,200,14250
20231228,09:28:05,268.8,150,14250
20231228,09:28:09,269.55,100,14250
20231228,09:28:10,269.5,50,14250
20231228,09:28:12,269.5,100,14250
20231228,09:28:20,270.3,200,14250
20231228,09:28:21,270.6,100,14250
20231228,09:28:23,270.95,250,14250
20231228,09:28:24,270.2,100,14250
20231228,09:28:25,270.4,50,14250
20231228,09:28:26,270.7,150,14250
20231228,09:28:28,270.45,350,14250
20231228,09:28:29,270.7,250,14250
20231228,09:28:30,270.7,200,14250
20231228,09:28:31,270.5,100,14250
20231228,09:28:32,270.9,50,14250
20231228,09:28:37,270.65,100,14250
20231228,09:28:39,271.45,100,14250
20231228,09:28:40,271.5,500,14250
20231228,09:28:41,272.4,200,14250
20231228,09:28:43,272.85,250,14250
20231228,09:28:51,271.75,200,14250
20231228,09:28:55,273.5,50,14250
20231228,09:29:02,273.65,400,14250
20231228,09:29:18,274.0,50,14250
20231228,09:29:20,274.45,250,14250
20231228,09:29:26,274.1,150,14250
20231228,09:29:33,274.65,150,14250
20231228,09:29:40,275.05,50,14250
20231228,09:29:42,274.25,350,14250
20231228,09:29:45,273.85,2150,14250
20231228,09:29:50,274.8,450,14250
20231228,09:29:54,274.9,50,14250
20231228,09:29:58,275.95,500,17050
20231228,09:29:59,274.7,50,17050
20231228,09:30:01,273.85,150,17050
20231228,09:30:18,273.2,50,17050
20231228,09:30:22,270.2,100,17050
20231228,09:30:25,271.05,100,17050
20231228,09:30:31,272.25,100,17050
20231228,09:30:31,272.75,150,17050
20231228,09:30:32,272.05,50,17050
20231228,09:30:34,272.25,150,17050
20231228,09:30:38,272.45,50,17050
20231228,09:30:40,273.45,100,17050
20231228,09:30:45,273.5,50,17050
20231228,09:30:47,272.9,100,17050
20231228,09:30:48,272.65,250,17050
20231228,09:30:49,273.05,50,17050
20231228,09:30:51,272.6,100,17050
20231228,09:30:53,272.2,50,17050
20231228,09:30:54,273.05,350,17050
20231228,09:30:55,273.4,150,17050
20231228,09:30:56,273.4,150,17050
20231228,09:30:57,273.1,100,17050
20231228,09:30:59,272.3,50,17050
20231228,09:31:00,272.95,350,17050
20231228,09:31:14,273.15,50,17050
20231228,09:31:24,273.3,50,17050
20231228,09:31:29,273.35,50,17050
20231228,09:31:34,272.8,50,17050
20231228,09:31:35,272.8,50,17050
20231228,09:31:37,273.15,100,17050
20231228,09:31:38,273.3,50,17050
20231228,09:31:39,273.2,50,17050
20231228,09:31:40,273.7,50,17050
20231228,09:31:42,273.35,50,17050
20231228,09:31:45,273.25,50,17050
20231228,09:31:47,272.95,50,17050
20231228,09:31:52,271.7,50,17050
20231228,09:31:54,272.8,200,17050
20231228,09:31:55,273.25,200,17050
20231228,09:31:56,273.1,200,17050
20231228,09:31:57,273.5,150,17050
20231228,09:32:02,272.75,50,17050
20231228,09:32:03,273.15,250,17050
20231228,09:32:06,273.2,250,17050
20231228,09:32:10,273.7,50,17050
20231228,09:32:13,273.7,650,17050
20231228,09:32:16,273.45,100,17050
20231228,09:32:18,273.5,100,17050
20231228,09:32:19,274.0,100,17050
20231228,09:32:25,270.8,50,17050
20231228,09:32:26,271.2,50,17050
20231228,09:32:35,270.9,50,17050
20231228,09:32:37,270.25,50,17050
20231228,09:32:39,271.3,50,17050
20231228,09:32:41,270.5,150,17050
20231228,09:32:47,271.75,50,17050
20231228,09:32:52,271.4,50,17050
20231228,09:33:03,271.5,150,21050
20231228,09:33:42,272.35,150,21050
20231228,09:33:43,272.5,100,21050
20231228,09:33:45,272.6,50,21050
20231228,09:33:47,271.5,50,21050
20231228,09:33:48,271.75,100,21050
20231228,09:33:49,272.05,200,21050
20231228,09:33:50,272.15,50,21050
20231228,09:33:53,272.5,100,21050
20231228,09:33:54,272.65,50,21050
20231228,09:33:56,272.8,50,21050
20231228,09:34:01,272.75,50,21050
20231228,09:34:05,273.0,350,21050
20231228,09:34:06,273.4,50,21050
20231228,09:34:08,273.55,50,21050
20231228,09:34:11,273.3,50,21050
20231228,09:34:12,273.4,100,21050
20231228,09:34:15,273.5,50,21050
20231228,09:34:16,273.5,50,21050
20231228,09:34:18,273.7,100,21050
20231228,09:34:20,276.45,100,21050
20231228,09:34:22,276.55,400,21050
20231228,09:34:23,276.55,50,21050
20231228,09:34:25,278.5,50,21050
20231228,09:34:27,281.7,400,21050
20231228,09:34:28,280.9,50,21050
20231228,09:34:29,280.25,100,21050
20231228,09:34:30,280.55,50,21050
20231228,09:34:31,281.3,100,21050
20231228,09:34:32,283.35,500,21050
20231228,09:34:34,281.45,300,21050
20231228,09:34:36,279.95,550,21050
20231228,09:34:38,278.05,100,21050
20231228,09:34:43,278.1,50,21050
20231228,09:34:47,278.2,200,21050
20231228,09:34:48,278.0,50,21050
20231228,09:34:53,275.5,200,21050
20231228,09:34:55,275.9,50,21050
20231228,09:34:58,275.6,50,21050
20231228,09:35:03,272.8,100,21050
20231228,09:35:07,273.45,150,21050
20231228,09:35:11,274.3,50,21050
20231228,09:35:12,274.8,350,21050
20231228,09:35:13,275.4,150,21050
20231228,09:35:16,275.8,100,21050
20231228,09:35:17,276.75,200,21050
20231228,09:35:19,277.45,100,21050
20231228,09:35:21,276.65,350,21050
20231228,09:35:22,276.35,50,21050
20231228,09:35:25,275.8,50,21050
20231228,09:35:27,274.05,300,21050
20231228,09:35:28,274.5,700,21050
20231228,09:35:30,275.0,450,21050
20231228,09:35:31,274.9,50,21050
20231228,09:35:32,275.0,200,21050
20231228,09:35:35,273.95,50,21050
20231228,09:35:36,275.05,250,21050
20231228,09:35:38,275.7,100,21050
20231228,09:35:40,275.55,100,21050
20231228,09:35:41,275.2,100,21050
20231228,09:35:42,276.1,400,21050
20231228,09:35:44,276.55,150,21050
20231228,09:35:46,276.8,100,21050
20231228,09:35:47,277.1,50,21050
20231228,09:35:49,276.35,50,21050
20231228,09:35:50,276.2,100,21050
20231228,09:35:54,276.1,100,21050
20231228,09:35:55,276.45,100,21050
20231228,09:35:57,276.65,200,21050
20231228,09:35:58,276.6,300,21050
20231228,09:35:59,276.5,100,21050
20231228,09:36:00,276.6,250,27250
20231228,09:36:03,277.0,100,27250
20231228,09:36:04,277.55,350,27250
20231228,09:36:08,278.4,50,27250
20231228,09:36:09,279.0,100,27250
20231228,09:36:11,279.65,50,27250
20231228,09:36:14,279.05,400,27250
20231228,09:36:17,278.5,50,27250
20231228,09:36:19,278.75,100,27250
20231228,09:36:21,279.7,250,27250
20231228,09:36:22,278.85,50,27250
20231228,09:36:23,278.85,50,27250
20231228,09:36:28,278.45,100,27250
20231228,09:36:30,279.45,50,27250
20231228,09:36:33,278.25,100,27250
20231228,09:36:35,279.2,450,27250
20231228,09:36:37,279.2,400,27250
20231228,09:36:38,279.2,350,27250
20231228,09:36:41,279.05,50,27250
20231228,09:36:43,278.95,150,27250
20231228,09:36:44,278.65,50,27250
20231228,09:36:47,277.25,50,27250
20231228,09:36:54,276.1,200,27250
20231228,09:36:55,276.35,100,27250
20231228,09:37:02,276.9,200,27250
20231228,09:37:03,276.4,50,27250
20231228,09:37:05,276.35,100,27250
20231228,09:37:08,276.45,50,27250
20231228,09:37:14,276.35,50,27250
20231228,09:37:15,277.0,50,27250
20231228,09:37:18,277.05,50,27250
20231228,09:37:19,277.4,100,27250
20231228,09:37:27,278.3,50,27250
20231228,09:37:32,278.8,50,27250
20231228,09:37:33,278.85,50,27250
20231228,09:37:35,278.4,100,27250
20231228,09:37:41,278.55,50,27250
20231228,09:37:44,278.35,50,27250
20231228,09:37:45,278.0,50,27250
20231228,09:37:48,278.95,50,27250
20231228,09:37:56,278.95,50,27250
20231228,09:37:59,278.9,50,27250
20231228,09:38:04,279.2,150,27250
20231228,09:38:09,278.0,50,27250
20231228,09:38:13,276.55,150,27250
20231228,09:38:15,276.85,50,27250
20231228,09:38:19,277.35,50,27250
20231228,09:38:26,276.95,50,27250
20231228,09:38:42,277.7,50,27250
20231228,09:38:55,277.0,50,27250
20231228,09:39:09,278.1,100,31650
20231228,09:39:10,278.3,50,31650
20231228,09:39:23,275.0,100,31650
20231228,09:39:24,275.0,150,31650
20231228,09:39:44,275.05,100,31650
20231228,09:39:46,275.7,100,31650
20231228,09:40:11,275.95,300,31650
20231228,09:40:19,276.45,50,31650
20231228,09:40:29,276.5,100,31650
20231228,09:40:30,278.35,50,31650
20231228,09:40:31,277.55,50,31650
20231228,09:40:33,277.55,100,31650
20231228,09:40:34,277.95,500,31650
20231228,09:40:35,277.9,200,31650
20231228,09:40:36,278.3,200,31650
20231228,09:40:37,278.65,100,31650
20231228,09:40:39,278.55,250,31650
20231228,09:40:41,278.5,50,31650
20231228,09:40:42,278.5,50,31650
20231228,09:40:48,279.5,100,31650
20231228,09:40:49,278.5,100,31650
20231228,09:40:52,278.85,50,31650
20231228,09:40:53,279.4,50,31650
20231228,09:40:54,278.5,100,31650
20231228,09:40:57,278.65,50,31650
20231228,09:41:02,277.3,50,31650
20231228,09:41:12,279.0,200,31650
20231228,09:41:14,278.65,50,31650
20231228,09:41:16,279.0,50,31650
20231228,09:41:25,279.6,50,31650
20231228,09:41:29,279.35,50,31650
20231228,09:41:36,279.3,50,31650
20231228,09:41:38,279.1,100,31650
20231228,09:41:41,279.45,700,31650
20231228,09:41:45,279.55,100,31650
20231228,09:41:47,279.7,500,31650
20231228,09:41:48,279.75,50,31650
20231228,09:41:58,279.0,50,31650
20231228,09:42:01,278.8,200,35700
20231228,09:42:08,276.65,50,35700
20231228,09:42:12,277.9,150,35700
20231228,09:42:19,277.55,50,35700
20231228,09:42:25,276.05,150,35700
20231228,09:42:37,275.55,100,35700
20231228,09:42:43,275.5,50,35700
20231228,09:42:48,272.2,50,35700
20231228,09:42:49,272.25,150,35700
20231228,09:42:51,272.7,100,35700
20231228,09:42:54,270.4,150,35700
20231228,09:42:55,269.75,200,35700
20231228,09:42:56,270.0,550,35700
20231228,09:43:01,270.55,700,35700
20231228,09:43:05,270.6,150,35700
20231228,09:43:42,272.5,250,35700
20231228,09:43:43,272.45,150,35700
20231228,09:44:47,274.85,200,35700
20231228,09:45:22,270.45,450,37400
20231228,09:45:23,270.55,50,37400
20231228,09:45:27,271.15,150,37400
20231228,09:45:31,271.2,100,37400
20231228,09:45:32,271.45,50,37400
20231228,09:45:33,272.45,50,37400
20231228,09:45:34,272.85,50,37400
20231228,09:45:37,272.5,550,37400
20231228,09:45:39,272.5,200,37400
20231228,09:45:40,271.5,400,37400
20231228,09:45:41,271.65,50,37400
20231228,09:45:45,272.0,50,37400
20231228,09:45:47,271.15,500,37400
20231228,09:45:48,271.1,200,37400
20231228,09:45:49,271.9,450,37400
20231228,09:45:53,271.9,250,37400
20231228,09:45:56,271.65,150,37400
20231228,09:45:58,271.4,50,37400
20231228,09:45:59,271.4,100,37400
20231228,09:46:10,271.4,100,37400
20231228,09:46:11,271.4,150,37400
20231228,09:46:12,271.95,150,37400
20231228,09:46:13,272.3,450,37400
20231228,09:46:15,272.0,50,37400
20231228,09:46:17,272.0,100,37400
20231228,09:46:18,271.95,50,37400
20231228,09:46:19,272.3,150,37400
20231228,09:46:21,272.15,50,37400
20231228,09:46:26,272.5,900,37400
20231228,09:46:28,272.25,50,37400
20231228,09:46:37,272.3,50,37400
20231228,09:46:38,272.45,250,37400
20231228,09:46:39,272.45,150,37400
20231228,09:46:41,273.5,300,37400
20231228,09:46:46,273.75,150,37400
20231228,09:46:50,274.55,50,37400
20231228,09:46:52,274.55,50,37400
20231228,09:46:55,274.1,50,37400
20231228,09:46:59,273.7,100,37400
20231228,09:47:00,273.85,100,37400
20231228,09:47:01,273.7,250,37400
20231228,09:47:02,274.1,750,37400
20231228,09:47:05,274.15,50,37400
20231228,09:47:08,274.6,800,37400
20231228,09:47:10,274.55,100,37400
20231228,09:47:11,274.85,550,37400
20231228,09:47:14,275.45,200,37400
20231228,09:47:15,275.5,100,37400
20231228,09:47:16,274.9,200,37400
20231228,09:47:18,275.5,900,37400
20231228,09:47:20,274.5,50,37400
20231228,09:47:21,274.5,50,37400
20231228,09:47:24,273.9,100,37400
20231228,09:47:25,273.0,50,37400
20231228,09:47:26,272.9,100,37400
20231228,09:47:28,273.8,100,37400
20231228,09:47:29,273.55,150,37400
20231228,09:47:31,272.9,50,37400
20231228,09:47:34,272.35,100,37400
20231228,09:47:36,271.1,350,37400
20231228,09:47:38,271.0,50,37400
20231228,09:47:39,271.3,50,37400
20231228,09:47:41,270.0,200,37400
20231228,09:47:42,268.45,250,37400
20231228,09:47:44,267.75,450,37400
20231228,09:47:45,268.75,400,37400
20231228,09:47:49,265.0,50,37400
20231228,09:47:50,265.0,500,37400
20231228,09:47:51,266.35,50,37400
20231228,09:47:54,266.15,200,37400
20231228,09:47:55,266.4,500,37400
20231228,09:47:56,267.15,150,37400
20231228,09:47:57,267.8,50,37400
20231228,09:47:59,267.05,100,37400
20231228,09:48:00,267.2,250,37400
20231228,09:48:02,268.85,50,49700
20231228,09:48:04,268.2,100,49700
20231228,09:48:06,267.4,50,49700
20231228,09:48:09,267.15,150,49700
20231228,09:48:11,267.3,100,49700
20231228,09:48:16,266.75,150,49700
20231228,09:48:17,266.75,50,49700
20231228,09:48:19,267.25,150,49700
20231228,09:48:20,267.05,50,49700
20231228,09:48:24,267.45,100,49700
20231228,09:48:28,267.75,50,49700
20231228,09:48:30,267.4,250,49700
20231228,09:48:31,267.35,150,49700
20231228,09:48:32,268.0,50,49700
20231228,09:48:33,268.05,300,49700
20231228,09:48:34,268.05,150,49700
20231228,09:48:36,268.45,50,49700
20231228,09:48:37,268.15,100,49700
20231228,09:48:43,267.65,100,49700
20231228,09:48:45,267.75,250,49700
20231228,09:48:47,267.7,200,49700
20231228,09:48:51,268.1,450,49700
20231228,09:48:56,268.1,50,49700
20231228,09:48:59,268.1,100,49700
20231228,09:49:00,267.8,50,49700
20231228,09:49:01,269.0,350,49700
20231228,09:49:04,269.4,200,49700
20231228,09:49:05,269.0,150,49700
20231228,09:49:10,268.95,200,49700
20231228,09:49:11,269.45,50,49700
20231228,09:49:17,268.0,50,49700
20231228,09:49:18,267.4,250,49700
20231228,09:49:19,268.5,300,49700
20231228,09:49:20,268.35,300,49700
20231228,09:49:22,267.6,50,49700
20231228,09:49:23,267.55,100,49700
20231228,09:49:24,268.2,50,49700
20231228,09:49:25,268.85,300,49700
20231228,09:49:27,268.25,100,49700
20231228,09:49:31,268.25,100,49700
20231228,09:49:32,268.15,200,49700
20231228,09:49:33,268.1,50,49700
20231228,09:49:36,267.65,50,49700
20231228,09:49:37,267.95,50,49700
20231228,09:49:39,268.3,50,49700
20231228,09:49:45,267.35,350,49700
20231228,09:49:46,266.95,50,49700
20231228,09:49:50,267.15,50,49700
20231228,09:49:51,266.6,900,49700
20231228,09:49:55,265.8,50,49700
20231228,09:49:57,266.35,900,49700
20231228,09:49:58,266.8,100,49700
20231228,09:49:59,267.05,100,49700
20231228,09:50:00,267.15,750,49700
20231228,09:50:04,266.65,50,49700
20231228,09:50:05,266.65,50,49700
20231228,09:50:06,266.5,150,49700
20231228,09:50:07,266.5,50,49700
20231228,09:50:10,266.25,150,49700
20231228,09:50:11,267.05,350,49700
20231228,09:50:12,267.05,100,49700
20231228,09:50:14,266.95,100,49700
20231228,09:50:16,266.85,1800,49700
20231228,09:50:18,266.3,50,49700
20231228,09:50:19,266.7,50,49700
20231228,09:50:20,266.55,50,49700
20231228,09:50:21,266.05,1100,49700
20231228,09:50:22,266.0,1100,49700
20231228,09:50:23,266.7,50,49700
20231228,09:50:24,265.85,450,49700
20231228,09:50:25,265.95,250,49700
20231228,09:50:26,266.65,150,49700
20231228,09:50:27,266.3,250,49700
20231228,09:50:28,266.7,550,49700
20231228,09:50:29,265.5,350,49700
20231228,09:50:31,265.75,400,49700
20231228,09:50:33,266.4,100,49700
20231228,09:50:33,265.85,100,49700
20231228,09:50:34,265.5,300,49700
20231228,09:50:35,266.15,50,49700
20231228,09:50:37,265.5,50,49700
20231228,09:50:38,265.2,250,49700
20231228,09:50:39,265.1,50,49700
20231228,09:50:40,265.0,500,49700
20231228,09:50:41,265.0,300,49700
20231228,09:50:42,265.85,350,49700
20231228,09:50:44,265.65,100,49700
20231228,09:50:47,265.3,50,49700
20231228,09:50:49,265.6,50,49700
20231228,09:50:50,266.2,50,49700
20231228,09:50:52,265.8,100,49700
20231228,09:50:54,266.15,550,49700
20231228,09:50:57,267.65,50,49700
20231228,09:51:05,265.6,50,66900
20231228,09:51:10,265.0,100,66900
20231228,09:51:14,264.95,100,66900
20231228,09:51:19,264.9,50,66900
20231228,09:51:20,264.9,50,66900
20231228,09:51:23,265.9,100,66900
20231228,09:51:24,266.15,50,66900
20231228,09:51:26,266.7,50,66900
20231228,09:51:29,266.75,950,66900
20231228,09:51:30,266.65,50,66900
20231228,09:51:35,266.3,100,66900
20231228,09:51:36,266.55,150,66900
20231228,09:51:40,266.75,100,66900
20231228,09:51:43,267.45,100,66900
20231228,09:51:44,267.8,50,66900
20231228,09:51:46,267.75,50,66900
20231228,09:51:47,267.6,100,66900
20231228,09:51:49,267.65,50,66900
20231228,09:51:49,268.65,1350,66900
20231228,09:51:50,268.75,50,66900
20231228,09:51:51,268.55,250,66900
20231228,09:51:52,268.5,450,66900
20231228,09:51:54,267.5,150,66900
20231228,09:51:55,268.3,50,66900
20231228,09:51:59,267.95,50,66900
20231228,09:52:00,267.3,400,66900
20231228,09:52:01,267.8,100,66900
20231228,09:52:02,268.1,350,66900
20231228,09:52:05,268.7,50,66900
20231228,09:52:10,268.35,100,66900
20231228,09:52:12,268.55,50,66900
20231228,09:52:15,269.0,150,66900
20231228,09:52:18,269.45,250,66900
20231228,09:52:19,269.0,50,66900
20231228,09:52:22,270.0,150,66900
20231228,09:52:23,269.55,100,66900
20231228,09:52:26,270.65,200,66900
20231228,09:52:30,269.5,50,66900
20231228,09:52:33,270.0,200,66900
20231228,09:52:42,267.0,50,66900
20231228,09:52:43,267.0,200,66900
20231228,09:52:44,267.0,250,66900
20231228,09:52:45,267.0,1000,66900
20231228,09:52:46,267.0,550,66900
20231228,09:52:47,266.05,3450,66900
20231228,09:52:48,267.4,750,66900
20231228,09:52:49,267.4,150,66900
20231228,09:52:55,267.15,350,66900
20231228,09:52:56,268.05,100,66900
20231228,09:52:59,268.0,200,66900
20231228,09:53:01,267.65,50,66900
20231228,09:53:03,267.85,100,66900
20231228,09:53:04,268.15,400,66900
20231228,09:53:05,268.25,750,66900
20231228,09:53:10,268.85,50,66900
20231228,09:53:14,268.35,150,66900
20231228,09:53:24,267.85,1000,66900
20231228,09:53:28,268.15,100,66900
20231228,09:53:38,267.75,50,66900
20231228,09:53:43,267.65,50,66900
20231228,09:53:44,267.9,50,66900
20231228,09:53:50,267.65,100,66900
20231228,09:53:54,267.65,50,66900
20231228,09:54:01,268.55,50,66900
20231228,09:54:03,268.45,50,77450
20231228,09:54:08,267.85,1800,77450
20231228,09:54:21,267.4,1800,77450
20231228,09:54:33,267.85,50,77450
20231228,09:55:42,271.45,550,77450
20231228,09:55:45,276.1,150,77450
20231228,09:55:46,275.5,1100,77450
20231228,09:55:48,276.95,100,77450
20231228,09:55:49,276.5,50,77450
20231228,09:55:50,276.9,50,77450
20231228,09:55:51,277.4,100,77450
20231228,09:55:52,279.4,50,77450
20231228,09:55:54,279.5,500,77450
20231228,09:55:55,279.15,400,77450
20231228,09:56:03,276.0,450,77450
20231228,09:56:04,275.4,800,77450
20231228,09:56:13,274.1,200,77450
20231228,09:56:14,273.0,150,77450
20231228,09:56:21,271.65,700,77450
20231228,09:56:22,272.5,150,77450
20231228,09:56:23,273.95,50,77450
20231228,09:56:31,273.35,100,77450
20231228,09:56:34,273.75,50,77450
20231228,09:56:35,274.15,50,77450
20231228,09:56:53,272.5,50,77450
20231228,09:57:07,274.25,50,77450
20231228,09:57:08,274.2,50,79700
20231228,09:57:12,274.2,300,79700
20231228,09:58:04,274.15,50,79700
20231228,09:58:11,273.7,900,79700
20231228,09:58:16,275.1,900,79700
20231228,09:58:21,275.6,1300,79700
20231228,09:58:27,277.15,50,79700
20231228,09:58:28,277.15,450,79700
20231228,09:58:31,276.95,900,79700
20231228,09:58:38,275.8,200,79700
20231228,09:58:45,276.5,600,79700
20231228,09:58:51,276.85,50,79700
20231228,09:59:15,274.25,1800,79700
20231228,09:59:31,273.85,50,79700
20231228,10:00:01,273.5,250,79700
20231228,10:00:13,271.95,50,82450
20231228,10:00:31,273.7,350,82450
20231228,10:00:59,275.1,50,82450
20231228,10:01:25,277.0,50,82450
20231228,10:02:11,278.75,50,82450
20231228,10:02:24,278.85,400,82450
20231228,10:02:28,279.7,200,82450
20231228,10:02:35,279.5,250,82450
20231228,10:02:44,279.4,400,82450
20231228,10:02:57,278.75,350,82450
20231228,10:03:09,280.8,50,83700
20231228,10:03:17,284.0,550,83700
20231228,10:03:19,285.9,200,83700
20231228,10:03:20,286.45,250,83700
20231228,10:03:21,288.65,650,83700
20231228,10:03:22,288.6,150,83700
20231228,10:03:25,293.15,100,83700
20231228,10:03:26,292.0,1200,83700
20231228,10:03:31,289.5,250,83700
20231228,10:03:32,288.15,550,83700
20231228,10:03:42,288.3,50,83700
20231228,10:03:43,289.25,200,83700
20231228,10:03:58,285.1,50,83700
20231228,10:04:05,289.35,50,83700
20231228,10:04:26,287.0,250,83700
20231228,10:04:44,291.1,50,83700
20231228,10:04:53,290.4,200,83700
20231228,10:04:56,291.75,50,83700
20231228,10:05:00,292.05,550,83700
20231228,10:05:03,296.7,200,83700
20231228,10:05:05,296.0,200,83700
20231228,10:05:06,295.15,100,83700
20231228,10:05:10,294.5,50,83700
20231228,10:05:24,295.1,150,83700
20231228,10:05:41,295.15,500,83700
20231228,10:05:45,294.5,600,83700
20231228,10:06:03,295.55,250,83700
20231228,10:06:14,295.95,250,83600
20231228,10:06:27,295.45,100,83600
20231228,10:06:36,296.3,150,83600
20231228,10:06:39,297.85,50,83600
20231228,10:06:47,300.0,50,83600
20231228,10:06:50,300.0,50,83600
20231228,10:06:57,304.15,1050,83600
20231228,10:07:07,303.5,400,83600
20231228,10:07:19,304.9,150,83600
20231228,10:07:38,304.9,900,83600
20231228,10:07:43,304.9,100,83600
20231228,10:07:50,304.9,500,83600
20231228,10:08:13,294.55,100,83600
20231228,10:08:15,294.05,400,83600
20231228,10:08:22,295.35,200,83600
20231228,10:08:36,296.75,200,83600
20231228,10:08:44,297.15,50,83600
20231228,10:09:07,296.5,50,84150
20231228,10:09:22,296.1,500,84150
20231228,10:09:24,294.2,100,84150
20231228,10:09:25,295.3,200,84150
20231228,10:09:54,292.0,350,84150
20231228,10:10:02,289.6,350,84150
20231228,10:10:16,289.05,200,84150
20231228,10:10:21,283.85,100,84150
20231228,10:10:22,282.05,200,84150
20231228,10:10:24,281.25,600,84150
20231228,10:10:30,280.95,200,84150
20231228,10:10:41,284.35,100,84150
20231228,10:10:51,284.45,50,84150
20231228,10:11:00,288.95,550,84150
20231228,10:11:01,289.0,200,84150
20231228,10:11:04,289.6,300,84150
20231228,10:11:08,293.5,700,84150
20231228,10:11:10,295.45,200,84150
20231228,10:11:11,296.05,200,84150
20231228,10:11:26,299.3,300,84150
20231228,10:11:40,300.8,350,84150
20231228,10:11:55,303.5,100,84150
20231228,10:11:56,304.75,1800,84150
20231228,10:11:57,302.9,100,84150
20231228,10:12:12,303.2,150,84500
20231228,10:12:14,303.15,750,84500
20231228,10:12:19,302.35,50,84500
20231228,10:12:21,301.75,100,84500
20231228,10:12:22,300.05,50,84500
20231228,10:12:23,301.85,150,84500
20231228,10:12:30,300.85,100,84500
20231228,10:12:32,299.4,100,84500
20231228,10:12:39,300.0,150,84500
20231228,10:12:55,302.5,350,84500
20231228,10:13:09,302.5,1700,84500
20231228,10:13:14,302.45,300,84500
20231228,10:13:20,303.2,200,84500
20231228,10:13:28,303.0,1000,84500
20231228,10:13:33,302.15,100,84500
20231228,10:13:59,305.0,100,84500
20231228,10:14:08,305.0,50,84500
20231228,10:14:14,298.45,150,84500
20231228,10:14:15,298.8,50,84500
20231228,10:14:19,299.55,100,84500
20231228,10:14:24,299.15,100,84500
20231228,10:14:48,299.6,200,84500
20231228,10:15:57,298.95,200,85000
20231228,10:16:13,292.55,100,85000
20231228,10:16:21,294.25,100,85000
20231228,10:16:42,293.75,100,85000
20231228,10:16:56,296.75,100,85000
20231228,10:17:52,294.75,50,85000
20231228,10:18:01,294.7,200,85000
20231228,10:18:03,294.05,50,85000
20231228,10:18:05,291.75,300,85000
20231228,10:18:10,289.5,350,85150
20231228,10:18:25,291.8,100,85150
20231228,10:18:41,291.75,200,85150
20231228,10:19:00,292.5,100,85150
20231228,10:19:01,292.5,100,85150
20231228,10:19:57,291.0,50,85150
20231228,10:20:55,295.8,250,85150
20231228,10:21:05,295.55,100,85150
20231228,10:21:14,297.0,650,85050
20231228,10:21:50,300.75,100,85050
20231228,10:21:52,301.2,100,85050
20231228,10:22:03,303.2,600,85050
20231228,10:22:04,303.1,150,85050
20231228,10:22:05,302.0,350,85050
20231228,10:22:07,302.05,100,85050
20231228,10:22:10,302.45,100,85050
20231228,10:22:39,303.85,100,85050
20231228,10:22:52,303.4,100,85050
20231228,10:23:08,298.95,250,85050
20231228,10:23:15,297.8,100,85050
20231228,10:23:21,296.3,100,85050
20231228,10:24:26,293.25,400,85050
20231228,10:25:17,289.5,450,85050
20231228,10:25:27,287.85,400,85050
20231228,10:25:28,288.75,200,85050
20231228,10:25:30,288.4,300,85050
20231228,10:25:34,290.0,600,85050
20231228,10:25:35,290.0,400,85050
20231228,10:25:41,292.95,200,85050
20231228,10:25:46,293.2,200,85050
20231228,10:25:52,295.25,200,85050
20231228,10:25:58,295.45,400,85050
20231228,10:25:59,295.35,200,85050
20231228,10:26:04,295.65,300,85050
20231228,10:26:05,295.0,50,85050
20231228,10:26:08,294.2,450,85050
20231228,10:26:11,293.2,150,85050
20231228,10:26:13,293.35,200,85050
20231228,10:26:16,292.7,200,85050
20231228,10:26:20,294.75,200,85050
20231228,10:26:24,295.7,50,85050
20231228,10:26:27,296.95,100,85050
20231228,10:26:29,296.65,350,85050
20231228,10:26:31,296.25,100,85050
20231228,10:26:35,297.0,50,85050
20231228,10:26:37,297.1,150,85050
20231228,10:26:38,297.05,100,85050
20231228,10:26:40,296.95,300,85050
20231228,10:26:46,296.0,50,85050
20231228,10:26:47,296.85,1800,85050
20231228,10:26:51,297.0,400,85050
20231228,10:26:52,296.6,100,85050
20231228,10:26:57,297.45,300,85050
20231228,10:27:00,296.35,650,85050
20231228,10:27:01,296.5,50,85050
20231228,10:27:03,295.8,50,85050
20231228,10:27:05,294.95,650,85050
20231228,10:27:06,294.8,300,85050
20231228,10:27:11,294.3,500,78750
20231228,10:27:13,294.85,200,78750
20231228,10:27:14,295.05,300,78750
20231228,10:27:16,296.05,250,78750
20231228,10:27:19,296.4,400,78750
20231228,10:27:21,295.5,250,78750
20231228,10:27:23,295.5,200,78750
20231228,10:27:28,294.45,50,78750
20231228,10:27:29,293.7,450,78750
20231228,10:27:30,294.0,50,78750
20231228,10:27:31,293.7,100,78750
20231228,10:27:33,293.5,400,78750
20231228,10:27:34,292.95,50,78750
20231228,10:27:37,292.95,400,78750
20231228,10:27:39,293.35,50,78750
20231228,10:27:40,292.95,200,78750
20231228,10:27:44,293.9,50,78750
20231228,10:27:45,293.7,200,78750
20231228,10:27:52,293.6,50,78750
20231228,10:27:54,293.2,100,78750
20231228,10:27:59,294.3,300,78750
20231228,10:28:05,295.15,350,78750
20231228,10:28:09,293.35,300,78750
20231228,10:28:22,292.5,250,78750
20231228,10:28:24,292.6,200,78750
20231228,10:28:33,293.95,50,78750
20231228,10:28:34,293.05,50,78750
20231228,10:28:38,292.8,100,78750
20231228,10:28:42,291.4,50,78750
20231228,10:28:44,291.05,200,78750
20231228,10:28:50,290.85,100,78750
20231228,10:28:51,289.5,1850,78750
20231228,10:28:58,290.9,50,78750
20231228,10:29:02,292.0,50,78750
20231228,10:29:03,291.65,100,78750
20231228,10:29:09,292.35,50,78750
20231228,10:29:10,291.9,100,78750
20231228,10:29:22,293.9,450,78750
20231228,10:29:37,291.6,300,78750
20231228,10:29:44,291.35,100,78750
20231228,10:29:45,291.55,50,78750
20231228,10:29:52,288.55,150,78750
20231228,10:30:00,286.95,100,78750
20231228,10:30:01,286.95,150,78750
20231228,10:30:08,287.1,250,71700
20231228,10:30:17,286.5,150,71700
20231228,10:30:20,284.85,400,71700
20231228,10:30:24,284.0,50,71700
20231228,10:30:25,282.05,200,71700
20231228,10:30:27,282.75,350,71700
20231228,10:30:43,286.95,100,71700
20231228,10:31:22,290.3,100,71700
20231228,10:31:23,289.8,50,71700
20231228,10:31:24,290.25,200,71700
20231228,10:31:41,289.3,150,71700
20231228,10:31:50,291.6,150,71700
20231228,10:31:55,291.5,50,71700
20231228,10:32:00,290.25,1800,71700
20231228,10:32:03,290.55,50,71700
20231228,10:32:04,290.5,50,71700
20231228,10:32:09,292.5,200,71700
20231228,10:32:10,292.45,50,71700
20231228,10:32:21,291.0,400,71700
20231228,10:32:45,293.4,50,71700
20231228,10:32:50,294.55,50,71700
20231228,10:33:00,292.05,400,71700
20231228,10:33:08,291.05,100,70600
20231228,10:33:09,290.8,400,70600
20231228,10:33:10,290.45,400,70600
20231228,10:33:11,290.4,50,70600
20231228,10:33:12,289.8,150,70600
20231228,10:33:30,289.35,50,70600
20231228,10:33:31,288.85,50,70600
20231228,10:33:37,289.5,300,70600
20231228,10:33:50,289.7,100,70600
20231228,10:33:54,290.3,50,70600
20231228,10:33:59,289.25,100,70600
20231228,10:34:04,289.95,100,70600
20231228,10:34:10,290.65,50,70600
20231228,10:34:27,291.7,100,70600
20231228,10:34:28,292.05,100,70600
20231228,10:34:30,290.75,50,70600
20231228,10:34:45,288.0,100,70600
20231228,10:34:50,288.3,50,70600
20231228,10:34:51,288.3,50,70600
20231228,10:35:02,288.85,100,70600
20231228,10:35:04,288.65,50,70600
20231228,10:35:17,290.2,50,70600
20231228,10:35:29,290.3,100,70600
20231228,10:35:40,291.6,250,70600
20231228,10:35:48,290.8,250,70600
20231228,10:35:52,291.0,400,70600
20231228,10:36:16,290.75,2200,69650
20231228,10:36:28,292.3,200,69650
20231228,10:36:31,294.75,950,69650
20231228,10:36:35,296.0,500,69650
20231228,10:36:36,297.6,100,69650
20231228,10:36:38,296.5,600,69650
20231228,10:37:04,296.0,1400,69650
20231228,10:37:05,296.0,400,69650
20231228,10:37:23,297.2,400,69650
20231228,10:37:32,296.0,1400,69650
20231228,10:37:38,294.75,400,69650
20231228,10:37:42,293.65,500,69650
20231228,10:37:44,293.0,200,69650
20231228,10:37:48,292.1,200,69650
20231228,10:37:50,290.75,100,69650
20231228,10:37:51,290.35,800,69650
20231228,10:38:04,290.8,800,69650
20231228,10:38:10,292.9,50,69650
20231228,10:38:11,292.5,100,69650
20231228,10:38:14,291.85,250,69650
20231228,10:38:26,291.5,400,69650
20231228,10:38:39,293.9,50,69650
20231228,10:38:41,293.75,50,69650
20231228,10:38:46,293.4,50,69650
20231228,10:38:47,292.95,100,69650
20231228,10:38:51,292.75,50,69650
20231228,10:38:53,292.75,350,69650
20231228,10:38:56,293.45,50,69650
20231228,10:38:58,294.25,50,69650
20231228,10:39:00,292.45,50,69650
20231228,10:39:05,292.0,100,69650
20231228,10:39:08,292.5,400,69650
20231228,10:39:16,293.1,100,71350
20231228,10:39:20,294.3,50,71350
20231228,10:39:39,292.05,250,71350
20231228,10:40:26,296.55,50,71350
20231228,10:40:28,296.4,150,71350
20231228,10:40:29,296.45,100,71350
20231228,10:40:30,297.9,150,71350
20231228,10:40:31,298.05,250,71350
20231228,10:40:32,297.9,350,71350
20231228,10:40:35,300.2,150,71350
20231228,10:40:37,300.0,400,71350
20231228,10:40:38,299.35,50,71350
20231228,10:40:40,299.45,50,71350
20231228,10:40:41,298.6,250,71350
20231228,10:40:47,298.25,100,71350
20231228,10:40:48,297.85,100,71350
20231228,10:40:52,299.65,50,71350
20231228,10:40:57,301.0,50,71350
20231228,10:41:01,299.3,50,71350
20231228,10:41:03,298.7,50,71350
20231228,10:41:10,295.75,50,71350
20231228,10:41:32,294.75,50,71350
20231228,10:41:37,295.95,50,71350
20231228,10:41:39,296.4,50,71350
20231228,10:41:44,295.6,50,71350
20231228,10:41:45,294.75,600,71350
20231228,10:41:46,294.75,600,71350
20231228,10:42:06,295.1,50,71350
20231228,10:42:07,295.05,50,71350
20231228,10:42:08,295.1,50,71350
20231228,10:42:09,295.3,50,69800
20231228,10:42:18,293.25,100,69800
20231228,10:42:31,293.95,50,69800
20231228,10:42:35,292.15,300,69800
20231228,10:43:44,292.15,50,69800
20231228,10:44:09,296.25,50,69800
20231228,10:44:20,294.75,50,69800
20231228,10:44:48,294.75,300,69800
20231228,10:45:27,294.5,400,69600
20231228,10:45:54,292.2,50,69600
20231228,10:46:31,290.05,100,69600
20231228,10:46:37,288.35,200,69600
20231228,10:46:52,288.35,50,69600
20231228,10:46:58,288.0,500,69600
20231228,10:47:01,286.2,200,69600
20231228,10:47:12,290.0,100,69600
20231228,10:47:18,290.4,50,69600
20231228,10:47:58,286.0,50,69600
20231228,10:48:24,288.0,300,69850
20231228,10:49:45,287.25,1500,69850
20231228,10:49:51,287.65,400,69850
20231228,10:50:00,286.95,400,69850
20231228,10:50:04,285.85,400,69850
20231228,10:50:11,284.0,50,69850
20231228,10:50:13,283.85,1700,69850
20231228,10:50:23,285.05,400,69850
20231228,10:50:43,286.0,50,69850
20231228,10:50:48,285.0,150,69850
20231228,10:50:58,284.95,50,69850
20231228,10:50:59,284.2,50,69850
20231228,10:51:15,285.15,50,70300
20231228,10:51:39,285.45,100,70300
20231228,10:51:41,284.9,50,70300
20231228,10:51:53,285.55,100,70300
20231228,10:52:59,290.75,100,70300
20231228,10:53:15,290.3,50,70300
20231228,10:54:27,293.25,600,69850
20231228,10:54:42,294.55,50,69850
20231228,10:54:49,295.3,200,69850
20231228,10:54:58,296.05,200,69850
20231228,10:55:04,295.0,50,69850
20231228,10:55:13,296.35,200,69850
20231228,10:55:15,295.65,200,69850
20231228,10:55:18,294.85,400,69850
20231228,10:55:20,295.15,200,69850
20231228,10:55:39,296.9,50,69850
20231228,10:55:40,296.0,1500,69850
20231228,10:55:48,295.9,200,69850
20231228,10:55:49,295.1,250,69850
20231228,10:55:55,296.7,50,69850
20231228,10:55:57,295.85,250,69850
20231228,10:56:00,295.65,250,69850
20231228,10:56:01,295.2,700,69850
20231228,10:56:03,295.05,600,69850
20231228,10:56:06,294.8,200,69850
20231228,10:56:10,294.85,50,69850
20231228,10:56:22,294.55,350,69850
20231228,10:56:23,294.95,100,69850
20231228,10:56:28,295.0,100,69850
20231228,10:56:33,295.4,100,69850
20231228,10:56:41,295.5,50,69850
20231228,10:56:44,295.3,50,69850
20231228,10:56:47,295.65,150,69850
20231228,10:56:49,295.3,100,69850
20231228,10:56:50,294.0,150,69850
20231228,10:56:54,293.45,100,69850
20231228,10:56:55,293.55,50,69850
20231228,10:56:58,292.35,100,69850
20231228,10:57:00,292.65,50,69850
20231228,10:57:12,294.45,50,64700
20231228,10:57:13,293.85,50,64700
20231228,10:57:27,292.45,50,64700
20231228,10:57:35,293.35,100,64700
20231228,10:58:11,299.55,150,64700
20231228,10:58:12,299.25,150,64700
20231228,10:58:17,299.4,150,64700
20231228,10:58:24,302.5,150,64700
20231228,10:58:25,301.95,50,64700
20231228,10:58:27,303.0,200,64700
20231228,10:58:28,303.05,450,64700
20231228,10:58:31,302.4,800,64700
20231228,10:58:36,301.65,50,64700
20231228,10:58:40,300.55,250,64700
20231228,10:59:13,296.25,250,64700
20231228,10:59:27,295.65,50,64700
20231228,10:59:39,296.35,50,64700
20231228,11:00:20,299.2,50,64300
20231228,11:00:47,299.25,150,64300
20231228,11:01:40,292.35,50,64300
20231228,11:02:20,293.25,300,64300
20231228,11:03:26,298.25,200,64350
20231228,11:04:30,295.25,50,64350
20231228,11:04:35,295.75,50,64350
20231228,11:04:40,295.0,300,64350
20231228,11:04:56,294.75,50,64350
20231228,11:05:22,294.0,250,64350
20231228,11:05:27,292.9,50,64350
20231228,11:05:38,294.6,50,64350
20231228,11:05:56,294.35,50,64350
20231228,11:06:03,293.65,50,64350
20231228,11:06:16,291.75,50,63950
20231228,11:06:25,293.15,50,63950
20231228,11:06:26,292.8,50,63950
20231228,11:06:33,293.45,50,63950
20231228,11:06:34,292.8,50,63950
20231228,11:06:37,292.75,50,63950
20231228,11:06:55,292.45,50,63950
20231228,11:07:09,293.1,50,63950
20231228,11:07:17,291.9,50,63950
20231228,11:07:22,289.85,450,63950
20231228,11:07:32,288.8,200,63950
20231228,11:07:48,289.0,50,63950
20231228,11:07:49,288.05,50,63950
20231228,11:07:55,285.0,150,63950
20231228,11:07:57,283.55,50,63950
20231228,11:08:00,283.0,150,63950
20231228,11:08:02,281.95,150,63950
20231228,11:08:10,281.05,250,63950
20231228,11:08:28,282.25,200,63950
20231228,11:08:30,282.55,300,63950
20231228,11:08:31,282.55,100,63950
20231228,11:08:32,281.1,100,63950
20231228,11:08:44,275.1,100,63950
20231228,11:08:47,276.5,150,63950
20231228,11:08:48,276.55,150,63950
20231228,11:08:58,272.65,50,63950
20231228,11:09:01,270.0,200,63950
20231228,11:09:03,268.15,200,63950
20231228,11:09:04,267.95,50,63950
20231228,11:09:05,267.5,50,63950
20231228,11:09:06,264.45,400,63950
20231228,11:09:07,264.45,50,63950
20231228,11:09:10,266.05,50,63950
20231228,11:09:11,266.1,50,63950
20231228,11:09:14,267.7,50,63950
20231228,11:09:15,267.7,50,62300
20231228,11:09:17,268.75,100,62300
20231228,11:09:25,269.35,100,62300
20231228,11:09:37,269.25,50,62300
20231228,11:09:49,271.85,150,62300
20231228,11:09:50,270.35,50,62300
20231228,11:09:51,270.5,50,62300
20231228,11:09:52,270.7,50,62300
20231228,11:10:03,272.5,350,62300
20231228,11:10:07,270.85,50,62300
20231228,11:10:09,270.15,250,62300
20231228,11:10:10,269.65,100,62300
20231228,11:10:11,269.0,50,62300
20231228,11:10:16,268.5,200,62300
20231228,11:10:17,268.5,50,62300
20231228,11:10:26,272.3,200,62300
20231228,11:10:28,272.05,400,62300
20231228,11:10:29,271.2,50,62300
20231228,11:10:33,271.85,50,62300
20231228,11:10:34,271.8,50,62300
20231228,11:10:36,271.4,50,62300
20231228,11:10:37,271.85,50,62300
20231228,11:10:39,271.65,100,62300
20231228,11:10:57,271.95,100,62300
20231228,11:11:07,271.4,100,62300
20231228,11:11:08,272.35,50,62300
20231228,11:11:16,271.6,400,62300
20231228,11:11:23,272.6,50,62300
20231228,11:11:27,272.0,100,62300
20231228,11:11:29,271.15,100,62300
20231228,11:11:41,272.95,100,62300
20231228,11:11:56,272.85,1200,62300
20231228,11:12:08,272.35,50,62300
20231228,11:12:12,272.5,250,62300
20231228,11:12:19,273.0,100,59700
20231228,11:12:23,271.85,50,59700
20231228,11:12:33,270.0,50,59700
20231228,11:12:35,270.85,50,59700
20231228,11:12:45,271.3,50,59700
20231228,11:12:46,271.85,50,59700
20231228,11:12:58,270.4,50,59700
20231228,11:13:11,271.05,250,59700
20231228,11:13:18,271.25,50,59700
20231228,11:13:19,272.0,150,59700
20231228,11:14:05,268.45,350,59700
20231228,11:14:29,271.55,50,59700
20231228,11:15:04,275.5,200,59700
20231228,11:15:05,274.65,50,59700
20231228,11:15:08,275.0,50,59700
20231228,11:15:17,275.0,1800,60700
20231228,11:15:31,279.0,450,60700
20231228,11:15:40,279.3,250,60700
20231228,11:15:46,278.5,150,60700
20231228,11:15:50,277.9,100,60700
20231228,11:15:54,275.5,1800,60700
20231228,11:15:55,276.45,50,60700
20231228,11:16:03,273.55,50,60700
20231228,11:16:04,273.5,50,60700
20231228,11:16:29,273.5,1800,60700
20231228,11:16:32,273.5,250,60700
20231228,11:16:34,274.3,50,60700
20231228,11:16:35,273.05,50,60700
20231228,11:16:37,272.4,50,60700
20231228,11:16:39,273.4,200,60700
20231228,11:16:44,273.4,50,60700
20231228,11:16:45,272.85,50,60700
20231228,11:17:12,275.75,100,60700
20231228,11:17:13,275.45,50,60700
20231228,11:17:36,276.05,50,60700
20231228,11:17:46,277.55,200,60700
20231228,11:17:47,277.25,50,60700
20231228,11:17:52,277.0,300,60700
20231228,11:17:58,278.3,50,60700
20231228,11:18:02,280.25,200,60700
20231228,11:18:03,279.5,150,60700
20231228,11:18:04,279.65,400,60700
20231228,11:18:05,279.55,150,60700
20231228,11:18:07,278.55,150,60700
20231228,11:18:11,278.4,50,60700
20231228,11:18:13,278.35,50,60700
20231228,11:18:14,277.2,200,60650
20231228,11:18:15,277.95,50,60650
20231228,11:18:16,278.5,100,60650
20231228,11:18:22,278.5,50,60650
20231228,11:18:23,278.45,200,60650
20231228,11:18:24,278.5,50,60650
20231228,11:18:28,277.5,450,60650
20231228,11:18:35,275.9,400,60650
20231228,11:18:36,274.55,50,60650
20231228,11:18:40,274.4,1800,60650
20231228,11:19:09,277.1,50,60650
20231228,11:19:13,277.7,50,60650
20231228,11:19:15,277.35,50,60650
20231228,11:19:19,277.15,50,60650
20231228,11:19:20,277.1,50,60650
20231228,11:19:22,277.2,100,60650
20231228,11:19:37,278.5,50,60650
20231228,11:19:38,277.65,100,60650
20231228,11:19:40,277.6,50,60650
20231228,11:19:42,277.65,50,60650
20231228,11:19:45,277.95,50,60650
20231228,11:19:54,277.25,50,60650
20231228,11:19:55,276.7,50,60650
20231228,11:20:05,277.3,50,60650
20231228,11:20:09,277.2,400,60650
20231228,11:20:18,276.65,50,60650
20231228,11:21:13,274.45,100,60650
20231228,11:22:08,275.15,100,60900
20231228,11:22:09,275.1,350,60900
20231228,11:22:23,275.7,50,60900
20231228,11:22:28,275.8,100,60900
20231228,11:22:30,276.3,50,60900
20231228,11:22:44,277.9,50,60900
20231228,11:22:46,278.55,50,60900
20231228,11:22:48,277.55,100,60900
20231228,11:22:54,276.65,50,60900
20231228,11:23:22,277.6,50,60900
20231228,11:23:32,279.0,500,60900
20231228,11:23:33,279.6,200,60900
20231228,11:23:38,279.3,150,60900
20231228,11:23:55,275.5,200,60900
20231228,11:23:58,275.15,200,60900
20231228,11:24:46,274.8,100,61050
20231228,11:25:10,275.75,100,61050
20231228,11:25:25,273.45,50,61050
20231228,11:26:00,273.1,50,61050
20231228,11:26:04,272.55,50,61050
20231228,11:26:22,271.5,50,61050
20231228,11:26:44,270.6,50,61050
20231228,11:26:45,270.55,50,61050
20231228,11:26:54,269.9,600,61050
20231228,11:27:15,270.55,400,61050
20231228,11:27:16,270.8,150,61350
20231228,11:27:21,270.4,500,61350
20231228,11:27:36,269.6,100,61350
20231228,11:27:40,269.65,50,61350
20231228,11:27:55,270.6,150,61350
20231228,11:27:56,270.6,50,61350
20231228,11:28:02,270.5,100,61350
20231228,11:28:03,270.25,200,61350
20231228,11:28:07,271.3,200,61350
20231228,11:28:08,271.0,50,61350
20231228,11:28:09,270.6,200,61350
20231228,11:28:14,270.6,50,61350
20231228,11:28:20,271.5,100,61350
20231228,11:28:21,271.5,200,61350
20231228,11:28:22,271.05,150,61350
20231228,11:28:23,271.5,50,61350
20231228,11:28:24,270.45,100,61350
20231228,11:28:25,270.6,100,61350
20231228,11:28:28,270.7,100,61350
20231228,11:28:30,270.8,50,61350
20231228,11:28:33,270.95,50,61350
20231228,11:28:38,270.85,50,61350
20231228,11:28:44,271.05,100,61350
20231228,11:28:46,271.15,50,61350
20231228,11:28:47,271.05,50,61350
20231228,11:28:52,271.15,50,61350
20231228,11:28:54,271.6,150,61350
20231228,11:28:55,271.7,50,61350
20231228,11:28:57,271.6,100,61350
20231228,11:28:59,271.5,100,61350
20231228,11:29:01,271.1,200,61350
20231228,11:29:06,270.9,50,61350
20231228,11:29:12,271.0,150,61350
20231228,11:29:17,272.0,150,61350
20231228,11:29:28,270.05,150,61350
20231228,11:29:29,269.35,50,61350
20231228,11:29:38,270.05,200,61350
20231228,11:29:47,269.65,50,61350
20231228,11:29:59,269.9,250,61350
20231228,11:30:00,269.1,150,61350
20231228,11:30:02,269.1,50,61350
20231228,11:30:03,268.1,400,61350
20231228,11:30:18,270.65,50,59050
20231228,11:30:36,271.85,100,59050
20231228,11:30:38,271.05,100,59050
20231228,11:30:41,270.85,50,59050
20231228,11:30:46,270.75,50,59050
20231228,11:30:49,269.6,50,59050
20231228,11:30:53,269.5,50,59050
20231228,11:30:55,269.15,100,59050
20231228,11:31:01,268.5,350,59050
20231228,11:31:03,268.3,50,59050
20231228,11:31:06,267.95,50,59050
20231228,11:31:07,266.0,100,59050
20231228,11:31:08,265.85,100,59050
20231228,11:31:15,265.55,350,59050
20231228,11:31:22,267.2,250,59050
20231228,11:31:23,267.2,150,59050
20231228,11:31:33,267.4,50,59050
20231228,11:31:52,266.85,50,59050
20231228,11:31:54,266.95,50,59050
20231228,11:32:08,266.8,50,59050
20231228,11:32:12,266.8,100,59050
20231228,11:32:19,266.7,50,59050
20231228,11:32:26,266.7,50,59050
20231228,11:32:30,266.35,200,59050
20231228,11:32:32,265.8,50,59050
20231228,11:32:34,265.45,100,59050
20231228,11:32:35,265.55,50,59050
20231228,11:32:36,265.5,50,59050
20231228,11:32:38,265.5,50,59050
20231228,11:32:52,265.0,200,59050
20231228,11:32:57,265.65,50,59050
20231228,11:33:06,265.55,50,59050
20231228,11:33:31,266.15,50,59450
20231228,11:34:25,267.6,200,59450
20231228,11:34:43,265.1,100,59450
20231228,11:34:52,267.0,500,59450
20231228,11:35:11,267.15,50,59450
20231228,11:35:49,265.0,50,59450
20231228,11:37:00,265.9,250,59450
20231228,11:39:26,265.25,50,59700
20231228,11:39:43,265.2,50,59700
20231228,11:39:52,265.6,100,59700
20231228,11:40:01,265.3,200,59700
20231228,11:40:53,264.5,200,59700
20231228,11:41:19,264.55,50,59700
20231228,11:42:55,265.3,150,59800
20231228,11:43:29,267.6,450,59800
20231228,11:44:12,267.1,400,59800
20231228,11:44:55,268.1,300,59800
20231228,11:44:57,267.55,200,59800
20231228,11:45:01,267.0,1800,59800
20231228,11:45:28,265.3,200,59750
20231228,11:45:54,266.25,50,59750
20231228,11:46:12,266.7,400,59750
20231228,11:46:38,266.55,50,59750
20231228,11:47:36,266.35,50,59750
20231228,11:48:02,265.7,50,59750
20231228,11:48:30,266.0,50,60000
20231228,11:48:33,266.1,50,60000
20231228,11:48:37,266.1,100,60000
20231228,11:48:38,266.15,50,60000
20231228,11:49:04,266.0,1800,60000
20231228,11:49:05,265.45,50,60000
20231228,11:49:08,265.8,50,60000
20231228,11:50:03,265.25,50,60000
20231228,11:50:15,264.0,50,60000
20231228,11:50:17,264.0,50,60000
20231228,11:50:18,264.95,50,60000
20231228,11:50:23,263.9,50,60000
20231228,11:50:35,263.7,50,60000
20231228,11:50:36,263.7,100,60000
20231228,11:50:37,264.0,50,60000
20231228,11:50:42,264.25,50,60000
20231228,11:50:50,261.9,300,60000
20231228,11:50:54,262.25,50,60000
20231228,11:50:56,262.25,50,60000
20231228,11:50:58,263.25,150,60000
20231228,11:51:00,263.7,100,60000
20231228,11:51:01,264.15,100,60000
20231228,11:51:06,263.45,50,60000
20231228,11:51:17,264.55,100,60000
20231228,11:51:20,264.35,50,61800
20231228,11:52:09,264.7,50,61800
20231228,11:52:27,266.4,50,61800
20231228,11:52:32,266.5,50,61800
20231228,11:53:22,267.85,200,61800
20231228,11:54:26,266.0,150,62200
20231228,11:54:35,266.3,50,62200
20231228,11:54:43,266.05,100,62200
20231228,11:54:48,264.65,50,62200
20231228,11:54:49,264.6,50,62200
20231228,11:55:11,263.45,100,62200
20231228,11:55:22,263.25,50,62200
20231228,11:55:23,263.45,100,62200
20231228,11:55:43,266.25,50,62200
20231228,11:55:53,268.0,250,62200
20231228,11:56:29,264.9,50,62200
20231228,11:57:01,265.25,250,62200
20231228,11:58:04,264.2,50,62350
20231228,11:58:15,264.2,50,62350
20231228,11:58:18,264.5,50,62350
20231228,11:58:21,263.2,100,62350
20231228,12:00:04,263.25,50,62350
20231228,12:00:05,263.75,100,62350
20231228,12:00:16,263.15,350,62350
20231228,12:00:17,262.7,300,62350
20231228,12:00:18,261.5,2200,62350
20231228,12:00:58,261.5,50,63600
20231228,12:01:34,263.45,150,63600
20231228,12:01:35,263.45,100,63600
20231228,12:02:04,263.65,50,63600
20231228,12:02:23,262.05,200,63600
20231228,12:02:32,260.0,600,63600
20231228,12:02:58,259.6,150,63600
20231228,12:03:39,259.6,50,63450
20231228,12:03:44,261.15,50,63450
20231228,12:04:14,260.45,300,63450
20231228,12:04:57,260.6,300,63450
20231228,12:05:05,258.05,1000,63450
20231228,12:05:14,257.95,350,63450
20231228,12:05:23,258.95,150,63450
20231228,12:05:32,259.6,500,63450
20231228,12:05:41,260.2,50,63450
20231228,12:05:49,260.1,50,63450
20231228,12:05:57,260.6,300,63450
20231228,12:06:06,260.9,50,63450
20231228,12:06:14,260.2,50,63450
20231228,12:06:55,259.0,50,63800
20231228,12:07:29,258.0,50,63800
20231228,12:07:37,258.1,50,63800
20231228,12:08:11,258.7,1800,63800
20231228,12:08:42,258.75,400,63800
20231228,12:08:43,259.35,100,63800
20231228,12:08:51,259.0,50,63800
20231228,12:08:56,258.7,50,63800
20231228,12:09:00,258.9,50,63800
20231228,12:09:01,259.25,400,63800
20231228,12:09:02,259.25,50,63800
20231228,12:09:07,259.9,100,63800
20231228,12:09:09,260.0,300,63800
20231228,12:09:12,261.4,100,63800
20231228,12:09:22,258.5,1800,64150
20231228,12:09:25,259.15,50,64150
20231228,12:09:26,258.9,50,64150
20231228,12:09:40,258.9,250,64150
20231228,12:09:47,258.9,150,64150
20231228,12:09:47,258.7,200,64150
20231228,12:09:59,258.65,100,64150
20231228,12:10:11,259.0,50,64150
20231228,12:10:24,258.8,150,64150
20231228,12:10:31,258.8,200,64150
20231228,12:10:39,259.9,1050,64150
20231228,12:10:56,259.4,50,64150
20231228,12:11:04,258.95,50,64150
20231228,12:11:32,260.75,50,64150
20231228,12:11:34,260.8,50,64150
20231228,12:11:38,260.2,50,64150
20231228,12:11:56,261.35,100,64150
20231228,12:12:02,261.3,50,64150
20231228,12:12:11,259.75,1000,64150
20231228,12:12:33,262.5,100,63950
20231228,12:12:42,261.5,50,63950
20231228,12:13:01,261.15,50,63950
20231228,12:13:28,261.6,50,63950
20231228,12:13:36,261.6,50,63950
20231228,12:13:44,260.7,100,63950
20231228,12:13:52,263.25,100,63950
20231228,12:14:01,265.5,900,63950
20231228,12:14:10,265.85,100,63950
20231228,12:14:15,265.9,50,63950
20231228,12:14:16,265.45,500,63950
20231228,12:14:36,264.5,1100,63950
20231228,12:14:44,265.75,50,63950
20231228,12:14:45,265.9,50,63950
20231228,12:14:47,265.6,100,63950
20231228,12:14:48,265.55,150,63950
20231228,12:14:49,265.55,350,63950
20231228,12:14:50,265.5,100,63950
20231228,12:14:52,265.1,50,63950
20231228,12:15:05,262.8,50,63950
20231228,12:15:08,262.95,100,63950
20231228,12:15:13,263.0,50,63950
20231228,12:15:16,263.1,50,63950
20231228,12:15:20,263.1,50,63950
20231228,12:15:21,263.6,350,63950
20231228,12:15:24,263.9,100,65500
20231228,12:15:33,263.2,100,65500
20231228,12:15:36,263.45,100,65500
20231228,12:15:38,263.25,50,65500
20231228,12:15:40,262.6,100,65500
20231228,12:15:47,262.85,50,65500
20231228,12:15:54,261.35,150,65500
20231228,12:15:59,261.25,100,65500
20231228,12:16:08,260.95,50,65500
20231228,12:16:31,261.0,50,65500
20231228,12:16:53,260.75,50,65500
20231228,12:17:02,261.3,200,65500
20231228,12:17:21,261.75,50,65500
20231228,12:17:22,262.25,50,65500
20231228,12:17:27,261.8,100,65500
20231228,12:17:43,262.15,100,65500
20231228,12:17:45,262.1,100,65500
20231228,12:17:46,261.8,100,65500
20231228,12:17:48,261.75,150,65500
20231228,12:17:49,261.6,50,65500
20231228,12:17:55,262.25,100,65500
20231228,12:18:08,262.25,50,65500
20231228,12:18:28,261.75,50,65200
20231228,12:18:39,261.0,50,65200
20231228,12:18:42,260.6,50,65200
20231228,12:18:43,261.0,100,65200
20231228,12:18:44,261.05,50,65200
20231228,12:18:51,261.1,50,65200
20231228,12:19:00,260.8,50,65200
20231228,12:19:05,260.15,50,65200
20231228,12:19:08,260.0,50,65200
20231228,12:19:12,260.25,150,65200
20231228,12:19:23,260.4,50,65200
20231228,12:20:34,259.3,50,65200
20231228,12:20:42,258.25,50,65200
20231228,12:20:51,257.75,450,65200
20231228,12:21:07,259.3,50,65200
20231228,12:21:15,259.25,50,65200
20231228,12:21:42,257.75,100,66350
20231228,12:21:51,257.5,100,66350
20231228,12:22:08,257.5,100,66350
20231228,12:22:15,257.4,50,66350
20231228,12:22:59,257.4,50,66350
20231228,12:23:03,257.4,100,66350
20231228,12:23:04,257.4,200,66350
20231228,12:23:06,256.6,50,66350
20231228,12:23:07,256.45,100,66350
20231228,12:23:08,256.45,50,66350
20231228,12:23:09,256.85,50,66350
20231228,12:23:10,256.75,100,66350
20231228,12:23:11,256.75,50,66350
20231228,12:23:12,256.5,100,66350
20231228,12:23:13,256.65,50,66350
20231228,12:23:19,257.4,200,66350
20231228,12:23:20,256.85,50,66350
20231228,12:23:24,256.85,50,66350
20231228,12:23:28,256.3,50,66350
20231228,12:23:32,255.0,100,66350
20231228,12:23:43,254.8,300,66350
20231228,12:23:48,254.65,50,66350
20231228,12:23:52,254.65,100,66350
20231228,12:23:53,254.9,50,66350
20231228,12:23:55,254.6,250,66350
20231228,12:23:58,254.05,50,66350
20231228,12:24:01,253.75,250,66350
20231228,12:24:02,252.55,50,66350
20231228,12:24:05,252.0,50,66350
20231228,12:24:09,252.0,100,66350
20231228,12:24:11,252.75,100,66350
20231228,12:24:12,252.7,50,66350
20231228,12:24:18,252.4,50,66350
20231228,12:24:20,252.65,200,66350
20231228,12:24:23,251.25,100,67800
20231228,12:24:24,252.35,100,67800
20231228,12:24:25,252.6,50,67800
20231228,12:24:27,252.45,50,67800
20231228,12:24:28,252.1,50,67800
20231228,12:24:29,252.15,50,67800
20231228,12:24:31,252.9,50,67800
20231228,12:24:34,252.8,50,67800
20231228,12:24:38,252.3,50,67800
20231228,12:24:49,251.85,50,67800
20231228,12:24:50,252.1,150,67800
20231228,12:24:51,252.5,50,67800
20231228,12:24:56,252.45,50,67800
20231228,12:24:58,252.5,50,67800
20231228,12:25:05,252.35,50,67800
20231228,12:25:08,252.7,250,67800
20231228,12:25:11,252.55,200,67800
20231228,12:25:12,252.45,150,67800
20231228,12:25:17,251.7,100,67800
20231228,12:25:20,252.15,50,67800
20231228,12:25:26,252.55,50,67800
20231228,12:25:37,251.6,50,67800
20231228,12:25:58,253.2,50,67800
20231228,12:26:09,252.75,50,67800
20231228,12:26:24,253.45,250,67800
20231228,12:27:19,253.05,50,67800
20231228,12:27:36,253.0,200,67950
20231228,12:27:44,252.9,50,67950
20231228,12:27:53,250.55,150,67950
20231228,12:28:03,246.8,550,67950
20231228,12:28:13,246.15,1200,67950
20231228,12:28:19,249.35,50,67950
20231228,12:28:32,248.1,400,67950
20231228,12:28:55,248.6,50,67950
20231228,12:28:56,248.3,50,67950
20231228,12:29:00,248.25,50,67950
20231228,12:29:01,248.05,50,67950
20231228,12:29:08,249.4,50,67950
20231228,12:29:12,249.4,100,67950
20231228,12:29:22,248.6,150,67950
20231228,12:29:30,247.95,200,67950
20231228,12:29:32,247.75,50,67950
20231228,12:29:39,248.05,50,67950
20231228,12:29:41,247.65,350,67950
20231228,12:29:57,248.2,50,67950
20231228,12:30:14,249.7,200,67950
20231228,12:30:28,248.45,300,68150
20231228,12:30:39,248.5,50,68150
20231228,12:30:40,248.3,300,68150
20231228,12:31:06,248.45,150,68150
20231228,12:31:12,248.4,600,68150
20231228,12:31:30,248.85,400,68150
20231228,12:31:48,249.0,50,68150
20231228,12:31:57,249.6,50,68150
20231228,12:32:06,250.9,200,68150
20231228,12:32:15,249.65,100,68150
20231228,12:32:25,249.0,350,68150
20231228,12:32:34,248.05,450,68150
20231228,12:32:43,248.8,250,68150
20231228,12:32:52,249.1,250,68150
20231228,12:33:00,249.45,50,68150
20231228,12:33:15,248.5,50,68150
20231228,12:33:21,248.5,150,68150
20231228,12:33:22,248.5,50,68150
20231228,12:33:25,248.05,100,70450
20231228,12:33:26,248.05,100,70450
20231228,12:33:27,248.85,50,70450
20231228,12:33:43,249.55,50,70450
20231228,12:33:57,249.5,100,70450
20231228,12:34:12,249.25,50,70450
20231228,12:34:21,248.75,50,70450
20231228,12:34:23,249.6,50,70450
20231228,12:34:28,249.35,50,70450
20231228,12:34:37,248.95,50,70450
20231228,12:34:40,249.1,50,70450
20231228,12:34:41,249.0,50,70450
20231228,12:34:45,248.85,50,70450
20231228,12:34:47,249.45,100,70450
20231228,12:34:56,249.45,50,70450
20231228,12:35:00,249.6,200,70450
20231228,12:35:11,249.6,100,70450
20231228,12:35:13,249.15,50,70450
20231228,12:35:23,251.5,300,70450
20231228,12:35:24,252.8,450,70450
20231228,12:35:31,251.2,50,70450
20231228,12:35:33,250.2,100,70450
20231228,12:35:34,250.25,150,70450
20231228,12:35:35,250.25,50,70450
20231228,12:35:37,250.1,100,70450
20231228,12:35:38,250.1,200,70450
20231228,12:35:47,251.0,50,70450
20231228,12:35:48,252.15,50,70450
20231228,12:35:49,252.05,50,70450
20231228,12:35:50,251.05,100,70450
20231228,12:35:51,251.1,100,70450
20231228,12:35:55,251.0,50,70450
20231228,12:36:23,250.95,50,70450
20231228,12:36:30,250.25,200,71800
20231228,12:36:33,250.3,50,71800
20231228,12:36:34,250.3,50,71800
20231228,12:36:38,250.55,50,71800
20231228,12:36:40,250.25,50,71800
20231228,12:36:42,250.65,150,71800
20231228,12:36:47,250.3,50,71800
20231228,12:36:51,249.6,50,71800
20231228,12:36:58,249.65,50,71800
20231228,12:37:01,249.4,50,71800
20231228,12:37:02,249.55,150,71800
20231228,12:37:04,249.65,50,71800
20231228,12:37:08,249.65,50,71800
20231228,12:37:09,249.6,50,71800
20231228,12:37:11,249.25,50,71800
20231228,12:37:18,249.55,100,71800
20231228,12:37:28,248.65,50,71800
20231228,12:37:37,248.15,50,71800
20231228,12:37:46,248.75,650,71800
20231228,12:37:55,248.4,250,71800
20231228,12:38:04,248.3,300,71800
20231228,12:38:13,248.55,450,71800
20231228,12:39:57,249.8,200,73750
20231228,12:40:58,249.85,100,73750
20231228,12:41:15,249.9,300,73750
20231228,12:41:19,250.65,50,73750
20231228,12:41:24,250.65,300,73750
20231228,12:41:31,250.8,50,73750
20231228,12:42:08,251.8,100,73750
20231228,12:43:03,250.35,200,73750
20231228,12:44:12,251.0,100,73750
20231228,12:44:28,250.55,100,73750
20231228,12:44:45,251.25,50,73750
20231228,12:45:13,249.9,100,73750
20231228,12:45:23,249.65,50,73750
20231228,12:45:44,248.85,100,74100
20231228,12:45:52,248.45,250,74100
20231228,12:46:01,249.5,100,74100
20231228,12:46:14,249.05,100,74100
20231228,12:46:16,249.0,100,74100
20231228,12:46:19,248.8,100,74100
20231228,12:46:20,248.85,100,74100
20231228,12:46:22,248.85,100,74100
20231228,12:46:24,248.85,100,74100
20231228,12:46:26,248.85,100,74100
20231228,12:46:27,248.1,50,74100
20231228,12:46:28,248.15,100,74100
20231228,12:46:30,248.3,100,74100
20231228,12:46:32,248.5,100,74100
20231228,12:46:35,248.0,100,74100
20231228,12:46:36,247.95,100,74100
20231228,12:46:39,247.65,450,74100
20231228,12:46:41,247.95,100,74100
20231228,12:46:45,247.75,100,74100
20231228,12:46:46,246.75,150,74100
20231228,12:46:48,246.35,100,74100
20231228,12:46:55,244.05,600,74100
20231228,12:46:56,244.05,50,74100
20231228,12:46:57,244.85,300,74100
20231228,12:46:58,245.75,50,74100
20231228,12:47:00,246.3,100,74100
20231228,12:47:02,246.9,200,74100
20231228,12:47:05,247.45,100,74100
20231228,12:47:08,247.5,200,74100
20231228,12:47:11,247.1,100,74100
20231228,12:47:13,247.0,100,74100
20231228,12:47:16,247.0,100,74100
20231228,12:47:18,247.0,100,74100
20231228,12:47:19,245.7,500,74100
20231228,12:47:20,246.8,100,74100
20231228,12:47:22,246.9,100,74100
20231228,12:47:25,246.55,200,74100
20231228,12:47:27,246.9,100,74100
20231228,12:47:30,246.85,100,74100
20231228,12:47:33,247.0,100,74100
20231228,12:47:34,246.65,100,74100
20231228,12:47:36,246.9,100,74100
20231228,12:47:39,246.8,100,74100
20231228,12:47:42,246.75,100,74100
20231228,12:47:46,246.6,100,74100
20231228,12:47:49,246.55,100,74100
20231228,12:47:52,246.55,100,74100
20231228,12:47:54,246.4,100,74100
20231228,12:47:57,246.25,100,74100
20231228,12:47:59,246.3,100,74100
20231228,12:48:02,246.65,100,74100
20231228,12:48:03,246.8,100,74100
20231228,12:48:13,247.0,100,74100
20231228,12:48:30,246.9,700,76500
20231228,12:48:38,246.9,100,76500
20231228,12:48:47,246.85,400,76500
20231228,12:48:55,247.0,200,76500
20231228,12:49:04,247.95,200,76500
20231228,12:49:13,248.85,100,76500
20231228,12:49:17,248.95,200,76500
20231228,12:49:20,248.85,100,76500
20231228,12:49:22,248.75,200,76500
20231228,12:49:25,248.85,300,76500
20231228,12:49:26,248.0,50,76500
20231228,12:49:28,248.85,300,76500
20231228,12:49:30,248.85,200,76500
20231228,12:49:33,249.2,300,76500
20231228,12:49:34,249.1,200,76500
20231228,12:49:36,249.0,200,76500
20231228,12:49:37,249.15,100,76500
20231228,12:49:38,249.2,200,76500
20231228,12:49:41,249.15,200,76500
20231228,12:49:42,249.15,200,76500
20231228,12:49:44,248.95,200,76500
20231228,12:49:45,248.9,300,76500
20231228,12:49:47,248.9,200,76500
20231228,12:49:51,248.9,200,76500
20231228,12:49:53,249.25,400,76500
20231228,12:49:55,249.35,200,76500
20231228,12:49:58,249.5,300,76500
20231228,12:50:00,249.35,200,76500
20231228,12:50:02,249.1,200,76500
20231228,12:50:04,249.35,200,76500
20231228,12:50:06,249.4,200,76500
20231228,12:50:08,249.3,300,76500
20231228,12:50:10,249.6,200,76500
20231228,12:50:14,249.65,200,76500
20231228,12:50:16,249.5,200,76500
20231228,12:50:18,249.4,300,76500
20231228,12:50:20,249.3,200,76500
20231228,12:50:23,250.0,100,76500
20231228,12:50:24,250.65,50,76500
20231228,12:50:28,252.2,200,76500
20231228,12:50:29,252.05,200,76500
20231228,12:50:31,253.3,1150,76500
20231228,12:50:33,254.45,200,76500
20231228,12:50:34,254.05,100,76500
20231228,12:50:38,252.1,200,76500
20231228,12:50:39,252.0,50,76500
20231228,12:50:41,252.1,200,76500
20231228,12:50:42,252.5,100,76500
20231228,12:50:43,252.6,200,76500
20231228,12:50:48,252.05,100,76500
20231228,12:50:50,253.85,200,76500
20231228,12:50:53,256.0,550,76500
20231228,12:50:56,256.9,700,76500
20231228,12:51:03,256.8,150,76500
20231228,12:51:05,256.6,100,76500
20231228,12:51:09,256.7,150,76500
20231228,12:51:21,254.25,550,76500
20231228,12:51:22,254.2,100,76500
20231228,12:51:23,254.1,50,76500
20231228,12:51:24,254.0,50,76500
20231228,12:51:42,255.15,250,77750
20231228,12:51:45,254.5,100,77750
20231228,12:51:49,254.95,100,77750
20231228,12:51:51,253.45,250,77750
20231228,12:51:52,254.0,200,77750
20231228,12:51:53,252.5,50,77750
20231228,12:51:54,253.8,300,77750
20231228,12:51:56,253.35,50,77750
20231228,12:51:57,253.6,200,77750
20231228,12:51:58,254.5,200,77750
20231228,12:52:00,254.5,100,77750
20231228,12:52:02,254.8,200,77750
20231228,12:52:04,254.4,100,77750
20231228,12:52:07,254.5,300,77750
20231228,12:52:10,254.5,100,77750
20231228,12:52:11,254.5,200,77750
20231228,12:52:15,254.5,100,77750
20231228,12:52:19,254.3,100,77750
20231228,12:52:22,254.5,100,77750
20231228,12:52:26,254.65,100,77750
20231228,12:52:29,254.15,100,77750
20231228,12:52:31,254.95,200,77750
20231228,12:52:33,256.0,200,77750
20231228,12:52:36,255.0,200,77750
20231228,12:52:38,254.6,200,77750
20231228,12:52:42,254.4,250,77750
20231228,12:52:44,254.6,200,77750
20231228,12:52:45,254.75,200,77750
20231228,12:52:46,254.4,50,77750
20231228,12:52:49,254.85,200,77750
20231228,12:52:50,254.5,100,77750
20231228,12:52:51,254.6,200,77750
20231228,12:52:54,254.55,200,77750
20231228,12:53:10,255.9,200,77750
20231228,12:53:12,256.15,200,77750
20231228,12:53:13,255.15,200,77750
20231228,12:53:14,256.25,200,77750
20231228,12:53:16,255.85,200,77750
20231228,12:53:18,255.8,200,77750
20231228,12:53:19,255.7,200,77750
20231228,12:53:20,255.45,200,77750
20231228,12:53:22,255.4,200,77750
20231228,12:53:27,255.4,100,77750
20231228,12:53:34,255.25,200,77750
20231228,12:53:37,255.55,200,77750
20231228,12:53:40,255.8,300,77750
20231228,12:53:42,255.35,200,77750
20231228,12:53:44,255.25,100,77750
20231228,12:53:53,254.75,100,77750
20231228,12:53:57,254.5,100,77750
20231228,12:53:59,254.4,100,77750
20231228,12:54:03,254.9,100,77750
20231228,12:54:07,254.5,100,77750
20231228,12:54:18,255.0,100,77750
20231228,12:54:25,254.4,100,77750
20231228,12:54:30,254.85,100,83100
20231228,12:54:33,254.85,100,83100
20231228,12:54:37,254.7,100,83100
20231228,12:54:40,254.95,100,83100
20231228,12:54:42,254.75,100,83100
20231228,12:54:45,254.7,100,83100
20231228,12:54:49,254.45,100,83100
20231228,12:54:51,254.55,100,83100
20231228,12:54:55,254.5,100,83100
20231228,12:54:56,255.0,150,83100
20231228,12:54:59,254.85,100,83100
20231228,12:55:06,255.0,100,83100
20231228,12:55:26,254.5,100,83100
20231228,12:55:36,254.55,100,83100
20231228,12:55:39,255.3,50,83100
20231228,12:55:45,254.65,100,83100
20231228,12:55:48,254.55,100,83100
20231228,12:55:52,254.3,100,83100
20231228,12:55:55,253.55,100,83100
20231228,12:55:56,253.45,100,83100
20231228,12:55:58,253.3,100,83100
20231228,12:56:01,252.65,100,83100
20231228,12:56:10,253.95,100,83100
20231228,12:56:14,253.75,100,83100
20231228,12:56:17,253.2,100,83100
20231228,12:56:20,253.65,100,83100
20231228,12:56:23,253.45,200,83100
20231228,12:56:26,253.5,100,83100
20231228,12:56:30,253.25,100,83100
20231228,12:56:32,253.1,200,83100
20231228,12:56:35,253.0,100,83100
20231228,12:56:38,253.05,100,83100
20231228,12:56:40,253.0,100,83100
20231228,12:56:42,252.1,600,83100
20231228,12:56:44,252.95,100,83100
20231228,12:56:47,253.0,100,83100
20231228,12:56:51,253.5,100,83100
20231228,12:56:54,252.95,100,83100
20231228,12:56:56,252.85,200,83100
20231228,12:56:59,252.85,100,83100
20231228,12:57:11,252.85,50,83100
20231228,12:57:30,252.6,100,87000
20231228,12:57:39,251.05,100,87000
20231228,12:57:51,251.55,100,87000
20231228,12:57:58,251.45,100,87000
20231228,12:58:10,252.4,100,87000
20231228,12:58:19,251.7,100,87000
20231228,12:58:25,251.8,100,87000
20231228,12:58:34,252.5,100,87000
20231228,12:59:01,252.5,100,87000
20231228,12:59:15,254.5,100,87000
20231228,13:00:17,256.95,250,87000
20231228,13:00:21,256.8,500,87000
20231228,13:01:41,253.0,50,87000
20231228,13:01:41,253.0,50,87250
20231228,13:01:42,253.0,100,87250
20231228,13:02:06,253.5,50,87250
20231228,13:02:13,252.2,50,87250
20231228,13:02:42,252.15,200,87250
20231228,13:02:59,252.45,100,87250
20231228,13:03:16,252.6,100,87250
20231228,13:03:24,254.0,150,87250
20231228,13:04:04,253.05,50,87250
20231228,13:04:15,253.3,50,87250
20231228,13:04:30,254.0,250,87250
20231228,13:04:32,254.0,1100,87250
20231228,13:04:41,254.15,100,87250
20231228,13:05:38,252.7,250,87250
20231228,13:05:59,253.55,50,87250
20231228,13:06:26,253.0,300,87250
20231228,13:06:58,252.5,50,85700
20231228,13:07:16,252.5,150,85700
20231228,13:07:17,252.5,50,85700
20231228,13:07:20,252.5,200,85700
20231228,13:08:27,251.1,50,85700
20231228,13:09:28,250.5,100,85700
20231228,13:09:29,249.0,250,85750
20231228,13:10:50,249.4,50,85750
20231228,13:12:18,250.15,100,85750
20231228,13:12:35,249.85,200,86000
20231228,13:12:44,249.05,350,86000
20231228,13:13:30,247.8,50,86000
20231228,13:14:17,247.8,200,86000
20231228,13:14:26,248.0,400,86000
20231228,13:14:35,248.5,200,86000
20231228,13:15:02,249.15,50,86000
20231228,13:15:10,248.45,100,86000
20231228,13:15:20,249.25,50,86000
20231228,13:15:39,248.7,50,86200
20231228,13:15:42,248.5,100,86200
20231228,13:15:45,249.05,50,86200
20231228,13:15:47,249.15,50,86200
20231228,13:15:50,249.5,50,86200
20231228,13:15:54,249.45,50,86200
20231228,13:16:05,250.35,50,86200
20231228,13:16:08,251.45,250,86200
20231228,13:16:13,249.95,50,86200
20231228,13:16:14,249.95,100,86200
20231228,13:16:19,250.4,700,86200
20231228,13:16:45,250.25,200,86200
20231228,13:16:54,251.55,250,86200
20231228,13:17:03,252.4,1650,86200
20231228,13:17:15,252.1,600,86200
20231228,13:17:25,251.65,50,86200
20231228,13:17:52,252.8,50,86200
20231228,13:18:05,252.85,450,86200
20231228,13:19:43,252.2,100,86850
20231228,13:21:59,252.85,100,86850
20231228,13:22:07,252.55,350,86850
20231228,13:22:30,252.45,200,86850
20231228,13:22:55,253.8,50,86850
20231228,13:23:19,253.05,50,86850
20231228,13:23:27,253.05,50,86850
20231228,13:24:33,254.3,250,86850
20231228,13:24:41,255.0,50,86750
20231228,13:25:07,256.3,100,86750
20231228,13:25:40,255.1,50,86750
20231228,13:25:51,255.2,50,86750
20231228,13:25:59,254.9,50,86750
20231228,13:26:05,255.0,50,86750
20231228,13:26:12,255.45,50,86750
20231228,13:26:53,257.55,100,86750
20231228,13:27:29,259.4,350,86750
20231228,13:27:39,259.45,350,86750
20231228,13:27:48,260.5,50,86150
20231228,13:28:15,262.5,350,86150
20231228,13:28:20,263.05,100,86150
20231228,13:28:25,263.3,50,86150
20231228,13:28:27,263.1,50,86150
20231228,13:28:31,262.25,50,86150
20231228,13:28:33,261.85,50,86150
20231228,13:28:49,260.0,50,86150
20231228,13:28:56,259.55,50,86150
20231228,13:29:40,254.4,200,86150
20231228,13:30:08,255.05,50,86150
20231228,13:30:11,255.2,250,86150
20231228,13:33:26,261.55,50,85950
20231228,13:33:34,260.75,50,85900
20231228,13:34:07,259.7,50,85900
20231228,13:34:42,260.15,50,85900
20231228,13:35:28,260.0,200,85900
20231228,13:36:35,260.05,100,85900
20231228,13:36:44,260.6,50,85950
20231228,13:36:54,263.15,550,85950
20231228,13:37:12,260.9,50,85950
20231228,13:37:35,260.55,100,85950
20231228,13:38:01,259.3,450,85950
20231228,13:38:14,257.3,50,85950
20231228,13:38:27,256.75,100,85950
20231228,13:38:34,256.8,200,85950
20231228,13:38:40,255.65,450,85950
20231228,13:38:52,255.45,50,85950
20231228,13:39:59,255.0,600,85850
20231228,13:40:32,254.5,200,85850
20231228,13:40:48,254.0,600,85850
20231228,13:40:56,253.55,50,85850
20231228,13:41:12,253.55,600,85850
20231228,13:41:20,252.7,550,85850
20231228,13:41:28,252.1,50,85850
20231228,13:41:37,251.95,1200,85850
20231228,13:41:45,251.45,500,85850
20231228,13:41:53,251.5,1000,85850
20231228,13:42:01,251.5,550,85850
20231228,13:42:30,252.75,400,85850
20231228,13:42:40,252.45,100,84550
20231228,13:42:46,252.25,50,84550
20231228,13:42:51,252.85,150,84550
20231228,13:42:52,254.25,50,84550
20231228,13:42:54,254.65,50,84550
20231228,13:43:12,255.15,100,84550
20231228,13:43:13,255.45,50,84550
20231228,13:43:23,255.95,50,84550
20231228,13:43:27,257.1,100,84550
20231228,13:43:29,256.1,50,84550
20231228,13:43:52,257.6,50,84550
20231228,13:44:55,257.35,50,84550
20231228,13:46:11,258.0,50,84650
20231228,13:46:29,258.7,100,84650
20231228,13:46:47,257.2,50,84650
20231228,13:46:56,256.75,150,84650
20231228,13:47:04,256.1,300,84650
20231228,13:47:12,256.0,250,84650
20231228,13:47:16,256.4,50,84650
20231228,13:47:42,257.9,250,84650
20231228,13:49:47,255.25,50,84500
20231228,13:50:10,253.7,50,84500
20231228,13:50:11,254.2,100,84500
20231228,13:50:14,254.2,100,84500
20231228,13:51:05,255.65,50,84500
20231228,13:51:13,255.2,50,84500
20231228,13:51:18,254.8,250,84500
20231228,13:51:50,255.2,150,84900
20231228,13:51:58,255.0,50,84900
20231228,13:52:39,255.0,150,84900
20231228,13:53:03,254.4,50,84900
20231228,13:53:38,254.95,50,84900
20231228,13:54:13,254.5,50,84900
20231228,13:54:28,254.5,100,84900
20231228,13:54:44,254.0,100,85100
20231228,13:55:35,256.55,50,85100
20231228,13:56:00,255.8,50,85100
20231228,13:56:09,256.65,150,85100
20231228,13:56:25,257.2,250,85100
20231228,13:56:48,256.35,50,85100
20231228,13:56:56,255.8,50,85100
20231228,13:57:05,255.9,50,85100
20231228,13:57:21,256.8,50,85100
20231228,13:57:44,257.15,300,84750
20231228,13:57:53,256.8,50,84750
20231228,13:58:02,257.0,150,84750
20231228,13:58:10,257.25,50,84750
20231228,13:58:50,257.05,50,84750
20231228,13:59:10,259.45,350,84750
20231228,13:59:41,257.0,50,84750
20231228,13:59:51,257.0,150,84750
20231228,13:59:55,256.8,50,84750
20231228,14:00:05,255.65,50,84750
20231228,14:00:09,255.45,350,84750
20231228,14:00:15,255.45,350,84750
20231228,14:00:50,255.05,50,86250
20231228,14:00:52,255.15,50,86250
20231228,14:01:04,255.05,50,86250
20231228,14:01:08,254.9,50,86250
20231228,14:01:54,254.3,50,86250
20231228,14:02:13,254.05,50,86250
20231228,14:02:22,254.0,50,86250
20231228,14:02:58,250.35,200,86250
20231228,14:03:17,247.0,50,86250
20231228,14:03:22,246.7,400,86250
20231228,14:03:24,246.8,600,86250
20231228,14:03:33,247.65,100,86250
20231228,14:03:52,245.45,1950,86400
20231228,14:03:55,245.7,450,86400
20231228,14:03:55,245.8,100,86400
20231228,14:04:01,247.0,50,86400
20231228,14:04:03,246.6,900,86400
20231228,14:05:36,249.0,50,86400
20231228,14:05:42,248.45,50,86400
20231228,14:05:57,249.6,400,86400
20231228,14:06:13,250.05,500,86400
20231228,14:06:22,249.85,50,86400
20231228,14:06:30,250.65,100,86400
20231228,14:07:19,250.2,50,89650
20231228,14:08:11,248.9,50,89650
20231228,14:08:24,247.2,100,89650
20231228,14:08:40,247.85,50,89650
20231228,14:10:16,251.5,250,89800
20231228,14:10:33,251.95,50,89800
20231228,14:10:41,250.6,50,89800
20231228,14:10:59,252.35,500,89800
20231228,14:11:33,252.7,150,89800
20231228,14:11:58,253.95,50,89800
20231228,14:12:15,254.0,50,89800
20231228,14:12:23,253.75,50,89800
20231228,14:14:18,254.1,50,89650
20231228,14:14:27,254.8,400,89650
20231228,14:14:54,256.0,300,89650
20231228,14:15:29,254.0,300,89650
20231228,14:15:46,254.5,300,89900
20231228,14:15:54,254.5,600,89900
20231228,14:16:02,253.95,650,89900
20231228,14:16:10,254.5,150,89900
20231228,14:16:34,255.75,50,89900
20231228,14:16:38,255.05,100,89900
20231228,14:16:39,254.65,450,89900
20231228,14:16:41,254.15,300,89900
20231228,14:17:05,255.2,50,89900
20231228,14:17:11,254.05,300,89900
20231228,14:17:24,254.9,300,89900
20231228,14:17:32,254.45,50,89900
20231228,14:17:49,253.8,100,89900
20231228,14:17:57,254.65,200,89900
20231228,14:18:15,255.9,450,89900
20231228,14:18:34,258.45,100,89900
20231228,14:18:51,257.35,100,91550
20231228,14:19:00,258.1,100,91550
20231228,14:19:09,260.2,50,91550
20231228,14:19:50,260.4,50,91550
20231228,14:19:54,260.85,50,91550
20231228,14:19:59,260.7,50,91550
20231228,14:20:14,259.7,100,91550
20231228,14:20:24,260.35,100,91550
20231228,14:20:28,260.9,50,91550
20231228,14:20:31,261.05,50,91550
20231228,14:20:34,260.85,50,91550
20231228,14:20:40,260.0,150,91550
20231228,14:20:41,259.65,100,91550
20231228,14:20:43,260.3,50,91550
20231228,14:20:45,260.0,50,91550
20231228,14:20:46,259.25,500,91550
20231228,14:20:52,258.0,100,91550
20231228,14:21:21,258.7,150,91550
20231228,14:21:36,257.35,250,91550
20231228,14:22:11,255.9,250,92300
20231228,14:22:12,255.95,100,92300
20231228,14:22:13,255.95,500,92300
20231228,14:22:24,255.65,100,92300
20231228,14:22:31,255.95,100,92300
20231228,14:22:40,254.75,50,92300
20231228,14:22:43,254.7,50,92300
20231228,14:22:45,253.9,200,92300
20231228,14:22:49,255.25,1100,92300
20231228,14:22:51,255.25,450,92300
20231228,14:22:54,255.65,50,92300
20231228,14:23:02,256.15,200,92300
20231228,14:23:33,256.05,250,92300
20231228,14:23:42,256.05,100,92300
20231228,14:23:44,256.2,200,92300
20231228,14:23:46,256.15,1050,92300
20231228,14:23:50,256.0,200,92300
20231228,14:26:30,254.85,50,95600
20231228,14:27:36,252.65,150,95600
20231228,14:27:40,252.85,50,95600
20231228,14:28:08,251.1,50,95700
20231228,14:28:54,250.6,400,95700
20231228,14:29:07,252.0,350,95700
20231228,14:29:13,252.0,5200,95700
20231228,14:29:34,253.65,150,95700
20231228,14:29:37,253.4,100,95700
20231228,14:29:42,253.9,100,95700
20231228,14:30:10,255.05,50,95700
20231228,14:30:17,256.45,50,95700
20231228,14:30:20,254.9,50,95700
20231228,14:30:22,254.7,50,95700
20231228,14:30:49,254.75,50,94550
20231228,14:30:55,254.6,50,94550
20231228,14:31:03,254.8,50,94550
20231228,14:31:07,255.65,50,94550
20231228,14:31:10,254.75,50,94550
20231228,14:31:13,255.7,100,94550
20231228,14:31:20,255.9,100,94550
20231228,14:31:28,256.05,50,94550
20231228,14:31:44,255.2,50,94550
20231228,14:31:53,251.6,250,94550
20231228,14:32:02,252.95,350,94550
20231228,14:32:10,252.8,150,94550
20231228,14:32:17,251.15,50,94550
20231228,14:32:33,252.1,50,94550
20231228,14:32:49,251.95,50,94550
20231228,14:32:53,252.0,2900,94550
20231228,14:32:56,251.95,50,94550
20231228,14:32:57,252.0,800,94550
20231228,14:33:01,252.7,150,94550
20231228,14:33:11,252.15,50,94550
20231228,14:33:21,252.95,50,94550
20231228,14:33:22,253.25,50,94550
20231228,14:33:37,253.0,50,94550
20231228,14:33:46,253.8,50,93400
20231228,14:34:08,252.15,100,93400
20231228,14:34:49,253.1,150,93400
20231228,14:34:57,253.5,150,93400
20231228,14:35:06,253.35,50,93400
20231228,14:35:14,253.25,100,93400
20231228,14:35:31,253.15,50,93400
20231228,14:35:39,253.35,100,93400
20231228,14:35:47,252.25,150,93400
20231228,14:35:56,252.15,100,93400
20231228,14:36:12,251.6,250,93400
20231228,14:36:59,251.6,50,93350
20231228,14:37:00,251.45,1000,93350
20231228,14:37:10,251.0,50,93350
20231228,14:37:11,250.95,50,93350
20231228,14:37:14,251.3,200,93350
20231228,14:37:20,251.55,500,93350
20231228,14:38:04,252.4,250,93350
20231228,14:38:07,251.55,50,93350
20231228,14:38:21,253.05,450,93350
20231228,14:38:29,252.7,50,93350
20231228,14:38:49,254.15,50,93350
20231228,14:38:55,254.3,500,93350
20231228,14:39:11,254.1,150,93350
20231228,14:39:12,254.0,100,93350
20231228,14:39:19,253.9,50,93350
20231228,14:39:28,254.75,50,93350
20231228,14:39:29,254.4,50,93350
20231228,14:39:35,254.65,50,93350
20231228,14:39:38,254.75,50,93350
20231228,14:40:00,255.5,500,92950
20231228,14:40:05,254.05,50,92950
20231228,14:40:14,254.6,50,92950
20231228,14:40:17,254.7,50,92950
20231228,14:40:26,255.9,400,92950
20231228,14:40:43,256.0,50,92950
20231228,14:40:52,256.55,250,92950
20231228,14:41:00,256.7,100,92950
20231228,14:41:09,256.7,100,92950
20231228,14:41:15,257.35,50,92950
20231228,14:41:20,256.15,50,92950
20231228,14:41:22,256.85,50,92950
20231228,14:41:33,255.85,550,92950
20231228,14:41:34,255.0,100,92950
20231228,14:41:41,254.9,100,92950
20231228,14:41:46,254.55,50,92950
20231228,14:42:17,253.15,50,92950
20231228,14:42:28,253.35,50,92950
20231228,14:42:30,252.8,50,92950
20231228,14:42:52,252.6,450,92250
20231228,14:43:53,254.75,50,92250
20231228,14:44:01,255.3,100,92250
20231228,14:44:03,254.9,450,92250
20231228,14:45:53,253.7,50,92850
20231228,14:46:43,255.0,50,92850
20231228,14:48:19,257.05,1000,92850
20231228,14:48:25,258.95,50,92850
20231228,14:48:26,258.05,50,92850
20231228,14:48:27,258.3,350,92850
20231228,14:48:31,258.0,100,92850
20231228,14:48:32,258.7,450,92850
20231228,14:48:35,258.1,100,92850
20231228,14:48:36,258.15,50,92850
20231228,14:48:43,259.95,50,92850
20231228,14:48:44,259.95,400,92850
20231228,14:48:47,261.6,300,91350
20231228,14:48:48,262.15,400,91350
20231228,14:48:49,261.6,150,91350
20231228,14:48:50,261.1,600,91350
20231228,14:48:51,262.1,250,91350
20231228,14:48:52,262.15,450,91350
20231228,14:48:53,262.55,100,91350
20231228,14:48:54,263.1,300,91350
20231228,14:48:55,263.35,50,91350
20231228,14:48:56,263.15,600,91350
20231228,14:48:57,263.25,300,91350
20231228,14:48:58,262.05,50,91350
20231228,14:48:59,261.9,100,91350
20231228,14:49:00,262.3,100,91350
20231228,14:49:20,261.1,100,91350
20231228,14:49:27,260.45,50,91350
20231228,14:49:29,260.65,50,91350
20231228,14:49:35,259.2,50,91350
20231228,14:49:39,259.95,250,91350
20231228,14:49:40,259.3,50,91350
20231228,14:49:41,259.2,50,91350
20231228,14:49:44,258.85,100,91350
20231228,14:49:45,258.55,50,91350
20231228,14:49:46,258.8,50,91350
20231228,14:49:47,257.7,100,91350
20231228,14:49:49,257.9,100,91350
20231228,14:49:49,257.65,50,91350
20231228,14:49:52,256.85,450,91350
20231228,14:49:55,256.8,100,91350
20231228,14:50:01,256.1,450,91350
20231228,14:50:06,256.8,100,91350
20231228,14:50:08,256.75,50,91350
20231228,14:50:09,256.35,50,91350
20231228,14:50:19,257.35,150,91350
20231228,14:50:21,257.4,100,91350
20231228,14:50:25,258.7,550,91350
20231228,14:50:27,258.75,50,91350
20231228,14:50:28,258.55,100,91350
20231228,14:50:32,259.35,50,91350
20231228,14:50:34,258.7,500,91350
20231228,14:50:40,259.2,150,91350
20231228,14:50:42,259.95,50,91350
20231228,14:50:45,259.75,100,91350
20231228,14:50:50,259.95,100,91350
20231228,14:50:58,259.95,50,91350
20231228,14:51:00,259.75,50,91350
20231228,14:51:01,259.6,150,91350
20231228,14:51:02,259.8,50,91350
20231228,14:51:07,259.75,150,91350
20231228,14:51:16,258.6,50,91350
20231228,14:51:19,258.6,150,91350
20231228,14:51:20,258.5,50,91350
20231228,14:51:26,257.6,50,91350
20231228,14:51:30,257.1,50,91350
20231228,14:51:39,257.9,50,91350
20231228,14:51:43,258.0,50,91350
20231228,14:52:00,257.65,100,88100
20231228,14:52:03,257.55,50,88100
20231228,14:52:10,257.8,50,88100
20231228,14:52:23,257.4,200,88100
20231228,14:52:32,258.45,100,88100
20231228,14:52:40,257.1,450,88100
20231228,14:52:57,257.95,100,88100
20231228,14:53:14,258.45,100,88100
20231228,14:53:22,258.25,700,88100
20231228,14:53:30,258.4,200,88100
20231228,14:53:56,258.95,150,88100
20231228,14:54:17,260.1,50,88100
20231228,14:54:18,259.4,50,88100
20231228,14:54:31,258.9,750,88100
20231228,14:54:32,258.8,50,88100
20231228,14:54:39,258.0,50,88100
20231228,14:54:40,258.0,50,88100
20231228,14:54:48,258.0,50,87050
20231228,14:55:03,258.0,200,87050
20231228,14:55:08,258.0,50,87050
20231228,14:55:09,258.0,1400,87050
20231228,14:55:13,256.3,100,87050
20231228,14:55:17,255.45,450,87050
20231228,14:55:18,254.9,450,87050
20231228,14:55:22,253.1,500,87050
20231228,14:55:45,252.6,50,87050
20231228,14:56:40,250.9,100,87050
20231228,14:57:18,248.75,50,87050
20231228,14:57:26,248.8,50,87050
20231228,14:57:28,248.45,50,87050
20231228,14:57:29,247.85,100,87050
20231228,14:57:31,247.75,50,87050
20231228,14:57:33,247.8,50,87050
20231228,14:57:37,246.45,200,87050
20231228,14:57:38,245.0,100,87050
20231228,14:57:41,243.0,250,87050
20231228,14:57:43,243.0,150,87050
20231228,14:57:51,244.15,50,87450
20231228,14:57:56,245.0,50,87450
20231228,14:58:05,243.85,50,87450
20231228,14:58:15,244.45,50,87450
20231228,14:58:30,242.1,100,87450
20231228,14:58:48,242.1,250,87450
20231228,14:58:52,245.0,100,87450
20231228,14:59:00,246.4,600,87450
20231228,14:59:19,246.35,500,87450
20231228,14:59:30,248.55,50,87450
20231228,15:00:13,241.6,100,87450
20231228,15:00:25,240.65,350,87450
20231228,15:00:44,240.65,100,87450
20231228,15:00:54,245.0,100,88200
20231228,15:01:03,246.35,50,88200
20231228,15:01:36,247.55,50,88200
20231228,15:01:46,248.8,100,88200
20231228,15:01:48,250.45,50,88200
20231228,15:01:49,251.15,50,88200
20231228,15:01:54,253.85,50,88200
20231228,15:01:55,255.05,200,88200
20231228,15:01:56,254.0,150,88200
20231228,15:01:59,253.5,50,88200
20231228,15:02:00,253.5,50,88200
20231228,15:02:05,252.8,50,88200
20231228,15:02:06,251.1,450,88200
20231228,15:02:07,250.5,50,88200
20231228,15:02:08,250.35,300,88200
20231228,15:02:19,250.25,50,88200
20231228,15:02:26,252.0,50,88200
20231228,15:02:38,253.0,50,88200
20231228,15:02:46,251.2,350,88200
20231228,15:02:47,251.05,50,88200
20231228,15:03:13,248.9,50,88200
20231228,15:03:17,249.6,200,88200
20231228,15:03:18,248.8,100,88200
20231228,15:03:20,249.0,50,88200
20231228,15:03:41,248.0,50,88200
20231228,15:03:54,246.1,300,87450
20231228,15:04:01,246.15,50,87450
20231228,15:04:11,246.0,200,87450
20231228,15:04:14,245.9,50,87450
20231228,15:04:20,246.25,50,87450
20231228,15:04:29,245.2,400,87450
20231228,15:04:32,245.1,50,87450
20231228,15:04:36,245.7,250,87450
20231228,15:04:38,245.95,400,87450
20231228,15:04:38,246.95,550,87450
20231228,15:04:43,246.85,50,87450
20231228,15:04:45,246.65,100,87450
20231228,15:04:55,244.8,300,87450
20231228,15:04:56,245.45,200,87450
20231228,15:05:18,244.95,250,87450
20231228,15:05:59,244.05,100,87450
20231228,15:06:06,241.65,200,87450
20231228,15:06:12,243.4,50,87450
20231228,15:06:13,243.75,50,87450
20231228,15:06:16,244.8,250,87450
20231228,15:06:25,244.8,300,87450
20231228,15:06:43,245.35,100,87450
20231228,15:06:52,245.7,150,87450
20231228,15:07:00,243.45,250,87400
20231228,15:07:09,243.75,200,87400
20231228,15:07:44,243.5,400,87400
20231228,15:07:54,243.1,100,87400
20231228,15:08:03,243.4,50,87400
20231228,15:08:23,243.45,50,87400
20231228,15:08:32,243.9,50,87400
20231228,15:09:00,243.05,600,87400
20231228,15:09:09,241.75,300,87400
20231228,15:09:29,241.35,50,87400
20231228,15:09:58,242.7,550,87150
20231228,15:10:08,244.4,2000,87150
20231228,15:10:19,244.6,500,87150
20231228,15:10:37,244.8,100,87150
20231228,15:10:46,244.4,350,87150
20231228,15:10:55,244.3,200,87150
20231228,15:11:04,244.0,100,87150
20231228,15:11:12,243.0,2250,87150
20231228,15:11:21,242.45,900,87150
20231228,15:11:30,243.05,600,87150
20231228,15:11:39,242.65,250,87150
20231228,15:11:48,243.45,1350,87150
20231228,15:11:57,243.35,750,87150
20231228,15:12:06,244.45,800,87150
20231228,15:12:15,243.35,450,87150
20231228,15:12:23,244.35,50,87150
20231228,15:12:32,244.05,250,87150
20231228,15:12:41,243.95,200,87150
20231228,15:12:50,244.7,250,80400
20231228,15:13:07,244.7,100,80400
20231228,15:13:15,245.5,1300,80400
20231228,15:13:16,245.35,350,80400
20231228,15:13:17,245.35,350,80400
20231228,15:13:18,245.4,450,80400
20231228,15:13:19,245.5,200,80400
20231228,15:13:20,245.5,50,80400
20231228,15:13:21,245.5,150,80400
20231228,15:13:26,245.5,50,80400
20231228,15:13:30,245.5,300,80400
20231228,15:13:31,245.5,100,80400
20231228,15:13:32,246.05,100,80400
20231228,15:13:33,246.35,150,80400
20231228,15:13:34,246.3,50,80400
20231228,15:13:35,246.5,250,80400
20231228,15:13:37,246.35,150,80400
20231228,15:13:38,246.5,50,80400
20231228,15:13:41,246.7,50,80400
20231228,15:13:42,245.95,150,80400
20231228,15:13:51,246.2,50,80400
20231228,15:13:58,246.2,50,80400
20231228,15:14:13,245.7,500,80400
20231228,15:14:37,244.25,700,80400
20231228,15:14:38,243.9,500,80400
20231228,15:14:44,243.2,50,80400
20231228,15:14:46,242.8,500,80400
20231228,15:14:49,242.75,450,80400
20231228,15:14:50,242.8,100,80400
20231228,15:14:52,242.5,150,80400
20231228,15:14:56,242.85,100,80400
20231228,15:14:59,242.05,400,80400
20231228,15:15:01,242.95,650,80400
20231228,15:15:16,242.9,100,80400
20231228,15:15:24,242.1,50,80400
20231228,15:15:38,242.0,50,80400
20231228,15:15:48,241.3,50,76750
20231228,15:16:00,241.25,50,76750
20231228,15:16:09,240.8,250,76750
20231228,15:16:14,240.0,1800,76750
20231228,15:16:23,239.85,300,76750
20231228,15:16:40,239.95,50,76750
20231228,15:16:51,239.95,50,76750
20231228,15:17:03,238.9,200,76750
20231228,15:17:13,238.9,1200,76750
20231228,15:17:23,241.8,400,76750
20231228,15:17:32,242.55,100,76750
20231228,15:18:00,243.4,600,76750
20231228,15:18:17,244.3,300,76750
20231228,15:18:38,244.5,150,76750
20231228,15:19:15,241.0,350,78400
20231228,15:19:25,240.95,100,78400
20231228,15:19:30,240.55,50,78400
20231228,15:19:36,240.95,500,78400
20231228,15:19:37,241.15,250,78400
20231228,15:19:42,240.75,50,78400
20231228,15:19:53,241.15,200,78400
20231228,15:19:54,241.2,50,78400
20231228,15:19:56,241.15,50,78400
20231228,15:20:10,242.4,50,78400
20231228,15:20:12,241.85,50,78400
20231228,15:20:17,242.95,50,78400
20231228,15:20:20,243.15,100,78400
20231228,15:20:25,242.95,150,78400
20231228,15:20:26,243.1,150,78400
20231228,15:20:31,243.05,350,78400
20231228,15:20:41,243.05,150,78400
20231228,15:20:49,242.25,50,78400
20231228,15:20:51,242.25,100,78400
20231228,15:20:53,242.0,50,78400
20231228,15:20:55,241.85,50,78400
20231228,15:21:00,241.95,250,78400
20231228,15:21:01,241.8,200,78400
20231228,15:21:02,241.95,200,78400
20231228,15:21:03,242.0,200,78400
20231228,15:21:04,242.1,100,78400
20231228,15:21:05,242.1,200,78400
20231228,15:21:06,242.1,200,78400
20231228,15:21:07,242.1,200,78400
20231228,15:21:11,242.0,150,78400
20231228,15:21:14,243.0,100,78400
20231228,15:21:18,243.15,50,78400
20231228,15:21:18,243.35,50,78400
20231228,15:21:21,243.0,150,78400
20231228,15:21:27,243.05,100,78400
20231228,15:21:29,243.35,50,78400
20231228,15:21:30,242.25,150,78400
20231228,15:21:38,242.3,150,78400
20231228,15:21:49,243.7,50,77200
20231228,15:21:59,243.1,50,77200
20231228,15:22:01,243.2,50,77200
20231228,15:22:03,242.6,50,77200
20231228,15:22:06,242.45,300,77200
20231228,15:22:10,242.8,50,77200
20231228,15:22:14,243.45,150,77200
20231228,15:22:30,243.5,50,77200
20231228,15:22:36,243.9,50,77200
20231228,15:22:38,244.3,100,77200
20231228,15:22:39,244.25,50,77200
20231228,15:22:40,244.35,100,77200
20231228,15:22:41,244.45,100,77200
20231228,15:22:42,244.15,50,77200
20231228,15:22:43,244.9,400,77200
20231228,15:22:46,244.8,50,77200
20231228,15:22:48,245.05,100,77200
20231228,15:22:50,244.9,50,77200
20231228,15:22:52,245.0,50,77200
20231228,15:22:58,245.9,1100,77200
20231228,15:22:59,245.8,200,77200
20231228,15:23:07,247.05,150,77200
20231228,15:23:08,246.25,100,77200
20231228,15:23:12,246.55,200,77200
20231228,15:23:23,246.75,50,77200
20231228,15:23:24,246.8,50,77200
20231228,15:23:29,247.7,100,77200
20231228,15:23:32,248.3,100,77200
20231228,15:23:32,247.85,100,77200
20231228,15:23:33,248.0,100,77200
20231228,15:23:39,248.95,50,77200
20231228,15:23:40,249.05,350,77200
20231228,15:23:41,248.5,100,77200
20231228,15:23:43,248.45,50,77200
20231228,15:23:44,249.0,450,77200
20231228,15:23:45,249.6,150,77200
20231228,15:23:46,250.0,350,77200
20231228,15:23:49,250.05,50,77200
20231228,15:23:51,251.05,100,77200
20231228,15:23:52,251.05,50,77200
20231228,15:23:56,252.25,300,77200
20231228,15:23:57,252.3,100,77200
20231228,15:23:58,253.0,550,77200
20231228,15:23:59,253.0,200,77200
20231228,15:24:02,252.65,100,77200
20231228,15:24:03,253.7,100,77200
20231228,15:24:04,254.0,100,77200
20231228,15:24:07,255.0,600,77200
20231228,15:24:09,256.5,50,77200
20231228,15:24:10,254.3,100,77200
20231228,15:24:11,256.0,50,77200
20231228,15:24:13,256.5,900,77200
20231228,15:24:14,254.65,2000,77200
20231228,15:24:15,254.2,900,77200
20231228,15:24:24,257.5,250,77200
20231228,15:24:26,257.5,250,77200
20231228,15:24:31,258.5,450,77200
20231228,15:24:41,258.0,300,77200
20231228,15:24:55,259.7,500,71000
20231228,15:25:03,258.6,50,71000
20231228,15:25:24,252.4,200,71000
20231228,15:25:44,253.9,750,71000
20231228,15:25:53,251.7,1100,71000
20231228,15:26:02,252.05,100,71000
20231228,15:26:13,251.85,250,71000
20231228,15:26:19,254.95,100,71000
20231228,15:26:20,255.0,50,71000
20231228,15:26:26,256.3,100,71000
20231228,15:26:28,256.6,650,71000
20231228,15:26:30,257.15,50,71000
20231228,15:26:31,256.7,100,71000
20231228,15:26:34,256.45,500,71000
20231228,15:26:36,255.8,200,71000
20231228,15:26:37,256.45,250,71000
20231228,15:26:40,256.4,50,71000
20231228,15:26:50,256.85,600,71000
20231228,15:26:51,256.4,150,71000
20231228,15:26:53,257.5,400,71000
20231228,15:26:56,257.5,1150,71000
20231228,15:26:58,254.7,500,71000
20231228,15:26:59,254.7,100,71000
20231228,15:27:02,253.4,50,71000
20231228,15:27:09,255.3,50,71000
20231228,15:27:10,255.65,1000,71000
20231228,15:27:44,254.0,50,71000
20231228,15:27:47,254.0,50,71000
20231228,15:27:50,253.25,200,71000
20231228,15:27:54,255.4,700,70600
20231228,15:28:06,255.15,50,70600
20231228,15:28:07,255.3,50,70600
20231228,15:28:08,255.3,100,70600
20231228,15:28:11,257.65,50,70600
20231228,15:28:15,253.5,100,70600
20231228,15:28:24,258.3,750,70600
20231228,15:28:26,253.95,50,70600
20231228,15:28:33,255.0,50,70600
20231228,15:28:44,256.35,50,70600
20231228,15:28:47,255.0,100,70600
20231228,15:28:48,254.6,50,70600
20231228,15:28:59,256.15,50,70600
20231228,15:29:05,254.5,300,70600
20231228,15:29:06,256.95,100,70600
20231228,15:29:08,254.65,150,70600
20231228,15:29:09,256.95,50,70600
20231228,15:29:11,257.8,250,70600
20231228,15:29:15,255.05,200,70600
20231228,15:29:15,256.35,800,70600
20231228,15:29:17,256.6,1250,70600
20231228,15:29:20,257.8,200,70600
20231228,15:29:22,256.0,100,70600
20231228,15:29:23,258.0,50,70600
20231228,15:29:26,255.0,50,70600
20231228,15:29:45,258.8,100,70600
20231228,15:29:53,259.95,150,70600
20231229,09:15:01,260.0,1,70600
20231229,09:15:01,260.0,50,70600
20231229,09:15:07,274.95,950,72800
20231229,09:15:16,274.95,750,72800
20231229,09:15:20,272.5,500,72800
20231229,09:15:24,279.5,700,72800
20231229,09:15:27,281.05,550,72800
20231229,09:15:31,285.5,100,72800
20231229,09:15:35,285.5,1450,72800
20231229,09:15:38,279.5,350,72800
20231229,09:15:42,274.95,3400,72800
20231229,09:15:46,274.65,150,72800
20231229,09:15:49,277.15,50,72800
20231229,09:15:53,276.7,450,72800
20231229,09:15:57,279.05,150,72800
20231229,09:16:01,280.9,100,72800
20231229,09:16:05,280.8,2850,72800
20231229,09:16:08,280.1,600,72800
20231229,09:16:12,280.95,150,72800
20231229,09:16:16,280.9,1250,72800
20231229,09:16:20,279.6,1100,72800
20231229,09:16:24,278.4,50,72800
20231229,09:16:27,278.9,1250,72800
20231229,09:16:31,281.9,900,72800
20231229,09:16:35,281.45,450,72800
20231229,09:16:38,285.0,250,72800
20231229,09:16:46,285.1,150,72800
20231229,09:16:49,284.2,100,72800
20231229,09:16:53,281.8,700,72800
20231229,09:17:08,282.7,150,74300
20231229,09:17:12,285.0,50,74300
20231229,09:17:30,285.8,2500,74300
20231229,09:17:34,286.1,1300,74300
20231229,09:17:38,284.1,1850,74300
20231229,09:17:41,285.6,450,74300
20231229,09:17:44,283.5,800,74300
20231229,09:17:48,286.3,250,74300
20231229,09:17:51,286.3,50,74300
20231229,09:17:56,287.0,100,74300
20231229,09:18:01,287.0,200,74300
20231229,09:18:03,287.1,50,74300
20231229,09:18:05,287.1,150,74300
20231229,09:18:20,285.3,450,74300
20231229,09:18:23,285.3,150,74300
20231229,09:18:28,285.8,400,74300
20231229,09:18:35,285.3,150,74300
20231229,09:18:36,286.05,300,74300
20231229,09:18:40,283.9,250,74300
20231229,09:18:41,282.9,550,74300
20231229,09:18:46,284.0,700,74300
20231229,09:18:56,285.55,50,74300
20231229,09:19:03,286.1,50,74300
