date,time,tick_price,volume,open_interest
20240109,14:19:57,2.95,50,150
20240109,14:20:56,2.8,100,150
20240110,09:15:15,2.5,1,150
20240110,09:15:15,2.5,50,150
20240110,09:17:21,3.05,50,150
20240110,09:25:23,3.05,50,250
20240110,09:28:28,3.05,100,300
20240110,09:40:26,3.05,50,350
20240110,10:03:54,3.05,50,400
20240110,10:04:41,3.05,50,400
20240110,10:10:15,3.05,1000,500
20240110,10:10:29,2.15,400,500
20240110,10:10:34,2.75,350,500
20240110,10:10:39,2.7,50,500
20240110,10:10:44,2.7,150,500
20240110,10:12:19,2.7,150,1500
20240110,10:13:44,2.65,650,1500
20240110,10:13:54,2.65,250,1500
20240110,10:21:03,2.5,100,2300
20240110,10:22:06,2.65,250,2300
20240110,10:22:19,2.65,250,2300
20240110,10:22:26,2.65,100,2300
20240110,10:33:30,2.65,100,2850
20240110,10:34:46,2.5,50,2850
20240110,10:43:17,2.35,50,2850
20240110,11:39:24,2.7,400,2900
20240110,11:44:48,2.7,900,3300
20240110,11:46:15,2.8,500,4200
20240110,11:47:01,2.6,1750,4200
20240110,11:47:04,2.6,1850,4200
20240110,11:47:09,2.6,2300,4200
20240110,11:47:13,2.55,1250,4200
20240110,11:47:15,2.55,500,4200
20240110,11:47:16,2.55,200,4200
20240110,11:47:18,2.55,400,4200
20240110,11:47:19,2.55,150,4200
20240110,11:51:14,2.55,100,12650
20240110,11:54:15,2.7,100,12750
20240110,11:56:17,2.55,100,12750
20240110,12:10:49,2.9,100,12850
20240110,12:11:05,2.7,200,12850
20240110,12:14:19,2.8,150,12950
20240110,12:21:22,2.85,150,12950
20240110,12:21:34,2.7,500,12950
20240110,12:21:38,2.75,600,12950
20240110,12:22:03,2.8,250,12950
20240110,12:22:33,2.7,800,12950
20240110,12:22:37,2.7,400,12950
20240110,12:22:41,2.7,400,12950
20240110,12:22:56,2.7,250,12950
20240110,12:23:05,2.7,100,12950
20240110,12:24:00,2.65,300,13950
20240110,12:29:03,2.7,250,13950
20240110,12:30:01,2.65,200,13950
20240110,12:52:22,2.3,100,13850
20240110,12:53:53,2.7,150,13850
20240110,13:43:27,2.1,100,13850
20240110,13:47:46,2.1,100,13850
20240110,13:48:02,2.55,200,13850
20240110,13:49:28,2.5,200,13850
20240110,13:49:58,2.55,50,13850
20240110,14:25:22,2.35,50,13800
20240110,14:35:49,2.1,750,13800
20240110,14:36:27,2.0,100,13800
20240110,14:39:25,1.95,250,13800
20240110,14:39:37,1.95,150,13800
20240110,14:41:43,1.95,600,13800
20240110,14:43:24,1.95,300,13800
20240110,14:43:30,1.95,150,13800
20240110,14:48:00,1.9,300,13800
20240110,14:48:07,1.9,250,13800
20240110,14:48:20,1.9,500,14050
20240110,14:48:28,1.9,750,14050
20240110,14:58:13,1.7,600,13800
20240110,15:03:35,1.7,450,13800
20240110,15:03:43,1.8,400,13800
20240110,15:03:52,1.85,800,13800
20240110,15:08:59,1.75,400,14600
20240110,15:09:10,1.7,250,14600
20240110,15:18:43,1.8,200,15250
20240110,15:22:33,2.0,1500,15450
20240110,15:22:53,1.8,50,15450
20240110,15:25:01,1.75,250,16450
20240110,15:25:46,1.75,200,16450
20240110,15:27:08,1.75,250,16450
20240110,15:27:59,1.7,250,15750
20240110,15:28:12,1.7,50,15750
20240110,15:28:32,1.75,500,15750
20240110,15:28:39,1.75,100,15750
20240110,15:29:17,1.8,500,15750
20240111,09:15:19,1.8,1,14950
20240111,09:15:19,1.8,50,14950
20240111,09:15:28,1.65,200,14950
20240111,09:18:43,1.65,500,15100
20240111,09:18:48,1.9,2150,15100
20240111,09:18:55,1.75,1500,15100
20240111,09:19:02,1.8,500,15100
20240111,09:19:08,1.8,1500,15100
20240111,09:19:15,1.85,950,15100
20240111,09:19:21,1.85,500,15100
20240111,09:19:29,1.85,500,15100
20240111,09:19:37,1.85,1200,15100
20240111,09:19:42,1.85,700,15100
20240111,09:19:46,1.85,500,15100
20240111,09:19:52,1.9,1950,15100
20240111,09:19:57,1.85,1700,15100
20240111,09:20:02,1.9,300,15100
20240111,09:20:07,1.85,50,15100
20240111,09:20:12,1.85,1750,15100
20240111,09:20:17,1.85,1000,15100
20240111,09:20:22,1.85,1000,15100
20240111,09:20:27,1.85,800,15100
20240111,09:20:34,1.75,1250,24800
20240111,09:20:41,1.85,800,24800
20240111,09:20:48,1.85,1900,24800
20240111,09:20:56,1.85,1750,24800
20240111,09:21:11,1.85,1800,24800
20240111,09:21:27,1.85,800,24800
20240111,09:21:34,1.8,1950,24800
20240111,09:21:42,1.85,700,24800
20240111,09:21:57,1.8,1300,24800
20240111,09:22:05,1.85,50,24800
20240111,09:22:27,1.75,100,24800
20240111,09:22:41,1.75,50,24800
20240111,09:22:49,1.75,50,24800
20240111,09:23:18,1.75,300,24800
20240111,09:23:33,1.75,100,34150
20240111,09:25:55,1.75,400,34150
20240111,09:26:25,1.75,50,34150
20240111,09:26:33,1.75,250,34150
20240111,09:30:45,1.7,200,34250
20240111,09:31:37,1.75,100,34250
20240111,09:32:00,1.7,1150,34250
20240111,09:32:25,1.7,50,34250
20240111,09:38:18,1.55,500,34800
20240111,09:39:14,1.55,350,35050
20240111,09:39:41,1.65,500,35050
20240111,09:42:25,1.6,500,35300
20240111,09:51:55,1.65,2100,35450
20240111,09:52:09,1.65,350,35450
20240111,09:54:49,1.7,300,34900
20240111,09:54:56,1.7,200,34900
20240111,10:00:17,1.65,1000,34900
20240111,10:02:34,1.7,150,34900
20240111,10:03:05,1.65,150,35400
20240111,10:03:52,1.6,800,35400
20240111,10:13:14,1.65,300,35550
20240111,10:17:33,1.6,200,35400
20240111,10:18:01,1.6,50,35500
20240111,10:18:08,1.6,250,35500
20240111,10:19:58,1.6,250,35500
20240111,10:23:51,1.6,700,35550
20240111,10:24:03,1.5,2200,35550
20240111,10:24:09,1.55,300,35550
20240111,10:24:27,1.6,50,35550
20240111,10:27:27,1.6,100,36150
20240111,10:28:25,1.6,1350,36150
20240111,10:30:36,1.55,250,36300
20240111,10:31:33,1.55,250,36300
20240111,10:32:33,1.55,250,36300
20240111,10:32:53,1.6,200,36300
20240111,10:34:08,1.65,1800,36300
20240111,10:34:22,1.65,150,36300
20240111,10:36:08,1.55,200,37600
20240111,10:41:46,1.6,50,37600
20240111,10:41:52,1.6,50,37600
20240111,10:45:25,1.55,1000,37600
20240111,10:59:20,1.65,50,37600
20240111,11:01:28,1.65,50,37650
20240111,11:01:33,1.65,50,37650
20240111,11:13:51,1.55,100,37700
20240111,11:30:33,1.55,250,37600
20240111,11:31:59,1.55,250,37600
20240111,11:37:19,1.55,1050,37600
20240111,12:00:04,1.6,50,37600
20240111,12:04:03,1.6,200,37600
20240111,12:06:13,1.6,450,37800
20240111,12:06:19,1.65,200,37800
20240111,12:10:31,1.7,200,37600
20240111,12:21:07,1.65,400,37800
20240111,12:21:12,1.55,50,37800
20240111,12:23:34,1.7,50,37800
20240111,12:31:21,1.65,50,37850
20240111,12:35:10,1.65,300,37850
20240111,12:36:39,1.7,250,37850
20240111,12:38:51,1.6,150,37850
20240111,12:39:28,1.75,300,37850
20240111,12:40:38,1.65,300,37850
20240111,12:59:27,1.7,200,37550
20240111,13:00:56,1.65,300,37750
20240111,13:02:02,1.7,200,37750
20240111,13:03:29,1.65,400,37950
20240111,13:10:57,1.65,550,37800
20240111,13:12:52,1.65,500,37800
20240111,13:16:37,1.6,50,37800
20240111,13:20:13,1.6,800,37800
20240111,13:20:45,1.6,200,37800
20240111,13:21:14,1.6,200,38000
20240111,13:30:50,1.5,50,38200
20240111,13:33:32,1.6,50,38200
20240111,13:52:43,1.55,250,38250
20240111,13:52:46,1.55,50,38250
20240111,13:55:05,1.55,100,38450
20240111,14:00:31,1.55,550,38450
20240111,14:02:24,1.55,350,38450
20240111,14:12:05,1.6,50,38250
20240111,14:14:06,1.6,300,38250
20240111,14:15:56,1.6,50,38250
20240111,14:16:05,1.6,200,38250
20240111,14:16:53,1.55,50,38250
20240111,14:19:01,1.55,50,38100
20240111,14:20:52,1.55,600,38100
20240111,14:22:36,1.55,100,38100
20240111,14:22:44,1.55,1000,38100
20240111,14:24:02,1.55,650,38100
20240111,14:28:25,1.5,600,39250
20240111,14:30:03,1.55,450,39250
20240111,14:32:26,1.5,100,39000
20240111,14:33:44,1.5,1100,39100
20240111,14:33:52,1.5,950,39100
20240111,14:36:04,1.45,50,39100
20240111,14:38:51,1.45,100,37350
20240111,14:39:20,1.45,600,37350
20240111,14:39:27,1.4,200,37350
20240111,14:43:58,1.4,400,37650
20240111,14:45:25,1.4,250,38050
20240111,14:47:09,1.4,150,38050
20240111,14:48:09,1.4,1550,38050
20240111,14:48:31,1.4,250,39050
20240111,14:49:30,1.4,1000,39050
20240111,14:49:37,1.4,300,39050
20240111,14:50:33,1.4,2000,39050
20240111,14:51:00,1.35,2750,39050
20240111,14:51:07,1.35,200,39050
20240111,14:51:22,1.3,7850,38700
20240111,14:51:30,1.25,10250,38700
20240111,14:51:39,1.25,1700,38700
20240111,14:51:47,1.25,200,38700
20240111,14:52:02,1.35,200,38700
20240111,14:52:09,1.35,200,38700
20240111,14:52:24,1.35,200,38700
20240111,14:52:31,1.35,200,38700
20240111,14:52:38,1.35,300,38700
20240111,14:54:36,1.35,100,51750
20240111,14:56:22,1.35,600,51750
20240111,14:58:33,1.35,1300,51750
20240111,14:59:10,1.35,800,51750
20240111,14:59:20,1.35,300,51750
20240111,14:59:54,1.35,100,51750
20240111,15:00:18,1.35,100,51750
20240111,15:00:43,1.35,50,51400
20240111,15:01:08,1.35,50,51400
20240111,15:01:17,1.3,4200,51400
20240111,15:01:25,1.35,200,51400
20240111,15:03:46,1.35,150,54750
20240111,15:03:52,1.3,1650,54750
20240111,15:03:58,1.3,800,54750
20240111,15:04:20,1.35,250,54750
20240111,15:06:27,1.25,1650,52950
20240111,15:06:43,1.25,700,52950
20240111,15:06:48,1.15,2450,52950
20240111,15:08:04,1.2,1000,52950
20240111,15:10:13,1.25,1500,55950
20240111,15:11:10,1.25,11900,55950
20240111,15:11:16,1.3,100,55950
20240111,15:11:23,1.3,4750,55950
20240111,15:12:07,1.25,200,55950
20240111,15:12:13,1.2,50,55950
20240111,15:12:44,1.3,50,43500
20240111,15:13:39,1.3,1000,43500
20240111,15:13:44,1.3,2000,43500
20240111,15:13:49,1.3,500,43500
20240111,15:14:00,1.3,650,43500
20240111,15:15:31,1.3,350,46650
20240111,15:15:36,1.3,650,46650
20240111,15:15:52,1.25,50,46650
20240111,15:16:14,1.25,800,46650
20240111,15:16:19,1.25,600,46650
20240111,15:17:53,1.2,2600,46650
20240111,15:18:13,1.25,250,46650
20240111,15:19:00,1.2,1000,48950
20240111,15:19:07,1.2,1000,48950
20240111,15:20:39,1.2,750,48950
20240111,15:20:58,1.2,550,48950
20240111,15:21:44,1.25,1000,50300
20240111,15:23:08,1.25,200,50300
20240111,15:26:52,1.2,650,49100
20240111,15:29:02,1.1,1450,48450
20240111,15:29:17,1.2,300,48450
20240111,15:29:38,1.25,1400,48450
20240111,15:30:01,1.25,300,48450
20240112,09:15:05,1.45,1,48050
20240112,09:15:05,1.5,1,48050
20240112,09:15:05,1.4,1,48050
20240112,09:15:05,1.45,1000,48050
20240112,09:15:06,1.35,3450,48050
20240112,09:15:07,1.3,250,48050
20240112,09:15:08,1.3,1100,48050
20240112,09:15:10,1.25,1700,48050
20240112,09:15:11,1.25,200,48050
20240112,09:15:12,1.2,600,48050
20240112,09:15:14,1.2,200,48050
20240112,09:15:21,1.15,550,48050
20240112,09:15:22,1.2,250,48050
20240112,09:15:26,1.25,1700,48050
20240112,09:15:29,1.25,150,48050
20240112,09:15:34,1.25,900,48050
20240112,09:15:37,1.3,300,48050
20240112,09:15:41,1.25,100,48050
20240112,09:15:42,1.25,1000,48050
20240112,09:15:44,1.2,1000,48050
20240112,09:15:54,1.15,50,48050
20240112,09:16:00,1.2,850,48050
20240112,09:16:02,1.2,500,48050
20240112,09:16:15,1.15,1500,48050
20240112,09:16:23,1.15,150,48050
20240112,09:16:24,1.2,250,48050
20240112,09:16:25,1.15,1000,48050
20240112,09:16:26,1.15,1500,48050
20240112,09:16:31,1.2,550,48050
20240112,09:16:46,1.2,50,48050
20240112,09:16:59,1.2,100,48050
20240112,09:17:03,1.2,650,48050
20240112,09:17:13,1.2,200,48050
20240112,09:17:15,1.2,250,48050
20240112,09:17:16,1.2,250,48050
20240112,09:17:29,1.15,1800,55400
20240112,09:17:38,1.15,700,55400
20240112,09:17:43,1.15,1450,55400
20240112,09:17:45,1.15,3000,55400
20240112,09:17:50,1.15,2150,55400
20240112,09:18:02,1.2,50,55400
20240112,09:18:26,1.2,250,55400
20240112,09:18:29,1.2,50,55400
20240112,09:18:51,1.2,10750,55400
20240112,09:19:07,1.2,1800,55400
20240112,09:19:10,1.2,1050,55400
20240112,09:19:12,1.15,500,55400
20240112,09:19:22,1.2,50,55400
20240112,09:19:41,1.2,50,55400
20240112,09:19:42,1.2,50,55400
20240112,09:19:43,1.2,100,55400
20240112,09:19:44,1.2,50,55400
20240112,09:19:46,1.2,50,55400
20240112,09:19:47,1.2,50,55400
20240112,09:19:48,1.2,50,55400
20240112,09:19:49,1.2,50,55400
20240112,09:19:50,1.2,50,55400
20240112,09:19:52,1.2,50,55400
20240112,09:19:54,1.2,50,55400
20240112,09:19:55,1.2,50,55400
20240112,09:19:56,1.2,100,55400
20240112,09:19:57,1.2,50,55400
20240112,09:19:58,1.2,50,55400
20240112,09:21:11,1.2,1550,66300
20240112,09:21:12,1.2,900,66300
20240112,09:21:13,1.2,1100,66300
20240112,09:21:14,1.2,150,66300
20240112,09:21:24,1.25,50,66300
20240112,09:21:33,1.25,100,66300
20240112,09:21:58,1.25,100,66300
20240112,09:22:05,1.2,100,66300
20240112,09:22:11,1.25,50,66300
20240112,09:22:16,1.25,200,66300
20240112,09:22:18,1.25,200,66300
20240112,09:22:19,1.25,50,66300
20240112,09:22:25,1.25,200,66300
20240112,09:22:49,1.25,50,66300
20240112,09:22:53,1.25,50,66300
20240112,09:23:05,1.25,500,66300
20240112,09:23:14,1.25,200,66300
20240112,09:23:15,1.25,300,66300
20240112,09:23:16,1.25,100,66300
20240112,09:23:16,1.25,1800,66300
20240112,09:23:17,1.25,100,66300
20240112,09:23:18,1.25,100,66300
20240112,09:23:19,1.25,400,72000
20240112,09:23:20,1.25,2400,72000
20240112,09:23:21,1.25,2200,72000
20240112,09:23:22,1.25,3600,72000
20240112,09:23:24,1.25,1100,72000
20240112,09:23:26,1.25,1000,72000
20240112,09:23:27,1.25,3250,72000
20240112,09:23:28,1.25,50,72000
20240112,09:23:29,1.25,50,72000
20240112,09:23:33,1.25,600,72000
20240112,09:23:37,1.25,50,72000
20240112,09:23:37,1.3,250,72000
20240112,09:23:38,1.3,100,72000
20240112,09:23:42,1.25,200,72000
20240112,09:23:49,1.3,50,72000
20240112,09:23:51,1.3,250,72000
20240112,09:23:54,1.3,4050,72000
20240112,09:23:57,1.3,50,72000
20240112,09:24:00,1.3,250,72000
20240112,09:24:03,1.3,50,72000
20240112,09:24:10,1.35,200,72000
20240112,09:24:26,1.35,100,72000
20240112,09:24:27,1.35,500,72000
20240112,09:24:36,1.35,400,72000
20240112,09:24:46,1.35,200,72000
20240112,09:24:49,1.35,250,72000
20240112,09:24:51,1.3,50,72000
20240112,09:24:52,1.3,50,72000
20240112,09:25:04,1.35,250,72000
20240112,09:25:07,1.35,100,72000
20240112,09:25:24,1.35,5150,72000
20240112,09:25:25,1.4,250,72000
20240112,09:25:33,1.4,350,72000
20240112,09:25:45,1.35,50,72000
20240112,09:25:47,1.35,2000,72000
20240112,09:25:57,1.4,500,72000
20240112,09:25:58,1.4,1900,72000
20240112,09:25:59,1.4,100,72000
20240112,09:26:00,1.4,750,72000
20240112,09:26:13,1.4,1600,72000
20240112,09:26:14,1.4,2250,72000
20240112,09:26:15,1.4,2450,72000
20240112,09:26:26,1.4,100,72000
20240112,09:26:27,1.4,100,75350
20240112,09:26:29,1.4,1250,75350
20240112,09:26:30,1.4,200,75350
20240112,09:26:44,1.4,100,75350
20240112,09:26:46,1.35,2200,75350
20240112,09:26:47,1.4,200,75350
20240112,09:26:48,1.4,100,75350
20240112,09:26:49,1.4,100,75350
20240112,09:26:54,1.4,250,75350
20240112,09:27:05,1.4,50,75350
20240112,09:27:09,1.4,600,75350
20240112,09:27:10,1.4,350,75350
20240112,09:27:15,1.4,300,75350
20240112,09:27:22,1.4,150,75350
20240112,09:27:28,1.4,50,75350
20240112,09:27:29,1.4,400,75350
20240112,09:27:56,1.4,50,75350
20240112,09:28:57,1.4,1800,75350
20240112,09:29:38,1.4,200,77650
20240112,09:30:04,1.4,400,77650
20240112,09:30:11,1.4,50,77650
20240112,09:30:26,1.4,100,77650
20240112,09:30:30,1.4,250,77650
20240112,09:31:26,1.4,800,77650
20240112,09:31:27,1.4,1850,77650
20240112,09:31:34,1.4,400,77650
20240112,09:31:53,1.4,250,77650
20240112,09:32:17,1.4,550,77650
20240112,09:32:17,1.4,50,77650
20240112,09:32:31,1.35,50,82400
20240112,09:33:11,1.4,200,82400
20240112,09:33:38,1.4,200,82400
20240112,09:34:00,1.4,1800,82400
20240112,09:34:03,1.4,1800,82400
20240112,09:34:33,1.4,200,82400
20240112,09:34:37,1.35,50,82400
20240112,09:34:38,1.4,1200,82400
20240112,09:34:40,1.4,400,82400
20240112,09:34:42,1.4,250,82400
20240112,09:34:44,1.35,2000,82400
20240112,09:34:52,1.4,1000,82400
20240112,09:35:08,1.35,50,82400
20240112,09:35:20,1.4,50,82400
20240112,09:35:31,1.35,50,82400
20240112,09:35:36,1.4,450,86800
20240112,09:35:37,1.4,450,86800
20240112,09:35:38,1.4,850,86800
20240112,09:35:39,1.4,950,86800
20240112,09:35:40,1.4,700,86800
20240112,09:35:41,1.4,800,86800
20240112,09:35:42,1.4,600,86800
20240112,09:35:43,1.4,500,86800
20240112,09:35:44,1.4,500,86800
20240112,09:35:45,1.4,400,86800
20240112,09:35:46,1.4,2200,86800
20240112,09:35:47,1.4,300,86800
20240112,09:35:48,1.4,300,86800
20240112,09:35:49,1.4,300,86800
20240112,09:35:50,1.4,300,86800
20240112,09:35:51,1.4,150,86800
20240112,09:35:52,1.4,400,86800
20240112,09:35:53,1.4,200,86800
20240112,09:35:54,1.4,200,86800
20240112,09:35:55,1.4,150,86800
20240112,09:35:56,1.4,100,86800
20240112,09:36:13,1.35,50,86800
20240112,09:36:21,1.35,3600,86800
20240112,09:36:36,1.35,50,86800
20240112,09:36:37,1.35,50,86800
20240112,09:36:52,1.4,50,86800
20240112,09:37:15,1.35,50,86800
20240112,09:37:43,1.35,50,86800
20240112,09:37:59,1.4,50,86800
20240112,09:38:05,1.35,50,86800
20240112,09:38:07,1.35,1500,86800
20240112,09:38:11,1.35,50,86800
20240112,09:38:20,1.35,1800,86800
20240112,09:38:21,1.35,50,86800
20240112,09:38:24,1.35,1800,80050
20240112,09:38:25,1.35,650,80050
20240112,09:38:26,1.35,1800,80050
20240112,09:38:30,1.35,250,80050
20240112,09:38:33,1.4,150,80050
20240112,09:38:34,1.35,4950,80050
20240112,09:38:35,1.35,1800,80050
20240112,09:38:44,1.35,50,80050
20240112,09:38:46,1.4,450,80050
20240112,09:38:48,1.35,500,80050
20240112,09:38:51,1.35,1200,80050
20240112,09:38:53,1.35,2150,80050
20240112,09:39:13,1.35,1800,80050
20240112,09:39:18,1.35,1850,80050
20240112,09:39:27,1.35,50,80050
20240112,09:40:09,1.35,50,80050
20240112,09:40:35,1.3,500,80050
20240112,09:40:36,1.3,750,80050
20240112,09:40:45,1.3,650,80050
20240112,09:41:17,1.3,1500,80050
20240112,09:41:24,1.3,2800,76350
20240112,09:41:27,1.3,50,76350
20240112,09:41:29,1.3,300,76350
20240112,09:41:41,1.25,50,76350
20240112,09:41:58,1.25,500,76350
20240112,09:41:58,1.25,750,76350
20240112,09:42:05,1.25,500,76350
20240112,09:42:09,1.25,500,76350
20240112,09:42:25,1.25,700,76350
20240112,09:42:34,1.25,850,76350
20240112,09:42:36,1.25,650,76350
20240112,09:43:10,1.25,3350,76350
20240112,09:43:10,1.25,250,76350
20240112,09:43:11,1.25,100,76350
20240112,09:43:13,1.25,50,76350
20240112,09:43:15,1.25,50,76350
20240112,09:43:16,1.25,50,76350
20240112,09:43:46,1.25,1500,76350
20240112,09:43:48,1.25,1500,76350
20240112,09:43:51,1.25,8550,76350
20240112,09:43:52,1.25,1000,76350
20240112,09:43:59,1.25,250,76350
20240112,09:44:00,1.25,450,76350
20240112,09:44:01,1.25,250,76350
20240112,09:44:02,1.25,650,76350
20240112,09:44:08,1.25,50,76350
20240112,09:44:09,1.25,3450,76350
20240112,09:44:18,1.25,200,76350
20240112,09:44:25,1.3,400,79600
20240112,09:44:26,1.3,8400,79600
20240112,09:44:27,1.3,100,79600
20240112,09:44:38,1.35,1500,79600
20240112,09:44:39,1.35,150,79600
20240112,09:44:40,1.3,50,79600
20240112,09:44:41,1.35,1500,79600
20240112,09:44:43,1.35,3300,79600
20240112,09:44:50,1.3,50,79600
20240112,09:45:00,1.3,50,79600
20240112,09:45:03,1.35,50,79600
20240112,09:45:05,1.3,50,79600
20240112,09:45:08,1.3,150,79600
20240112,09:45:18,1.3,50,79600
20240112,09:45:28,1.3,50,79600
20240112,09:45:29,1.3,50,79600
20240112,09:45:36,1.35,50,79600
20240112,09:45:43,1.35,50,79600
20240112,09:45:51,1.35,500,79600
20240112,09:45:52,1.3,1800,79600
20240112,09:45:53,1.3,350,79600
20240112,09:45:58,1.3,2050,79600
20240112,09:46:05,1.3,1750,79600
20240112,09:46:12,1.3,3400,79600
20240112,09:46:42,1.35,5450,79600
20240112,09:46:44,1.4,9850,79600
20240112,09:46:55,1.35,2200,79600
20240112,09:47:12,1.35,50,79600
20240112,09:47:34,1.3,50,92400
20240112,09:47:54,1.35,200,92400
20240112,09:48:36,1.3,650,92400
20240112,09:49:03,1.3,1800,92400
20240112,09:51:58,1.3,400,90650
20240112,09:52:09,1.3,50,90650
20240112,09:52:26,1.3,50,90650
20240112,09:52:27,1.3,50,90650
20240112,09:53:08,1.3,50,90650
20240112,09:53:15,1.35,50,90650
20240112,09:53:16,1.35,50,90650
20240112,09:54:43,1.3,250,90600
20240112,09:54:44,1.3,6500,90600
20240112,09:54:50,1.3,500,90600
20240112,09:54:52,1.3,750,90600
20240112,09:55:37,1.35,500,90600
20240112,09:55:44,1.35,350,90600
20240112,09:55:57,1.35,50,90600
20240112,09:55:58,1.3,50,90600
20240112,09:56:10,1.35,1850,90600
20240112,09:56:16,1.3,1250,90600
20240112,09:56:25,1.3,500,92950
20240112,09:56:37,1.35,500,92950
20240112,09:56:39,1.35,10500,92950
20240112,09:57:08,1.35,50,92950
20240112,09:57:09,1.35,250,92950
20240112,09:57:14,1.35,250,92950
20240112,09:57:19,1.35,250,92950
20240112,09:57:28,1.35,300,92950
20240112,09:57:29,1.35,6750,92950
20240112,09:57:37,1.35,850,92950
20240112,09:57:45,1.4,200,92950
20240112,09:58:03,1.35,250,92950
20240112,09:58:12,1.4,1800,92950
20240112,09:58:28,1.4,1800,92950
20240112,09:59:04,1.35,21000,92950
20240112,09:59:05,1.3,2100,92950
20240112,09:59:06,1.35,11050,92950
20240112,09:59:11,1.35,1650,92950
20240112,09:59:28,1.35,50,99250
20240112,10:00:01,1.4,50,99250
20240112,10:00:33,1.35,50,99250
20240112,10:01:05,1.35,550,99250
20240112,10:01:16,1.35,1000,99250
20240112,10:01:29,1.4,50,99250
20240112,10:02:50,1.4,50,99250
20240112,10:04:00,1.4,300,97700
20240112,10:04:07,1.4,250,97700
20240112,10:04:09,1.4,350,97700
20240112,10:04:13,1.4,550,97700
20240112,10:04:15,1.4,1800,97700
20240112,10:04:16,1.4,1800,97700
20240112,10:04:31,1.4,250,97700
20240112,10:04:32,1.4,250,97700
20240112,10:04:33,1.4,11350,97700
20240112,10:04:37,1.45,1800,97700
20240112,10:04:49,1.45,500,97700
20240112,10:04:59,1.45,200,97700
20240112,10:05:00,1.45,1800,97700
20240112,10:05:01,1.45,34250,97700
20240112,10:05:02,1.45,14100,97700
20240112,10:05:03,1.45,3700,97700
20240112,10:05:04,1.5,850,97700
20240112,10:05:05,1.5,200,97700
20240112,10:05:17,1.5,1800,97700
20240112,10:05:50,1.5,550,104750
20240112,10:05:57,1.5,500,104750
20240112,10:05:59,1.5,850,104750
20240112,10:05:59,1.5,300,104750
20240112,10:06:06,1.5,250,104750
20240112,10:06:07,1.5,250,104750
20240112,10:06:09,1.5,1800,104750
20240112,10:06:11,1.5,250,104750
20240112,10:06:12,1.5,400,104750
20240112,10:06:14,1.5,650,104750
20240112,10:06:15,1.5,8300,104750
20240112,10:06:37,1.5,50,104750
20240112,10:06:50,1.55,100,104750
20240112,10:06:53,1.55,5400,104750
20240112,10:06:59,1.5,50,104750
20240112,10:07:12,1.5,500,104750
20240112,10:07:16,1.5,11950,104750
20240112,10:07:18,1.5,650,104750
20240112,10:07:18,1.5,300,104750
20240112,10:07:19,1.5,600,104750
20240112,10:07:21,1.5,1800,104750
20240112,10:07:26,1.5,550,104750
20240112,10:07:27,1.5,550,104750
20240112,10:07:29,1.5,950,104750
20240112,10:07:30,1.5,13200,104750
20240112,10:07:37,1.55,100,104750
20240112,10:07:38,1.5,50,104750
20240112,10:07:55,1.5,50,104750
20240112,10:08:09,1.55,500,104750
20240112,10:08:24,1.5,10100,104750
20240112,10:08:25,1.5,250,104750
20240112,10:09:01,1.45,250,104750
20240112,10:09:26,1.5,1800,107300
20240112,10:09:28,1.5,1800,107300
20240112,10:09:29,1.5,2500,107300
20240112,10:09:33,1.55,50,107300
20240112,10:09:34,1.55,50,107300
20240112,10:09:35,1.55,13000,107300
20240112,10:09:37,1.55,950,107300
20240112,10:09:39,1.55,1800,107300
20240112,10:09:44,1.55,5650,107300
20240112,10:09:49,1.5,17400,107300
20240112,10:09:50,1.5,19250,107300
20240112,10:09:51,1.45,3550,107300
20240112,10:09:52,1.5,8950,107300
20240112,10:09:58,1.5,18850,107300
20240112,10:09:59,1.5,2700,107300
20240112,10:10:00,1.5,8150,107300
20240112,10:10:01,1.5,400,107300
20240112,10:10:10,1.5,1500,107300
20240112,10:10:11,1.5,1500,107300
20240112,10:10:23,1.5,1900,107300
20240112,10:10:26,1.5,600,107300
20240112,10:10:27,1.5,12200,107300
20240112,10:10:28,1.5,6650,107300
20240112,10:10:37,1.5,2500,107300
20240112,10:10:38,1.5,50,107300
20240112,10:10:42,1.5,1500,107300
20240112,10:10:43,1.5,500,107300
20240112,10:11:05,1.45,19300,107300
20240112,10:11:07,1.45,15950,107300
20240112,10:11:08,1.45,15950,107300
20240112,10:11:09,1.45,20550,107300
20240112,10:11:14,1.45,1500,107300
20240112,10:11:14,1.45,19100,107300
20240112,10:11:15,1.45,2700,107300
20240112,10:11:32,1.45,9450,172800
20240112,10:12:40,1.5,50,172800
20240112,10:13:06,1.5,50,172800
20240112,10:13:06,1.45,200,172800
20240112,10:13:17,1.45,13050,172800
20240112,10:13:58,1.45,50,172800
20240112,10:15:43,1.4,200,172050
20240112,10:16:38,1.45,450,172050
20240112,10:18:38,1.4,500,172050
20240112,10:18:41,1.4,50,172500
20240112,10:19:37,1.4,250,172500
20240112,10:19:38,1.4,50,172500
20240112,10:19:39,1.4,100,172500
20240112,10:22:54,1.4,250,172500
20240112,10:23:48,1.45,50,172500
20240112,10:26:07,1.45,400,172500
20240112,10:26:14,1.4,200,172500
20240112,10:26:16,1.4,200,172500
20240112,10:26:19,1.45,500,172500
20240112,10:26:23,1.45,6800,172500
20240112,10:26:28,1.45,1050,172500
20240112,10:26:30,1.45,1500,172650
20240112,10:26:32,1.45,200,172650
20240112,10:26:34,1.45,200,172650
20240112,10:26:36,1.5,3500,172650
20240112,10:26:53,1.45,200,172650
20240112,10:27:01,1.45,200,172650
20240112,10:27:04,1.45,550,172650
20240112,10:27:22,1.45,550,172650
20240112,10:27:32,1.5,1800,172650
20240112,10:27:35,1.45,200,172650
20240112,10:27:38,1.45,550,172650
20240112,10:27:42,1.5,50,172650
20240112,10:28:05,1.45,200,172650
20240112,10:28:14,1.45,550,172650
20240112,10:28:18,1.5,1500,172650
20240112,10:28:20,1.5,1500,172650
20240112,10:28:22,1.5,200,172650
20240112,10:28:29,1.5,250,172650
20240112,10:28:33,1.5,250,172650
20240112,10:28:35,1.5,200,172650
20240112,10:28:37,1.55,100,172650
20240112,10:28:56,1.5,450,172650
20240112,10:28:59,1.5,1500,172650
20240112,10:29:13,1.5,900,172650
20240112,10:29:14,1.5,900,172650
20240112,10:29:16,1.5,4500,172650
20240112,10:29:17,1.5,5400,172650
20240112,10:29:18,1.5,5850,172650
20240112,10:29:26,1.55,300,172650
20240112,10:29:29,1.55,1800,172650
20240112,10:29:30,1.55,4000,172650
20240112,10:29:31,1.6,5750,183200
20240112,10:29:32,1.55,4050,183200
20240112,10:29:40,1.55,5150,183200
20240112,10:29:41,1.55,1400,183200
20240112,10:29:46,1.55,150,183200
20240112,10:29:50,1.5,1850,183200
20240112,10:29:52,1.55,1500,183200
20240112,10:29:53,1.55,3200,183200
20240112,10:30:23,1.55,1800,183200
20240112,10:30:30,1.55,1500,183200
20240112,10:30:38,1.55,600,183200
20240112,10:30:39,1.55,2000,183200
20240112,10:30:40,1.5,1700,183200
20240112,10:30:42,1.5,5250,183200
20240112,10:30:43,1.55,1500,183200
20240112,10:30:47,1.55,2900,183200
20240112,10:30:50,1.55,3850,183200
20240112,10:30:51,1.5,1000,183200
20240112,10:30:53,1.55,250,183200
20240112,10:30:54,1.55,800,183200
20240112,10:31:10,1.55,900,183200
20240112,10:31:18,1.55,150,183200
20240112,10:31:27,1.6,600,183200
20240112,10:31:31,1.55,1700,183200
20240112,10:31:49,1.55,7350,183200
20240112,10:31:51,1.55,6800,183200
20240112,10:31:52,1.55,1400,183200
20240112,10:31:53,1.55,1750,183200
20240112,10:31:54,1.55,1050,183200
20240112,10:31:55,1.55,1100,183200
20240112,10:31:56,1.55,1850,183200
20240112,10:31:57,1.55,4600,183200
20240112,10:31:59,1.55,3000,183200
20240112,10:32:02,1.55,250,183200
20240112,10:32:17,1.55,3700,183200
20240112,10:32:21,1.55,13300,183200
20240112,10:32:23,1.55,1050,183200
20240112,10:32:24,1.55,5700,183200
20240112,10:32:25,1.55,550,183200
20240112,10:33:31,1.5,1400,199050
20240112,10:33:33,1.5,11350,199050
20240112,10:33:37,1.5,300,199050
20240112,10:33:38,1.5,5250,199050
20240112,10:33:39,1.5,11000,199050
20240112,10:33:40,1.5,9700,199050
20240112,10:33:56,1.5,12600,199050
20240112,10:34:05,1.5,300,199050
20240112,10:34:07,1.55,50,199050
20240112,10:34:14,1.55,50,199050
20240112,10:35:00,1.55,100,199050
20240112,10:35:01,1.55,100,199050
20240112,10:35:04,1.5,150,199050
20240112,10:35:14,1.5,250,199050
20240112,10:35:19,1.5,12400,199050
20240112,10:35:20,1.5,1400,199050
20240112,10:35:21,1.5,5900,199050
20240112,10:36:34,1.55,3200,224350
20240112,10:36:39,1.55,1000,224350
20240112,10:36:40,1.55,600,224350
20240112,10:36:47,1.55,4400,224350
20240112,10:36:50,1.55,3450,224350
20240112,10:36:53,1.55,50,224350
20240112,10:36:55,1.55,400,224350
20240112,10:37:01,1.55,2350,224350
20240112,10:37:10,1.55,950,224350
20240112,10:37:30,1.55,800,224350
20240112,10:37:33,1.55,550,224350
20240112,10:38:31,1.6,50,224350
20240112,10:38:56,1.55,150,225600
20240112,10:39:21,1.55,3700,225600
20240112,10:39:22,1.55,2500,225600
20240112,10:39:23,1.55,3550,225600
20240112,10:39:25,1.55,2900,225600
20240112,10:39:25,1.55,200,225600
20240112,10:39:26,1.55,250,225600
20240112,10:39:28,1.55,450,225600
20240112,10:39:32,1.6,50,225600
20240112,10:40:02,1.6,4700,225600
20240112,10:40:05,1.65,250,225600
20240112,10:40:07,1.65,4850,225600
20240112,10:40:09,1.65,500,225600
20240112,10:40:11,1.65,4800,225600
20240112,10:40:15,1.65,4250,225600
20240112,10:40:35,1.65,4800,225600
20240112,10:40:37,1.65,10550,225600
20240112,10:40:38,1.65,900,225600
20240112,10:40:43,1.7,1500,225600
20240112,10:40:47,1.7,1650,225600
20240112,10:40:48,1.7,800,225600
20240112,10:40:49,1.7,600,225600
20240112,10:40:50,1.7,3400,225600
20240112,10:40:53,1.75,250,225600
20240112,10:40:54,1.75,1800,225600
20240112,10:40:55,1.75,150,225600
20240112,10:40:56,1.75,5950,225600
20240112,10:41:01,1.75,1350,225600
20240112,10:41:07,1.8,200,225600
20240112,10:41:09,1.8,1800,225600
20240112,10:41:14,1.8,800,225600
20240112,10:41:17,1.8,800,225600
20240112,10:41:22,1.8,14650,225600
20240112,10:41:24,1.8,1250,225600
20240112,10:41:26,1.75,1800,225600
20240112,10:41:31,1.75,1800,225600
20240112,10:41:39,1.75,950,258750
20240112,10:41:45,1.75,12550,258750
20240112,10:41:50,1.7,450,258750
20240112,10:41:57,1.75,1000,258750
20240112,10:41:58,1.75,1800,258750
20240112,10:41:59,1.75,1400,258750
20240112,10:42:00,1.75,1800,258750
20240112,10:42:12,1.75,2850,258750
20240112,10:42:15,1.75,4200,258750
20240112,10:42:16,1.75,1000,258750
20240112,10:42:17,1.75,500,258750
20240112,10:42:21,1.75,1550,258750
20240112,10:42:24,1.75,1900,258750
20240112,10:42:31,1.75,500,258750
20240112,10:42:35,1.75,250,258750
20240112,10:42:36,1.7,500,258750
20240112,10:42:38,1.75,6000,258750
20240112,10:42:39,1.75,9150,258750
20240112,10:42:40,1.75,3000,258750
20240112,10:42:41,1.75,3300,258750
20240112,10:42:42,1.8,4500,258750
20240112,10:42:43,1.75,14250,258750
20240112,10:42:44,1.75,800,258750
20240112,10:42:45,1.75,15650,258750
20240112,10:42:46,1.75,4550,258750
20240112,10:42:54,1.8,3000,258750
20240112,10:42:55,1.8,3000,258750
20240112,10:42:56,1.75,8750,258750
20240112,10:42:57,1.85,5500,258750
20240112,10:42:58,1.85,4300,258750
20240112,10:42:59,1.8,2450,258750
20240112,10:43:01,1.8,3000,258750
20240112,10:43:02,1.8,5500,258750
20240112,10:43:03,1.8,3100,258750
20240112,10:43:04,1.8,3600,258750
20240112,10:43:05,1.8,1500,258750
20240112,10:43:06,1.8,6700,258750
20240112,10:43:07,1.85,6200,258750
20240112,10:43:10,1.85,1800,258750
20240112,10:43:13,1.8,3300,258750
20240112,10:43:14,1.8,1850,258750
20240112,10:43:15,1.85,1250,258750
20240112,10:43:17,1.8,3300,258750
20240112,10:43:19,1.85,1500,258750
20240112,10:43:20,1.8,350,258750
20240112,10:43:22,1.8,450,258750
20240112,10:43:23,1.8,1900,258750
20240112,10:43:24,1.8,3250,258750
20240112,10:43:28,1.75,1000,258750
20240112,10:43:36,1.8,300,258750
20240112,10:44:04,1.8,50,258750
20240112,10:44:08,1.8,3200,258750
20240112,10:44:09,1.8,100,258750
20240112,10:44:10,1.8,1550,258750
20240112,10:44:16,1.85,3550,258750
20240112,10:44:17,1.8,900,258750
20240112,10:44:25,1.85,1650,258750
20240112,10:44:26,1.8,5150,258750
20240112,10:44:28,1.9,5600,258750
20240112,10:44:30,1.9,6850,258750
20240112,10:44:31,1.9,1500,258750
20240112,10:44:34,1.85,2800,297400
20240112,10:44:35,1.85,4100,297400
20240112,10:44:37,1.85,150,297400
20240112,10:44:41,1.85,1950,297400
20240112,10:44:49,1.85,1550,297400
20240112,10:45:40,1.8,1200,297400
20240112,10:45:41,1.8,3400,297400
20240112,10:45:42,1.8,10250,297400
20240112,10:45:43,1.85,1700,297400
20240112,10:45:47,1.8,1900,297400
20240112,10:45:48,1.85,3000,297400
20240112,10:45:53,1.8,3150,297400
20240112,10:45:56,1.8,4700,297400
20240112,10:46:29,1.8,800,297400
20240112,10:46:31,1.8,150,297400
20240112,10:46:36,1.8,1100,297400
20240112,10:46:36,1.8,550,297400
20240112,10:46:37,1.8,2250,297400
20240112,10:46:43,1.8,3350,297400
20240112,10:46:49,1.8,7900,297400
20240112,10:46:51,1.8,2950,297400
20240112,10:46:59,1.75,100,297400
20240112,10:47:00,1.8,100,297400
20240112,10:47:01,1.8,150,297400
20240112,10:47:05,1.8,2200,297400
20240112,10:47:10,1.85,50,297400
20240112,10:47:14,1.85,1800,297400
20240112,10:48:08,1.8,14000,310450
20240112,10:48:18,1.8,9700,310450
20240112,10:48:24,1.75,1800,310450
20240112,10:48:44,1.8,17800,310450
20240112,10:48:45,1.8,5500,310450
20240112,10:48:47,1.8,3100,310450
20240112,10:48:48,1.8,3000,310450
20240112,10:48:49,1.8,450,310450
20240112,10:49:10,1.8,2100,310450
20240112,10:49:11,1.8,1800,310450
20240112,10:49:34,1.8,2400,310450
20240112,10:49:38,1.85,50,310450
20240112,10:50:08,1.8,1000,310450
20240112,10:50:10,1.85,200,310450
20240112,10:50:13,1.8,200,310450
20240112,10:50:18,1.8,400,310450
20240112,10:50:20,1.8,100,310450
20240112,10:50:23,1.8,2500,310450
20240112,10:50:25,1.8,4600,310450
20240112,10:50:33,1.8,2800,303600
20240112,10:50:38,1.75,1450,303600
20240112,10:50:40,1.8,5300,303600
20240112,10:50:41,1.8,2850,303600
20240112,10:51:03,1.8,2400,303600
20240112,10:51:05,1.8,2400,303600
20240112,10:51:22,1.85,50,303600
20240112,10:51:27,1.8,600,303600
20240112,10:51:49,1.85,200,303600
20240112,10:53:01,1.8,2200,303600
20240112,10:53:14,1.8,1800,303600
20240112,10:53:17,1.8,600,303600
20240112,10:53:22,1.8,50,303600
20240112,10:53:27,1.8,50,303600
20240112,10:53:29,1.8,500,303600
20240112,10:53:31,1.85,1400,303600
20240112,10:53:34,1.8,1800,303600
20240112,10:53:37,1.8,1800,303600
20240112,10:53:43,1.8,1400,298250
20240112,10:53:53,1.8,2150,298250
20240112,10:54:10,1.8,2450,298250
20240112,10:54:17,1.75,50,298250
20240112,10:54:28,1.75,50,298250
20240112,10:54:38,1.75,200,298250
20240112,10:54:39,1.75,550,298250
20240112,10:54:41,1.75,2600,298250
20240112,10:54:42,1.75,250,298250
20240112,10:54:44,1.75,750,298250
20240112,10:54:46,1.75,1800,298250
20240112,10:54:56,1.75,600,298250
20240112,10:55:04,1.75,1800,298250
20240112,10:55:15,1.75,400,298250
20240112,10:55:17,1.75,500,298250
20240112,10:55:32,1.75,200,298250
20240112,10:55:37,1.75,100,298250
20240112,10:55:40,1.8,50,298250
20240112,10:55:58,1.75,3250,298250
20240112,10:55:59,1.75,650,298250
20240112,10:56:04,1.7,1800,298250
20240112,10:56:06,1.7,1950,298250
20240112,10:56:08,1.7,1800,298250
20240112,10:56:10,1.7,1800,298250
20240112,10:56:11,1.75,6650,298250
20240112,10:56:12,1.7,1800,298250
20240112,10:56:15,1.7,1800,298250
20240112,10:56:16,1.7,1800,298250
20240112,10:56:19,1.7,1800,298250
20240112,10:56:37,1.75,300,300400
20240112,10:56:38,1.75,400,300400
20240112,10:56:39,1.75,250,300400
20240112,10:56:42,1.75,550,300400
20240112,10:56:43,1.7,2250,300400
20240112,10:56:45,1.7,1800,300400
20240112,10:56:47,1.7,2750,300400
20240112,10:56:50,1.7,4350,300400
20240112,10:57:00,1.7,50,300400
20240112,10:57:23,1.7,1800,300400
20240112,10:57:24,1.7,850,300400
20240112,10:57:25,1.7,1800,300400
20240112,10:57:28,1.75,2150,300400
20240112,10:57:30,1.7,1800,300400
20240112,10:57:32,1.7,1800,300400
20240112,10:58:07,1.7,1950,300400
20240112,10:58:09,1.7,1800,300400
20240112,10:59:46,1.75,200,314800
20240112,10:59:49,1.75,250,314800
20240112,11:00:01,1.75,50,314800
20240112,11:00:05,1.7,50,314800
20240112,11:00:09,1.75,250,314800
20240112,11:00:10,1.75,250,314800
20240112,11:00:12,1.75,600,314800
20240112,11:00:13,1.75,250,314800
20240112,11:00:15,1.75,250,314800
20240112,11:00:15,1.75,400,314800
20240112,11:00:19,1.75,250,314800
20240112,11:00:21,1.75,350,314800
20240112,11:00:37,1.75,1000,314800
20240112,11:00:49,1.7,50,314800
20240112,11:00:56,1.75,1800,314800
20240112,11:01:07,1.75,1850,314800
20240112,11:01:09,1.75,3600,314800
20240112,11:01:11,1.75,250,314800
20240112,11:01:13,1.75,1500,314800
20240112,11:01:15,1.75,400,314800
20240112,11:01:30,1.75,750,314800
20240112,11:01:32,1.75,250,314800
20240112,11:01:51,1.75,3600,314800
20240112,11:02:09,1.75,1950,314800
20240112,11:02:10,1.75,2300,314800
20240112,11:02:11,1.8,6000,314800
20240112,11:02:12,1.8,1800,314800
20240112,11:02:19,1.8,1450,314800
20240112,11:02:21,1.8,9200,314800
20240112,11:02:22,1.75,150,314800
20240112,11:02:24,1.75,1550,314800
20240112,11:02:26,1.75,450,314800
20240112,11:02:28,1.8,200,314800
20240112,11:02:46,1.8,1500,314800
20240112,11:02:47,1.8,700,318750
20240112,11:02:48,1.8,150,318750
20240112,11:02:50,1.8,100,318750
20240112,11:02:52,1.8,2400,318750
20240112,11:02:54,1.8,1650,318750
20240112,11:02:55,1.8,2400,318750
20240112,11:03:00,1.8,100,318750
20240112,11:03:01,1.8,50,318750
20240112,11:03:18,1.8,1100,318750
20240112,11:03:19,1.8,1800,318750
20240112,11:03:20,1.8,1900,318750
20240112,11:03:31,1.8,600,318750
20240112,11:04:11,1.8,50,318750
20240112,11:04:12,1.8,300,318750
20240112,11:04:15,1.8,3800,318750
20240112,11:04:21,1.8,150,318750
20240112,11:04:27,1.85,50,318750
20240112,11:04:38,1.8,50,318750
20240112,11:04:57,1.8,600,318750
20240112,11:04:58,1.8,50,318750
20240112,11:05:13,1.8,600,318750
20240112,11:05:14,1.8,1200,318750
20240112,11:05:30,1.8,350,318750
20240112,11:05:30,1.8,300,318750
20240112,11:05:31,1.8,400,318750
20240112,11:06:01,1.85,2200,324600
20240112,11:06:06,1.8,900,324600
20240112,11:06:07,1.8,9300,324600
20240112,11:07:29,1.8,1000,324600
20240112,11:07:35,1.8,500,324600
20240112,11:07:43,1.8,1800,324600
20240112,11:07:50,1.8,800,324600
20240112,11:07:51,1.85,1000,324600
20240112,11:08:14,1.8,250,324600
20240112,11:08:15,1.85,3700,324600
20240112,11:08:16,1.8,1050,324600
20240112,11:08:18,1.8,5650,324600
20240112,11:08:19,1.8,1500,324600
20240112,11:08:20,1.8,300,324600
20240112,11:08:21,1.75,2400,324600
20240112,11:08:22,1.8,2150,324600
20240112,11:08:33,1.8,150,324600
20240112,11:08:34,1.85,2400,324600
20240112,11:08:42,1.8,50,327500
20240112,11:08:44,1.8,100,327500
20240112,11:08:57,1.8,300,327500
20240112,11:09:03,1.85,50,327500
20240112,11:09:37,1.8,50,327500
20240112,11:10:09,1.8,200,327500
20240112,11:10:54,1.8,1800,327500
20240112,11:10:58,1.8,1800,327500
20240112,11:11:00,1.8,5150,327500
20240112,11:11:21,1.8,1800,327500
20240112,11:11:22,1.8,1800,327500
20240112,11:11:23,1.8,2050,327500
20240112,11:11:23,1.8,550,327500
20240112,11:11:24,1.8,200,327500
20240112,11:11:48,1.8,350,313800
20240112,11:12:00,1.8,200,313800
20240112,11:12:36,1.75,1100,313800
20240112,11:14:23,1.75,2200,313800
20240112,11:14:51,1.8,4950,313800
20240112,11:15:06,1.75,2600,315550
20240112,11:16:51,1.7,4150,315550
20240112,11:18:34,1.7,50,315550
20240112,11:19:21,1.75,150,313650
20240112,11:19:35,1.75,400,313650
20240112,11:19:35,1.75,3700,313650
20240112,11:19:36,1.75,1800,313650
20240112,11:19:39,1.75,2000,313650
20240112,11:19:39,1.75,6500,313650
20240112,11:19:58,1.75,350,313650
20240112,11:20:04,1.75,4750,313650
20240112,11:20:11,1.75,1300,313650
20240112,11:20:13,1.75,1900,313650
20240112,11:20:24,1.75,3850,313650
20240112,11:20:26,1.75,300,313650
20240112,11:20:28,1.75,7950,313650
20240112,11:20:29,1.75,1250,313650
20240112,11:20:53,1.75,1900,324700
20240112,11:20:53,1.75,1800,324700
20240112,11:20:58,1.75,550,324700
20240112,11:20:58,1.8,1800,324700
20240112,11:21:03,1.75,600,324700
20240112,11:21:04,1.75,100,324700
20240112,11:21:09,1.75,1800,324700
20240112,11:21:15,1.8,1800,324700
20240112,11:21:31,1.8,2250,324700
20240112,11:21:32,1.85,1850,324700
20240112,11:21:33,1.8,50,324700
20240112,11:21:34,1.75,3500,324700
20240112,11:21:36,1.8,650,324700
20240112,11:21:37,1.8,100,324700
20240112,11:21:40,1.8,50,324700
20240112,11:21:43,1.8,50,324700
20240112,11:21:50,1.8,50,324700
20240112,11:21:52,1.8,150,324700
20240112,11:21:56,1.8,900,324700
20240112,11:21:58,1.8,50,324700
20240112,11:22:02,1.8,450,324700
20240112,11:22:10,1.8,1800,324700
20240112,11:22:11,1.8,450,324700
20240112,11:22:17,1.8,50,324700
20240112,11:22:41,1.8,450,324700
20240112,11:22:55,1.85,50,324700
20240112,11:23:06,1.8,1500,324700
20240112,11:23:06,1.8,400,324700
20240112,11:23:23,1.85,200,324700
20240112,11:23:48,1.8,1950,334200
20240112,11:25:00,1.85,150,334200
20240112,11:25:01,1.85,50,334200
20240112,11:27:52,1.8,1300,332400
20240112,11:27:53,1.8,50,332400
20240112,11:27:54,1.8,2000,332400
20240112,11:27:55,1.8,600,332400
20240112,11:28:02,1.85,1800,332400
20240112,11:28:08,1.85,1600,332400
20240112,11:28:09,1.85,5900,332400
20240112,11:28:10,1.85,2050,332400
20240112,11:28:11,1.85,1800,332400
20240112,11:28:16,1.85,200,332400
20240112,11:28:22,1.85,2000,332400
20240112,11:28:24,1.85,500,332400
20240112,11:28:54,1.85,1000,332400
20240112,11:28:58,1.85,500,332400
20240112,11:29:09,1.85,1800,332400
20240112,11:29:10,1.85,100,332400
20240112,11:29:13,1.85,1800,332400
20240112,11:29:15,1.85,1150,332400
20240112,11:29:16,1.85,100,332400
20240112,11:29:25,1.85,50,332400
20240112,11:29:51,1.85,2700,331550
20240112,11:29:52,1.85,2700,331550
20240112,11:29:53,1.85,250,331550
20240112,11:30:35,1.8,500,331550
20240112,11:30:46,1.85,50,331550
20240112,11:30:53,1.8,2450,331550
20240112,11:30:55,1.8,1650,331550
20240112,11:30:56,1.8,350,331550
20240112,11:31:00,1.8,100,331550
20240112,11:31:01,1.8,1600,331550
20240112,11:31:19,1.8,1350,331550
20240112,11:31:28,1.8,50,331550
20240112,11:31:50,1.75,50,331550
20240112,11:32:17,1.8,2000,331550
20240112,11:32:18,1.8,50,331550
20240112,11:32:21,1.75,1800,331550
20240112,11:32:23,1.75,50,331550
20240112,11:33:58,1.8,1800,331550
20240112,11:37:01,1.8,1050,327750
20240112,11:37:11,1.8,400,327750
20240112,11:37:12,1.8,400,327750
20240112,11:37:13,1.8,2600,327750
20240112,11:37:14,1.8,2400,327750
20240112,11:37:15,1.8,3000,327750
20240112,11:38:22,1.8,1200,327750
20240112,11:38:23,1.8,4000,327750
20240112,11:38:42,1.8,2800,324450
20240112,11:38:58,1.8,600,324450
20240112,11:38:59,1.8,400,324450
20240112,11:39:00,1.8,250,324450
20240112,11:39:01,1.8,1000,324450
20240112,11:40:10,1.85,3600,324450
20240112,11:40:11,1.8,50,324450
20240112,11:40:12,1.8,50,324450
20240112,11:40:25,1.85,500,324450
20240112,11:40:29,1.8,50,324450
20240112,11:40:41,1.85,50,324450
20240112,11:40:42,1.85,3700,324450
20240112,11:40:50,1.85,1750,324450
20240112,11:40:54,1.8,50,324450
20240112,11:41:07,1.8,50,324450
20240112,11:41:24,1.8,50,324450
20240112,11:41:27,1.85,950,324450
20240112,11:41:38,1.8,1350,324450
20240112,11:41:41,1.8,450,324450
20240112,11:42:17,1.8,50,326750
20240112,11:42:17,1.8,150,326750
20240112,11:42:24,1.85,1600,326750
20240112,11:42:24,1.85,1850,326750
20240112,11:42:25,1.85,1250,326750
20240112,11:42:26,1.85,150,326750
20240112,11:42:27,1.85,50,326750
20240112,11:42:29,1.85,1300,326750
20240112,11:42:48,1.85,900,326750
20240112,11:42:59,1.85,50,326750
20240112,11:43:02,1.85,50,326750
20240112,11:43:11,1.85,50,326750
20240112,11:43:21,1.9,3900,326750
20240112,11:43:24,1.9,150,326750
20240112,11:43:25,1.9,200,326750
20240112,11:43:27,1.9,50,326750
20240112,11:43:28,1.9,50,326750
20240112,11:43:29,1.9,50,326750
20240112,11:43:32,1.9,50,326750
20240112,11:43:49,1.9,250,326750
20240112,11:43:52,1.9,50,326750
20240112,11:44:36,1.9,200,326750
20240112,11:44:45,1.9,50,328150
20240112,11:44:49,1.9,800,328150
20240112,11:44:56,1.9,250,328150
20240112,11:45:07,1.9,250,328150
20240112,11:45:09,1.9,7700,328150
20240112,11:45:17,1.9,200,328150
20240112,11:46:13,1.95,1800,328150
20240112,11:46:15,1.95,4000,328150
20240112,11:46:42,1.95,50,328150
20240112,11:46:59,1.95,50,328150
20240112,11:47:30,1.95,600,328150
20240112,11:47:31,1.95,50,328150
20240112,11:48:11,1.95,150,334350
20240112,11:49:07,1.95,1800,334350
20240112,11:49:12,1.95,1000,334350
20240112,11:50:01,2.0,50,334350
20240112,11:50:17,2.0,950,334350
20240112,11:50:21,1.95,1800,334350
20240112,11:50:26,1.95,3600,334350
20240112,11:51:09,2.0,1500,326750
20240112,11:51:11,2.0,2200,326750
20240112,11:51:14,2.0,50,326750
20240112,11:51:17,2.0,50,326750
20240112,11:51:37,2.0,250,326750
20240112,11:51:43,2.0,250,326750
20240112,11:51:48,2.0,50,326750
20240112,11:51:57,2.0,50,326750
20240112,11:52:12,2.0,50,326750
20240112,11:52:22,2.0,50,326750
20240112,11:52:24,2.0,250,326750
20240112,11:53:04,2.0,250,326750
20240112,11:53:07,2.0,300,326750
20240112,11:53:09,2.0,1150,326750
20240112,11:53:11,2.0,300,326750
20240112,11:53:13,2.0,1800,326750
20240112,11:53:17,2.0,1800,326750
20240112,11:53:28,2.0,1500,326750
20240112,11:53:31,1.95,1800,326750
20240112,11:53:32,2.0,250,326750
20240112,11:53:36,2.0,100,326750
20240112,11:53:52,2.0,1850,325550
20240112,11:54:17,1.95,300,325550
20240112,11:54:29,1.95,1200,325550
20240112,11:54:36,1.95,1800,325550
20240112,11:54:47,1.95,700,325550
20240112,11:55:44,1.95,200,325550
20240112,11:56:11,1.95,2100,325550
20240112,11:56:16,1.95,50,325550
20240112,11:56:18,1.95,50,325550
20240112,11:56:21,1.95,50,325550
20240112,11:56:46,1.95,100,325550
20240112,11:57:11,1.95,50,325250
20240112,11:57:21,1.95,50,325250
20240112,11:58:19,1.95,1800,325250
20240112,11:58:20,1.9,6500,325250
20240112,11:58:21,1.9,150,325250
20240112,11:58:22,1.9,300,325250
20240112,11:59:56,1.9,6300,326600
20240112,11:59:59,1.9,650,326600
20240112,12:00:07,1.9,1800,326600
20240112,12:00:07,1.9,4450,326600
20240112,12:00:30,1.9,50,326600
20240112,12:00:41,1.9,50,326600
20240112,12:01:10,1.9,450,326600
20240112,12:01:23,1.9,1350,326600
20240112,12:01:26,1.9,1800,326600
20240112,12:01:35,1.9,50,326600
20240112,12:01:53,1.9,50,326600
20240112,12:02:12,1.9,100,326600
20240112,12:02:28,1.9,100,326600
20240112,12:02:36,1.9,100,326600
20240112,12:02:46,1.9,100,333000
20240112,12:02:48,1.9,50,333000
20240112,12:02:52,1.9,50,333000
20240112,12:03:04,1.85,1800,333000
20240112,12:03:13,1.9,100,333000
20240112,12:03:22,1.9,100,333000
20240112,12:03:26,1.9,100,333000
20240112,12:03:32,1.85,150,333000
20240112,12:03:34,1.9,250,333000
20240112,12:03:40,1.9,100,333000
20240112,12:03:46,1.85,600,333000
20240112,12:03:46,1.85,150,333000
20240112,12:03:47,1.9,350,333000
20240112,12:03:49,1.85,350,333000
20240112,12:03:51,1.85,150,333000
20240112,12:03:52,1.85,3300,333000
20240112,12:03:57,1.85,100,333000
20240112,12:04:19,1.8,400,333000
20240112,12:04:21,1.8,500,333000
20240112,12:04:29,1.8,800,333000
20240112,12:04:31,1.8,800,333000
20240112,12:04:37,1.85,1300,333000
20240112,12:04:38,1.85,250,333000
20240112,12:04:41,1.9,1200,333000
20240112,12:04:54,1.9,900,333000
20240112,12:04:57,1.9,400,333000
20240112,12:05:00,1.9,450,333000
20240112,12:05:01,1.85,900,333000
20240112,12:05:10,1.85,450,333000
20240112,12:05:12,1.85,2500,333000
20240112,12:05:17,1.85,100,333000
20240112,12:05:25,1.8,300,333000
20240112,12:05:28,1.8,150,333000
20240112,12:05:32,1.8,450,333000
20240112,12:05:40,1.8,450,333000
20240112,12:05:44,1.85,100,333000
20240112,12:05:56,1.8,450,333900
20240112,12:06:01,1.85,1000,333900
20240112,12:06:03,1.85,100,333900
20240112,12:06:11,1.85,100,333900
20240112,12:06:16,1.85,100,333900
20240112,12:06:25,1.85,100,333900
20240112,12:06:37,1.85,100,333900
20240112,12:06:59,1.85,100,333900
20240112,12:07:06,1.85,100,333900
20240112,12:07:24,1.85,100,333900
20240112,12:08:05,1.8,250,333900
20240112,12:08:14,1.8,50,333900
20240112,12:09:34,1.8,1550,332500
20240112,12:09:44,1.75,350,332500
20240112,12:10:57,1.75,50,332500
20240112,12:10:59,1.75,1800,332500
20240112,12:11:30,1.75,300,332500
20240112,12:11:40,1.75,300,332500
20240112,12:13:17,1.8,50,332500
20240112,12:15:00,1.8,200,332050
20240112,12:15:23,1.8,800,331900
20240112,12:15:27,1.75,50,331900
20240112,12:17:07,1.8,9100,331900
20240112,12:19:59,1.85,600,333200
20240112,12:22:22,1.85,50,333200
20240112,12:22:29,1.8,1800,333200
20240112,12:22:59,1.8,50,333200
20240112,12:26:01,1.85,50,333200
20240112,12:26:05,1.8,50,333050
20240112,12:26:27,1.85,150,333050
20240112,12:27:00,1.85,100,333100
20240112,12:27:10,1.85,500,333100
20240112,12:28:05,1.8,150,333100
20240112,12:29:58,1.8,250,333100
20240112,12:32:26,1.8,50,333100
20240112,12:32:27,1.8,1300,333100
20240112,12:33:51,1.8,50,334650
20240112,12:34:54,1.8,50,334650
20240112,12:34:55,1.8,50,334650
20240112,12:35:01,1.8,50,334650
20240112,12:35:04,1.8,9250,334650
20240112,12:35:07,1.8,200,334650
20240112,12:35:10,1.8,5000,334650
20240112,12:35:27,1.8,50,334650
20240112,12:35:49,1.8,50,335950
20240112,12:36:55,1.8,50,335950
20240112,12:37:19,1.85,50,335950
20240112,12:39:12,1.85,50,335950
20240112,12:39:28,1.8,50,336050
20240112,12:40:58,1.85,500,336050
20240112,12:41:37,1.85,100,336050
20240112,12:41:39,1.85,100,336050
20240112,12:41:45,1.85,100,336050
20240112,12:41:48,1.85,100,336050
20240112,12:42:03,1.85,500,335600
20240112,12:42:06,1.85,100,335600
20240112,12:42:07,1.85,100,335600
20240112,12:42:08,1.85,100,335600
20240112,12:42:10,1.85,500,335600
20240112,12:46:59,1.8,200,335700
20240112,12:47:06,1.8,250,335700
20240112,12:47:33,1.8,200,335700
20240112,12:47:39,1.8,1800,335700
20240112,12:47:47,1.8,200,335700
20240112,12:47:51,1.8,5650,335700
20240112,12:47:59,1.8,200,336800
20240112,12:48:08,1.85,50,336800
20240112,12:48:35,1.85,200,336800
20240112,12:48:41,1.8,50,336800
20240112,12:48:42,1.8,200,336800
20240112,12:49:12,1.8,200,336800
20240112,12:49:36,1.8,200,336800
20240112,12:49:57,1.8,200,336800
20240112,12:50:07,1.8,200,336800
20240112,12:50:24,1.85,50,336800
20240112,12:50:56,1.85,50,336800
20240112,12:51:42,1.8,100,338400
20240112,12:51:50,1.85,100,338400
20240112,12:52:59,1.85,50,338400
20240112,12:53:02,1.85,250,338400
20240112,12:53:03,1.85,250,338400
20240112,12:53:04,1.85,450,338400
20240112,12:53:30,1.85,50,338400
20240112,12:53:43,1.85,50,338400
20240112,12:53:52,1.85,50,338400
20240112,12:54:20,1.85,50,338050
20240112,12:54:26,1.85,600,338050
20240112,12:54:33,1.85,50,338050
20240112,12:54:41,1.85,250,338050
20240112,12:54:43,1.85,300,338050
20240112,12:54:44,1.85,250,338050
20240112,12:54:46,1.85,750,338050
20240112,12:54:47,1.8,50,338050
20240112,12:54:48,1.85,50,338050
20240112,12:54:58,1.85,50,338050
20240112,12:55:07,1.85,250,338050
20240112,12:55:11,1.8,50,338050
20240112,12:55:18,1.85,1200,338050
20240112,12:55:19,1.85,2800,338050
20240112,12:55:22,1.85,50,338050
20240112,12:55:33,1.85,50,338050
20240112,12:55:36,1.85,6900,338050
20240112,12:55:37,1.85,3500,338050
20240112,12:55:40,1.85,700,338050
20240112,12:55:41,1.85,750,338050
20240112,12:55:43,1.85,4550,338050
20240112,12:55:47,1.85,3350,338050
20240112,12:55:48,1.85,4250,338050
20240112,12:55:56,1.9,50,338050
20240112,12:56:10,1.85,900,338050
20240112,12:56:13,1.85,550,338050
20240112,12:56:15,1.85,850,338050
20240112,12:56:26,1.9,450,338050
20240112,12:56:27,1.9,300,338050
20240112,12:56:29,1.9,4100,338050
20240112,12:57:11,1.95,17400,335700
20240112,12:57:21,1.95,2100,335700
20240112,12:57:35,2.0,1800,335700
20240112,12:58:00,2.0,5050,335700
20240112,12:58:45,2.0,50,335700
20240112,12:58:52,2.05,6450,335700
20240112,12:58:54,2.05,3300,335700
20240112,12:58:57,2.05,600,335700
20240112,12:58:58,2.1,2900,335700
20240112,12:58:59,2.1,3450,335700
20240112,12:59:00,2.1,1800,335700
20240112,12:59:02,2.1,50,335700
20240112,12:59:17,2.1,250,335700
20240112,12:59:18,2.05,3300,335700
20240112,12:59:19,2.05,14250,335700
20240112,12:59:26,2.05,2700,335700
20240112,12:59:45,2.05,1850,335700
20240112,12:59:56,2.1,50,341450
20240112,13:00:17,2.1,350,341450
20240112,13:00:23,2.1,2150,341450
20240112,13:00:23,2.1,8450,341450
20240112,13:00:32,2.1,1000,341450
20240112,13:01:01,2.15,3200,341450
20240112,13:01:01,2.15,400,341450
20240112,13:01:02,2.15,3000,341450
20240112,13:01:35,2.1,2950,341450
20240112,13:01:35,2.1,5650,341450
20240112,13:01:38,2.05,50,341450
20240112,13:02:16,2.1,50,341450
20240112,13:02:32,2.1,100,341450
20240112,13:03:09,2.05,50,338650
20240112,13:03:17,2.1,2250,338650
20240112,13:03:18,2.15,1800,338650
20240112,13:03:19,2.1,3850,338650
20240112,13:03:20,2.1,3900,338650
20240112,13:03:31,2.1,1050,338650
20240112,13:03:33,2.1,1650,338650
20240112,13:03:34,2.15,1800,338650
20240112,13:03:35,2.1,2900,338650
20240112,13:03:42,2.1,4900,338650
20240112,13:03:44,2.1,3850,338650
20240112,13:03:46,2.1,100,338650
20240112,13:03:48,2.1,50,338650
20240112,13:03:54,2.1,550,338650
20240112,13:03:58,2.15,1800,338650
20240112,13:04:08,2.1,250,338650
20240112,13:04:20,2.1,100,338650
20240112,13:04:27,2.1,50,338650
20240112,13:04:53,2.1,350,338650
20240112,13:05:09,2.15,1350,338650
20240112,13:05:31,2.15,1500,338650
20240112,13:05:32,2.15,3500,338650
20240112,13:05:33,2.2,1500,338650
20240112,13:05:34,2.2,6050,338650
20240112,13:05:35,2.2,3050,338650
20240112,13:05:36,2.2,3000,338650
20240112,13:05:37,2.2,8300,338650
20240112,13:05:38,2.2,6650,338650
20240112,13:05:39,2.2,5500,338650
20240112,13:05:40,2.2,8150,338650
20240112,13:05:41,2.2,3450,338650
20240112,13:05:42,2.2,5050,338650
20240112,13:05:43,2.2,1500,338650
20240112,13:05:44,2.2,10100,338650
20240112,13:05:45,2.2,9150,338650
20240112,13:05:46,2.2,3050,338650
20240112,13:05:47,2.2,12950,338650
20240112,13:05:48,2.2,3500,338650
20240112,13:05:49,2.25,1600,338650
20240112,13:05:50,2.25,4750,338650
20240112,13:05:51,2.25,4500,338650
20240112,13:05:52,2.25,3100,338650
20240112,13:05:53,2.25,17100,387050
20240112,13:05:54,2.25,550,387050
20240112,13:05:55,2.25,2550,387050
20240112,13:05:56,2.2,400,387050
20240112,13:05:57,2.3,3950,387050
20240112,13:05:58,2.25,3500,387050
20240112,13:05:59,2.25,4050,387050
20240112,13:06:00,2.25,2600,387050
20240112,13:06:01,2.3,1500,387050
20240112,13:06:02,2.25,50,387050
20240112,13:06:04,2.25,1800,387050
20240112,13:06:08,2.25,2450,387050
20240112,13:06:09,2.25,8800,387050
20240112,13:06:10,2.25,3900,387050
20240112,13:06:11,2.25,1550,387050
20240112,13:06:13,2.25,2200,387050
20240112,13:06:14,2.25,3600,387050
20240112,13:06:16,2.3,1500,387050
20240112,13:06:23,2.25,4150,387050
20240112,13:06:24,2.3,1500,387050
20240112,13:06:27,2.25,800,387050
20240112,13:06:28,2.25,200,387050
20240112,13:06:30,2.25,300,387050
20240112,13:06:31,2.25,1200,387050
20240112,13:06:32,2.25,500,387050
20240112,13:06:34,2.25,750,387050
20240112,13:06:36,2.25,150,387050
20240112,13:06:37,2.25,450,387050
20240112,13:06:45,2.25,3150,387050
20240112,13:06:46,2.25,5250,387050
20240112,13:06:47,2.25,450,387050
20240112,13:06:56,2.25,15350,387050
20240112,13:06:57,2.3,3300,387050
20240112,13:06:59,2.25,400,387050
20240112,13:07:04,2.25,1350,387050
20240112,13:07:04,2.25,450,387050
20240112,13:07:13,2.25,450,387050
20240112,13:07:20,2.25,1800,387050
20240112,13:07:26,2.25,2250,387050
20240112,13:07:27,2.25,450,387050
20240112,13:07:28,2.25,450,387050
20240112,13:07:29,2.25,12250,387050
20240112,13:07:30,2.25,5200,387050
20240112,13:07:34,2.25,450,387050
20240112,13:07:38,2.25,250,387050
20240112,13:07:42,2.25,50,387050
20240112,13:07:44,2.25,1000,387050
20240112,13:07:47,2.25,1350,387050
20240112,13:07:48,2.25,3600,387050
20240112,13:07:50,2.25,1350,387050
20240112,13:07:53,2.25,1500,387050
20240112,13:07:53,2.3,4500,387050
20240112,13:07:54,2.3,3900,387050
20240112,13:07:55,2.3,3000,387050
20240112,13:07:57,2.25,3300,387050
20240112,13:07:57,2.3,750,387050
20240112,13:07:58,2.3,4350,387050
20240112,13:07:59,2.3,2600,387050
20240112,13:08:00,2.3,3000,387050
20240112,13:08:02,2.25,7550,387050
20240112,13:08:03,2.3,3300,387050
20240112,13:08:04,2.3,1900,387050
20240112,13:08:05,2.3,2600,387050
20240112,13:08:05,2.3,1450,387050
20240112,13:08:06,2.3,2350,387050
20240112,13:08:07,2.3,2250,387050
20240112,13:08:08,2.3,2250,387050
20240112,13:08:09,2.3,3000,387050
20240112,13:08:10,2.3,12250,387050
20240112,13:08:11,2.25,5950,387050
20240112,13:08:12,2.3,3000,387050
20240112,13:08:13,2.35,5450,387050
20240112,13:08:15,2.3,5300,387050
20240112,13:08:22,2.3,2350,387050
20240112,13:08:22,2.3,450,387050
20240112,13:08:33,2.25,150,387050
20240112,13:08:49,2.25,500,387050
20240112,13:09:05,2.3,350,465000
20240112,13:09:14,2.25,450,465000
20240112,13:09:37,2.25,400,465000
20240112,13:09:44,2.3,800,465000
20240112,13:09:58,2.3,2200,465000
20240112,13:10:06,2.3,950,465000
20240112,13:10:31,2.3,100,465000
20240112,13:10:32,2.3,750,465000
20240112,13:10:49,2.25,1000,465000
20240112,13:10:50,2.25,1000,465000
20240112,13:10:55,2.25,1000,465000
20240112,13:10:57,2.25,1000,465000
20240112,13:11:01,2.25,400,465000
20240112,13:11:04,2.25,1000,465000
20240112,13:11:05,2.25,150,465000
20240112,13:11:06,2.25,450,465000
20240112,13:11:07,2.25,150,465000
20240112,13:11:18,2.25,1000,465000
20240112,13:11:18,2.25,1350,465000
20240112,13:11:28,2.3,350,465000
20240112,13:11:51,2.25,300,465000
20240112,13:11:57,2.25,100,466700
20240112,13:12:07,2.3,1400,466700
20240112,13:12:07,2.3,800,466700
20240112,13:12:31,2.25,7450,466700
20240112,13:12:32,2.25,3550,466700
20240112,13:12:37,2.25,200,466700
20240112,13:12:37,2.25,450,466700
20240112,13:12:43,2.25,650,466700
20240112,13:12:43,2.25,600,466700
20240112,13:12:44,2.25,4600,466700
20240112,13:12:48,2.2,50,466700
20240112,13:12:49,2.25,250,466700
20240112,13:13:21,2.2,100,466700
20240112,13:13:22,2.2,1500,466700
20240112,13:13:24,2.2,1500,466700
20240112,13:13:44,2.25,250,466700
20240112,13:13:52,2.25,1800,466700
20240112,13:14:05,2.25,1000,466700
20240112,13:14:07,2.25,1800,466700
20240112,13:14:09,2.25,7800,466700
20240112,13:14:20,2.25,1300,466700
20240112,13:14:50,2.25,50,466700
20240112,13:15:02,2.25,800,466700
20240112,13:15:03,2.25,200,474300
20240112,13:15:32,2.3,10200,474300
20240112,13:15:57,2.3,400,474300
20240112,13:15:59,2.3,450,474300
20240112,13:16:20,2.3,150,474300
20240112,13:16:33,2.3,250,474300
20240112,13:16:51,2.3,950,474300
20240112,13:16:52,2.3,4900,474300
20240112,13:16:54,2.25,50,474300
20240112,13:17:15,2.3,1800,474300
20240112,13:17:28,2.3,1800,474300
20240112,13:17:34,2.25,1000,474300
20240112,13:17:41,2.25,900,474300
20240112,13:17:43,2.3,1800,474300
20240112,13:17:44,2.25,1000,474300
20240112,13:17:45,2.25,1000,474300
20240112,13:17:51,2.3,800,474300
20240112,13:17:52,2.3,200,474300
20240112,13:17:53,2.3,17050,474300
20240112,13:17:54,2.3,3900,474300
20240112,13:18:40,2.3,50,477100
20240112,13:19:14,2.3,500,477100
20240112,13:19:21,2.3,650,477100
20240112,13:19:26,2.3,150,477100
20240112,13:19:43,2.3,150,477100
20240112,13:19:46,2.35,1950,477100
20240112,13:19:53,2.3,100,477100
20240112,13:19:56,2.3,6500,477100
20240112,13:20:06,2.3,1000,477100
20240112,13:20:09,2.3,1200,477100
20240112,13:20:11,2.3,250,477100
20240112,13:20:12,2.3,50,477100
20240112,13:20:22,2.35,900,477100
20240112,13:20:26,2.3,200,477100
20240112,13:20:36,2.3,1000,477100
20240112,13:20:36,2.3,800,477100
20240112,13:20:42,2.35,1850,477100
20240112,13:21:05,2.3,1000,479500
20240112,13:21:08,2.3,500,479500
20240112,13:21:10,2.3,1000,479500
20240112,13:21:12,2.3,500,479500
20240112,13:21:12,2.3,1000,479500
20240112,13:21:14,2.35,1800,479500
20240112,13:21:18,2.3,1000,479500
20240112,13:21:27,2.3,1000,479500
20240112,13:21:30,2.3,600,479500
20240112,13:21:37,2.3,500,479500
20240112,13:22:05,2.3,400,479500
20240112,13:22:19,2.3,1800,479500
20240112,13:22:21,2.3,1800,479500
20240112,13:22:24,2.3,1800,479500
20240112,13:22:27,2.3,1800,479500
20240112,13:22:29,2.3,6500,479500
20240112,13:22:29,2.3,350,479500
20240112,13:22:32,2.3,1800,479500
20240112,13:22:34,2.3,1800,479500
20240112,13:23:06,2.3,1800,479500
20240112,13:23:19,2.3,3000,479500
20240112,13:23:25,2.3,100,479500
20240112,13:23:26,2.3,2100,479500
20240112,13:23:31,2.3,300,479500
20240112,13:23:46,2.3,900,479500
20240112,13:23:54,2.3,300,479500
20240112,13:23:56,2.3,1800,479500
20240112,13:23:58,2.3,300,479750
20240112,13:23:59,2.3,3400,479750
20240112,13:24:01,2.35,50,479750
20240112,13:24:03,2.35,500,479750
20240112,13:24:38,2.3,100,479750
20240112,13:24:42,2.35,150,479750
20240112,13:24:51,2.35,50,479750
20240112,13:24:59,2.3,100,479750
20240112,13:25:04,2.3,1850,479750
20240112,13:25:07,2.3,1800,479750
20240112,13:25:09,2.35,50,479750
20240112,13:25:42,2.35,9200,479750
20240112,13:25:43,2.35,50,479750
20240112,13:25:47,2.35,150,479750
20240112,13:25:50,2.4,1800,479750
20240112,13:25:53,2.4,1900,479750
20240112,13:25:56,2.35,3850,479750
20240112,13:26:02,2.35,50,479750
20240112,13:26:06,2.35,1000,479750
20240112,13:26:09,2.35,3850,479750
20240112,13:26:10,2.35,1100,479750
20240112,13:26:17,2.35,50,479750
20240112,13:26:18,2.35,50,479750
20240112,13:26:23,2.35,50,479750
20240112,13:26:33,2.3,1050,479750
20240112,13:26:36,2.35,350,479750
20240112,13:26:39,2.35,100,479750
20240112,13:26:42,2.3,500,479750
20240112,13:26:46,2.3,100,479750
20240112,13:26:50,2.3,50,479750
20240112,13:27:02,2.3,800,479750
20240112,13:27:06,2.3,300,487950
20240112,13:27:23,2.3,1800,487950
20240112,13:27:30,2.3,1800,487950
20240112,13:27:31,2.35,50,487950
20240112,13:27:38,2.35,1000,487950
20240112,13:27:42,2.35,350,487950
20240112,13:27:44,2.35,250,487950
20240112,13:27:50,2.35,800,487950
20240112,13:27:55,2.35,300,487950
20240112,13:28:05,2.35,50,487950
20240112,13:28:12,2.35,300,487950
20240112,13:28:13,2.35,700,487950
20240112,13:28:14,2.35,350,487950
20240112,13:28:16,2.35,1000,487950
20240112,13:28:17,2.35,3450,487950
20240112,13:28:18,2.4,8250,487950
20240112,13:28:23,2.4,50,487950
20240112,13:28:28,2.35,2050,487950
20240112,13:28:32,2.35,1800,487950
20240112,13:28:33,2.4,500,487950
20240112,13:28:35,2.35,1800,487950
20240112,13:28:39,2.35,1800,487950
20240112,13:28:46,2.4,50,487950
20240112,13:28:58,2.4,100,487950
20240112,13:29:15,2.4,100,487950
20240112,13:29:23,2.35,1800,487950
20240112,13:29:26,2.35,350,487950
20240112,13:29:28,2.4,1800,487950
20240112,13:29:31,2.35,50,487950
20240112,13:30:05,2.35,700,497700
20240112,13:30:42,2.35,1600,497700
20240112,13:30:43,2.35,3350,497700
20240112,13:30:54,2.35,800,497700
20240112,13:30:55,2.35,4450,497700
20240112,13:30:56,2.35,3900,497700
20240112,13:30:59,2.35,700,497700
20240112,13:31:14,2.3,1000,497700
20240112,13:31:28,2.3,1800,497700
20240112,13:31:28,2.3,600,497700
20240112,13:31:56,2.35,50,497700
20240112,13:32:17,2.3,5100,497700
20240112,13:32:18,2.3,3650,497700
20240112,13:32:24,2.3,50,497700
20240112,13:32:34,2.3,300,497700
20240112,13:32:53,2.3,250,497700
20240112,13:33:11,2.3,50,497700
20240112,13:33:37,2.3,50,496550
20240112,13:33:47,2.3,50,496550
20240112,13:33:57,2.3,50,496550
20240112,13:34:10,2.25,1100,496550
20240112,13:34:14,2.25,600,496550
20240112,13:34:20,2.25,250,496550
20240112,13:34:28,2.25,300,496550
20240112,13:35:16,2.25,2950,496550
20240112,13:35:18,2.25,4500,496550
20240112,13:35:19,2.25,2300,496550
20240112,13:35:20,2.25,1050,496550
20240112,13:35:35,2.25,1750,496550
20240112,13:35:45,2.25,1000,496550
20240112,13:36:07,2.3,50,496550
20240112,13:36:27,2.25,150,497500
20240112,13:38:01,2.25,300,497500
20240112,13:38:09,2.3,450,497500
20240112,13:38:20,2.25,50,497500
20240112,13:38:24,2.25,100,497500
20240112,13:38:38,2.25,250,497500
20240112,13:39:57,2.25,200,497500
20240112,13:40:29,2.25,50,497400
20240112,13:41:16,2.3,5500,497400
20240112,13:41:18,2.35,2850,497400
20240112,13:41:21,2.35,450,497400
20240112,13:41:25,2.35,5100,497400
20240112,13:41:26,2.35,1300,497400
20240112,13:41:31,2.35,600,497400
20240112,13:42:02,2.4,850,501950
20240112,13:42:03,2.45,1950,501950
20240112,13:42:05,2.45,5300,501950
20240112,13:42:06,2.45,4300,501950
20240112,13:42:07,2.45,3500,501950
20240112,13:42:08,2.4,50,501950
20240112,13:42:12,2.45,7250,501950
20240112,13:42:15,2.45,2700,501950
20240112,13:42:15,2.45,950,501950
20240112,13:42:16,2.45,3300,501950
20240112,13:42:19,2.45,300,501950
20240112,13:42:19,2.45,2600,501950
20240112,13:42:26,2.45,350,501950
20240112,13:42:37,2.4,50,501950
20240112,13:42:39,2.45,350,501950
20240112,13:42:40,2.45,3150,501950
20240112,13:42:45,2.5,950,501950
20240112,13:42:52,2.5,750,501950
20240112,13:42:53,2.55,250,501950
20240112,13:42:55,2.55,2200,501950
20240112,13:42:56,2.6,2050,501950
20240112,13:43:02,2.55,450,501950
20240112,13:43:05,2.55,1000,501950
20240112,13:43:36,2.5,50,501950
20240112,13:43:40,2.55,3650,501950
20240112,13:43:41,2.55,3600,501950
20240112,13:44:04,2.5,150,501950
20240112,13:44:09,2.55,1000,501950
20240112,13:44:10,2.55,4600,501950
20240112,13:44:12,2.55,1150,501950
20240112,13:44:15,2.55,50,501950
20240112,13:44:18,2.55,50,501950
20240112,13:44:21,2.55,100,501950
20240112,13:44:24,2.55,50,501950
20240112,13:44:26,2.55,50,501950
20240112,13:44:34,2.55,5250,501950
20240112,13:44:43,2.55,50,501950
20240112,13:44:45,2.5,450,501950
20240112,13:44:51,2.55,100,501950
20240112,13:45:02,2.55,50,510750
20240112,13:45:11,2.5,1000,510750
20240112,13:45:14,2.5,550,510750
20240112,13:45:19,2.55,50,510750
20240112,13:45:23,2.55,3600,510750
20240112,13:45:26,2.55,50,510750
20240112,13:45:29,2.55,50,510750
20240112,13:45:50,2.5,400,510750
20240112,13:46:10,2.55,50,510750
20240112,13:46:32,2.5,900,510750
20240112,13:46:37,2.5,400,510750
20240112,13:46:58,2.55,1800,510750
20240112,13:46:59,2.5,1500,510750
20240112,13:47:00,2.5,2000,510750
20240112,13:47:13,2.5,200,510750
20240112,13:47:14,2.5,200,510750
20240112,13:47:19,2.5,5450,510750
20240112,13:47:29,2.55,5450,510750
20240112,13:49:24,2.55,600,513250
20240112,13:50:50,2.55,300,513250
20240112,13:51:02,2.55,300,513250
20240112,13:51:08,2.5,50,513650
20240112,13:52:01,2.55,700,513650
20240112,13:52:15,2.55,2100,513650
20240112,13:52:23,2.5,50,513650
20240112,13:52:24,2.55,2800,513650
20240112,13:52:31,2.55,100,513650
20240112,13:53:01,2.6,600,513650
20240112,13:53:02,2.55,3200,513650
20240112,13:53:03,2.55,1800,513650
20240112,13:53:11,2.6,1800,513650
20240112,13:53:13,2.6,1800,513650
20240112,13:53:40,2.6,100,513650
20240112,13:53:42,2.6,50,513650
20240112,13:54:03,2.6,3300,513650
20240112,13:54:10,2.6,150,509350
20240112,13:54:29,2.6,1800,509350
20240112,13:54:32,2.6,700,509350
20240112,13:55:00,2.6,300,509350
20240112,13:55:01,2.65,800,509350
20240112,13:55:19,2.65,350,509350
20240112,13:55:26,2.6,250,509350
20240112,13:55:27,2.6,250,509350
20240112,13:55:33,2.6,250,509350
20240112,13:55:35,2.6,300,509350
20240112,13:55:36,2.6,250,509350
20240112,13:55:38,2.6,300,509350
20240112,13:55:40,2.6,250,509350
20240112,13:55:48,2.6,500,509350
20240112,13:55:48,2.6,250,509350
20240112,13:55:51,2.6,950,509350
20240112,13:55:52,2.6,8850,509350
20240112,13:56:02,2.65,500,509350
20240112,13:56:24,2.6,250,509350
20240112,13:56:25,2.6,250,509350
20240112,13:56:26,2.6,350,509350
20240112,13:56:51,2.6,450,509350
20240112,13:57:01,2.65,300,509350
20240112,13:57:17,2.65,150,509350
20240112,13:57:36,2.6,50,503100
20240112,13:58:01,2.65,300,503100
20240112,13:58:22,2.65,1000,503100
20240112,13:58:25,2.6,1000,503100
20240112,13:58:28,2.65,1000,503100
20240112,13:58:31,2.6,1000,503100
20240112,13:59:01,2.6,800,503100
20240112,13:59:03,2.6,350,503100
20240112,13:59:04,2.65,50,503100
20240112,13:59:17,2.6,300,503100
20240112,13:59:19,2.6,400,503100
20240112,13:59:30,2.6,50,503100
20240112,13:59:33,2.6,600,503100
20240112,13:59:46,2.6,450,503100
20240112,13:59:53,2.6,250,503100
20240112,14:00:00,2.6,1800,503100
20240112,14:00:02,2.6,1750,502950
20240112,14:00:05,2.65,50,502950
20240112,14:00:18,2.6,2250,502950
20240112,14:00:25,2.6,50,502950
20240112,14:00:26,2.6,1750,502950
20240112,14:01:17,2.55,2000,502950
20240112,14:01:20,2.55,250,502950
20240112,14:01:41,2.55,50,502950
20240112,14:02:28,2.5,50,502950
20240112,14:02:42,2.5,1800,502950
20240112,14:03:06,2.5,400,506750
20240112,14:03:24,2.55,250,506750
20240112,14:03:30,2.5,2400,506750
20240112,14:03:32,2.5,50,506750
20240112,14:03:33,2.5,50,506750
20240112,14:03:35,2.5,450,506750
20240112,14:05:13,2.55,150,506750
20240112,14:05:16,2.5,1800,506750
20240112,14:05:18,2.5,1800,506750
20240112,14:05:30,2.5,6150,506750
20240112,14:05:31,2.5,1500,506750
20240112,14:05:51,2.5,2650,506750
20240112,14:06:00,2.5,850,506750
20240112,14:06:02,2.5,2200,506750
20240112,14:06:04,2.45,50,506750
20240112,14:06:17,2.5,950,507550
20240112,14:06:18,2.5,1250,507550
20240112,14:06:19,2.5,400,507550
20240112,14:06:21,2.5,250,507550
20240112,14:06:22,2.5,250,507550
20240112,14:06:23,2.5,1150,507550
20240112,14:06:26,2.5,700,507550
20240112,14:06:31,2.45,50,507550
20240112,14:06:40,2.45,50,507550
20240112,14:06:44,2.5,400,507550
20240112,14:06:47,2.5,550,507550
20240112,14:06:49,2.5,50,507550
20240112,14:06:57,2.45,1800,507550
20240112,14:06:59,2.45,1800,507550
20240112,14:07:07,2.5,50,507550
20240112,14:07:16,2.5,250,507550
20240112,14:07:17,2.45,50,507550
20240112,14:07:19,2.5,800,507550
20240112,14:07:26,2.45,50,507550
20240112,14:08:01,2.45,1800,507550
20240112,14:08:07,2.45,4500,507550
20240112,14:08:08,2.45,50,507550
20240112,14:08:23,2.4,800,507550
20240112,14:08:39,2.4,200,507550
20240112,14:08:44,2.4,250,507550
20240112,14:08:47,2.4,1000,507550
20240112,14:09:00,2.4,500,507550
20240112,14:09:39,2.45,50,507550
20240112,14:10:30,2.45,50,514800
20240112,14:10:44,2.4,1800,514800
20240112,14:11:39,2.4,4950,514800
20240112,14:11:43,2.4,600,514800
20240112,14:11:45,2.4,50,514800
20240112,14:11:46,2.4,3050,514800
20240112,14:12:42,2.4,250,517250
20240112,14:12:46,2.4,2050,517250
20240112,14:12:47,2.4,3350,517250
20240112,14:13:01,2.4,600,517250
20240112,14:13:24,2.4,50,517250
20240112,14:14:48,2.35,400,517250
20240112,14:14:55,2.35,400,517250
20240112,14:15:08,2.35,50,515450
20240112,14:15:09,2.4,50,515450
20240112,14:15:47,2.35,2800,515450
20240112,14:16:49,2.35,200,515450
20240112,14:16:54,2.4,1600,515450
20240112,14:16:55,2.4,9200,515450
20240112,14:16:56,2.4,1450,515450
20240112,14:17:38,2.4,600,515450
20240112,14:17:39,2.4,1600,515450
20240112,14:17:45,2.35,50,515450
20240112,14:19:04,2.35,200,514100
20240112,14:20:43,2.4,1850,514100
20240112,14:20:50,2.35,100,514100
20240112,14:22:01,2.35,150,514100
20240112,14:24:01,2.35,250,512350
20240112,14:24:41,2.4,500,512500
20240112,14:25:44,2.4,1500,512500
20240112,14:26:16,2.35,50,512500
20240112,14:27:33,2.4,250,512500
20240112,14:27:44,2.4,500,512500
20240112,14:27:51,2.4,250,512500
20240112,14:28:13,2.4,2650,512500
20240112,14:28:27,2.45,7950,512500
20240112,14:28:37,2.45,50,512500
20240112,14:28:37,2.45,4200,512500
20240112,14:28:43,2.45,500,512500
20240112,14:28:45,2.45,500,512500
20240112,14:28:48,2.45,3050,512500
20240112,14:29:33,2.4,250,512500
20240112,14:30:22,2.5,50,508250
20240112,14:30:34,2.45,250,508250
20240112,14:30:54,2.5,3050,508250
20240112,14:31:10,2.45,750,508250
20240112,14:31:27,2.45,50,508250
20240112,14:33:38,2.45,2050,508850
20240112,14:34:00,2.45,300,508850
20240112,14:34:21,2.45,150,508850
20240112,14:34:22,2.45,600,508850
20240112,14:34:26,2.45,300,508850
20240112,14:34:26,2.45,1050,508850
20240112,14:34:30,2.45,5600,508850
20240112,14:34:31,2.45,2100,508850
20240112,14:35:00,2.45,250,508850
20240112,14:35:01,2.45,450,508850
20240112,14:35:01,2.45,300,508850
20240112,14:35:07,2.5,600,508850
20240112,14:35:08,2.5,450,508850
20240112,14:35:11,2.5,250,508850
20240112,14:35:15,2.45,150,508850
20240112,14:35:15,2.45,600,508850
20240112,14:35:18,2.45,1800,508850
20240112,14:35:22,2.45,600,508850
20240112,14:35:25,2.45,50,508850
20240112,14:35:30,2.45,600,508850
20240112,14:36:13,2.45,50,517950
20240112,14:36:22,2.45,250,517950
20240112,14:36:43,2.5,2100,517950
20240112,14:36:53,2.5,50,517950
20240112,14:37:03,2.5,250,517950
20240112,14:37:10,2.55,300,517950
20240112,14:37:11,2.55,2350,517950
20240112,14:37:18,2.6,6700,517950
20240112,14:37:39,2.6,1500,517950
20240112,14:38:21,2.6,1650,517950
20240112,14:38:39,2.6,5500,517950
20240112,14:38:39,2.65,2000,517950
20240112,14:38:41,2.6,50,517950
20240112,14:39:03,2.6,400,517950
20240112,14:39:04,2.6,250,517950
20240112,14:39:11,2.6,250,517950
20240112,14:39:18,2.6,450,515300
20240112,14:39:33,2.65,5150,515300
20240112,14:40:22,2.6,2500,515300
20240112,14:40:31,2.55,750,515300
20240112,14:40:35,2.55,500,515300
20240112,14:40:36,2.6,500,515300
20240112,14:40:39,2.6,750,515300
20240112,14:40:41,2.6,1250,515300
20240112,14:40:51,2.6,1500,515300
20240112,14:41:02,2.6,350,515300
20240112,14:41:03,2.6,2350,515300
20240112,14:41:05,2.6,2050,515300
20240112,14:41:06,2.6,250,515300
20240112,14:41:08,2.6,2050,515300
20240112,14:41:10,2.6,400,515300
20240112,14:41:12,2.6,250,515300
20240112,14:41:35,2.6,8050,515300
20240112,14:41:53,2.6,300,515300
20240112,14:41:54,2.6,350,515300
20240112,14:41:55,2.6,300,515300
20240112,14:41:56,2.6,650,515300
20240112,14:41:59,2.6,250,515300
20240112,14:42:42,2.6,400,518150
20240112,14:43:06,2.65,300,518150
20240112,14:43:08,2.65,300,518150
20240112,14:43:10,2.65,300,518150
20240112,14:43:24,2.6,1550,518150
20240112,14:43:49,2.65,1500,518150
20240112,14:44:14,2.65,1600,518150
20240112,14:44:15,2.65,400,518150
20240112,14:44:17,2.65,11350,518150
20240112,14:44:18,2.65,1200,518150
20240112,14:44:41,2.6,1500,518150
20240112,14:44:51,2.6,250,518150
20240112,14:44:53,2.6,250,518150
20240112,14:44:54,2.6,450,518150
20240112,14:45:23,2.6,500,510700
20240112,14:45:24,2.6,250,510700
20240112,14:45:29,2.6,250,510700
20240112,14:45:30,2.6,250,510700
20240112,14:45:31,2.6,7550,510700
20240112,14:45:32,2.6,1000,510700
20240112,14:45:39,2.65,250,510700
20240112,14:45:47,2.6,2550,510700
20240112,14:46:00,2.6,300,510700
20240112,14:46:02,2.6,250,510700
20240112,14:46:04,2.6,50,510700
20240112,14:46:09,2.6,350,510700
20240112,14:46:23,2.6,350,510700
20240112,14:46:29,2.6,350,510700
20240112,14:46:46,2.6,300,510700
20240112,14:46:51,2.6,350,510700
20240112,14:46:53,2.6,250,510700
20240112,14:47:01,2.6,350,510700
20240112,14:47:02,2.6,250,510700
20240112,14:47:04,2.6,2850,510700
20240112,14:47:22,2.55,450,510700
20240112,14:47:23,2.55,300,510700
20240112,14:47:30,2.55,1450,510700
20240112,14:47:31,2.55,950,510700
20240112,14:47:33,2.55,1000,510700
20240112,14:47:41,2.6,500,510700
20240112,14:47:52,2.55,2200,510700
20240112,14:48:26,2.55,3050,511250
20240112,14:48:34,2.55,2550,511250
20240112,14:48:36,2.55,100,511250
20240112,14:48:46,2.55,50,511250
20240112,14:48:47,2.55,50,511250
20240112,14:48:53,2.55,50,511250
20240112,14:48:56,2.55,3700,511250
20240112,14:49:39,2.5,500,511250
20240112,14:49:40,2.5,500,511250
20240112,14:49:42,2.5,500,511250
20240112,14:49:44,2.5,500,511250
20240112,14:49:47,2.5,2050,511250
20240112,14:49:58,2.5,1800,511250
20240112,14:50:02,2.5,1800,511250
20240112,14:50:05,2.5,1400,511250
20240112,14:50:15,2.5,800,511250
20240112,14:50:17,2.5,550,511250
20240112,14:50:17,2.45,700,511250
20240112,14:50:18,2.45,4050,511250
20240112,14:50:20,2.45,1100,511250
20240112,14:50:20,2.45,400,511250
20240112,14:50:21,2.45,550,511250
20240112,14:50:22,2.4,550,511250
20240112,14:50:27,2.45,250,511250
20240112,14:50:32,2.45,350,511250
20240112,14:50:57,2.4,500,511250
20240112,14:51:11,2.45,550,509100
20240112,14:51:12,2.45,50,509100
20240112,14:51:31,2.4,700,509100
20240112,14:51:33,2.4,1500,509100
20240112,14:51:37,2.4,750,509100
20240112,14:51:45,2.4,50,509100
20240112,14:51:52,2.45,1350,509100
20240112,14:51:53,2.45,250,509100
20240112,14:51:55,2.45,500,509100
20240112,14:51:57,2.45,250,509100
20240112,14:52:04,2.45,100,509100
20240112,14:52:08,2.45,1000,509100
20240112,14:52:29,2.4,5400,509100
20240112,14:52:32,2.4,1800,509100
20240112,14:52:36,2.4,1800,509100
20240112,14:52:38,2.4,1800,509100
20240112,14:52:39,2.4,2900,509100
20240112,14:52:41,2.4,1800,509100
20240112,14:52:42,2.4,150,509100
20240112,14:52:46,2.4,400,509100
20240112,14:52:47,2.4,50,509100
20240112,14:52:48,2.35,1800,509100
20240112,14:52:49,2.4,250,509100
20240112,14:52:50,2.4,300,509100
20240112,14:52:54,2.4,50,509100
20240112,14:52:55,2.4,250,509100
20240112,14:52:56,2.4,50,509100
20240112,14:52:58,2.4,250,509100
20240112,14:53:02,2.35,150,509100
20240112,14:53:06,2.4,50,509100
20240112,14:53:30,2.35,11500,509100
20240112,14:53:36,2.35,750,509100
20240112,14:54:38,2.35,250,522500
20240112,14:54:51,2.35,300,522500
20240112,14:54:53,2.35,50,522500
20240112,14:55:08,2.35,300,522500
20240112,14:55:30,2.35,1800,522500
20240112,14:55:31,2.35,800,522500
20240112,14:55:43,2.35,50,522500
20240112,14:55:47,2.35,800,522500
20240112,14:55:52,2.35,1350,522500
20240112,14:55:53,2.35,1150,522500
20240112,14:55:55,2.35,450,522500
20240112,14:55:56,2.35,50,522500
20240112,14:55:57,2.35,50,522500
20240112,14:56:01,2.35,50,522500
20240112,14:56:16,2.3,3450,522500
20240112,14:56:17,2.35,50,522500
20240112,14:56:21,2.3,1800,522500
20240112,14:56:22,2.3,200,522500
20240112,14:56:26,2.3,250,522500
20240112,14:56:29,2.3,250,522500
20240112,14:56:31,2.3,4000,522500
20240112,14:56:37,2.3,150,522500
20240112,14:56:42,2.3,1800,522500
20240112,14:56:45,2.3,450,522500
20240112,14:56:52,2.3,800,522500
20240112,14:57:27,2.3,50,528450
20240112,14:57:45,2.3,800,528450
20240112,14:57:49,2.3,50,528450
20240112,14:57:50,2.3,50,528450
20240112,14:57:58,2.3,550,528450
20240112,14:57:59,2.3,650,528450
20240112,14:58:02,2.3,50,528450
20240112,14:58:16,2.25,50,528450
20240112,14:58:44,2.3,400,528450
20240112,14:58:52,2.3,300,528450
20240112,14:58:53,2.3,300,528450
20240112,14:58:55,2.3,1500,528450
20240112,14:58:58,2.3,350,528450
20240112,14:58:59,2.3,6250,528450
20240112,14:59:04,2.3,100,528450
20240112,14:59:07,2.3,50,528450
20240112,14:59:30,2.3,1800,528450
20240112,15:00:05,2.3,250,528450
20240112,15:00:21,2.3,300,528100
20240112,15:00:24,2.3,700,528100
20240112,15:00:27,2.3,1200,528100
20240112,15:01:44,2.25,50,528100
20240112,15:01:54,2.25,150,528100
20240112,15:02:12,2.3,50,528100
20240112,15:02:18,2.25,50,528100
20240112,15:02:31,2.3,400,528100
20240112,15:02:43,2.3,200,528100
20240112,15:02:44,2.3,800,528100
20240112,15:02:45,2.3,600,528100
20240112,15:03:13,2.3,400,527200
20240112,15:03:23,2.3,200,527200
20240112,15:03:24,2.3,200,527200
20240112,15:03:34,2.3,200,527200
20240112,15:03:35,2.3,600,527200
20240112,15:03:39,2.25,1000,527200
20240112,15:03:40,2.25,900,527200
20240112,15:03:43,2.25,2650,527200
20240112,15:03:44,2.25,1200,527200
20240112,15:03:45,2.25,1800,527200
20240112,15:03:49,2.2,1400,527200
20240112,15:03:53,2.25,200,527200
20240112,15:03:55,2.2,200,527200
20240112,15:04:01,2.25,50,527200
20240112,15:04:11,2.2,1800,527200
20240112,15:04:12,2.2,1800,527200
20240112,15:04:18,2.25,200,527200
20240112,15:04:29,2.25,900,527200
20240112,15:04:32,2.2,150,527200
20240112,15:04:46,2.2,4750,527200
20240112,15:04:53,2.2,2100,527200
20240112,15:05:06,2.2,400,527200
20240112,15:05:08,2.15,6700,527200
20240112,15:05:09,2.15,5600,527200
20240112,15:05:16,2.2,150,527200
20240112,15:05:18,2.2,300,527200
20240112,15:05:19,2.2,1500,527200
20240112,15:05:20,2.2,1500,527200
20240112,15:05:23,2.15,1100,527200
20240112,15:05:25,2.15,300,527200
20240112,15:05:26,2.15,300,527200
20240112,15:05:29,2.15,250,527200
20240112,15:05:30,2.15,2100,527200
20240112,15:05:45,2.1,1800,527200
20240112,15:05:50,2.1,2700,527200
20240112,15:05:55,2.1,50,527200
20240112,15:06:03,2.05,50,527200
20240112,15:06:29,2.1,6600,513950
20240112,15:06:38,2.05,6400,513950
20240112,15:06:45,2.1,250,513950
20240112,15:06:49,2.1,1500,513950
20240112,15:06:59,2.1,250,513950
20240112,15:07:00,2.1,250,513950
20240112,15:07:02,2.1,900,513950
20240112,15:07:08,2.1,450,513950
20240112,15:07:15,2.1,250,513950
20240112,15:07:16,2.1,950,513950
20240112,15:07:17,2.1,600,513950
20240112,15:07:19,2.15,200,513950
20240112,15:07:19,2.1,9550,513950
20240112,15:07:24,2.05,300,513950
20240112,15:07:26,2.05,1800,513950
20240112,15:07:27,2.05,4500,513950
20240112,15:07:30,2.1,3650,513950
20240112,15:07:31,2.1,100,513950
20240112,15:07:34,2.05,900,513950
20240112,15:07:47,2.05,200,513950
20240112,15:07:54,2.05,50,513950
20240112,15:08:00,2.05,200,513950
20240112,15:08:02,2.05,1050,513950
20240112,15:08:04,2.1,1050,513950
20240112,15:08:07,2.1,50,513950
20240112,15:08:08,2.05,1800,513950
20240112,15:08:15,2.05,250,513950
20240112,15:08:16,2.05,100,513950
20240112,15:08:17,2.05,1600,513950
20240112,15:08:18,2.05,4350,513950
20240112,15:08:19,2.05,800,513950
20240112,15:08:20,2.05,1250,513950
20240112,15:08:24,2.0,850,513950
20240112,15:08:25,2.0,750,513950
20240112,15:08:26,2.0,100,513950
20240112,15:08:31,2.05,9800,513950
20240112,15:08:32,2.05,250,513950
20240112,15:08:33,2.05,1300,513950
20240112,15:08:35,2.05,1500,513950
20240112,15:08:40,2.05,800,513950
20240112,15:08:46,2.05,4000,513950
20240112,15:08:48,2.05,4200,513950
20240112,15:09:08,2.05,500,513950
20240112,15:09:32,2.05,1600,495700
20240112,15:09:40,2.0,200,495700
20240112,15:09:40,2.0,1800,495700
20240112,15:09:45,2.05,100,495700
20240112,15:10:04,2.05,100,495700
20240112,15:10:07,2.0,1100,495700
20240112,15:10:08,2.0,6050,495700
20240112,15:10:12,1.95,1800,495700
20240112,15:10:14,1.95,1800,495700
20240112,15:10:30,1.95,1800,495700
20240112,15:10:31,1.95,5850,495700
20240112,15:10:32,1.95,1800,495700
20240112,15:10:36,1.95,2700,495700
20240112,15:10:46,1.95,1800,495700
20240112,15:10:49,1.95,4750,495700
20240112,15:10:50,1.95,250,495700
20240112,15:10:55,1.95,50,495700
20240112,15:10:56,1.9,2600,495700
20240112,15:11:11,1.9,250,495700
20240112,15:11:13,1.9,1050,495700
20240112,15:11:21,1.85,500,495700
20240112,15:11:34,1.85,150,495700
20240112,15:11:40,1.9,3750,495700
20240112,15:11:43,1.9,200,495700
20240112,15:11:45,1.85,900,495700
20240112,15:11:49,1.85,1800,495700
20240112,15:12:02,1.85,1100,495700
20240112,15:12:03,1.85,50,495700
20240112,15:12:04,1.85,2700,495700
20240112,15:12:05,1.85,50,495700
20240112,15:12:39,1.85,3600,511250
20240112,15:12:50,1.85,3450,511250
20240112,15:12:59,1.9,1800,511250
20240112,15:13:00,1.9,550,511250
20240112,15:13:01,1.9,1200,511250
20240112,15:13:27,1.85,500,511250
20240112,15:13:38,1.85,4500,511250
20240112,15:13:40,1.8,200,511250
20240112,15:13:52,1.85,300,511250
20240112,15:13:53,1.85,300,511250
20240112,15:14:01,1.75,7850,511250
20240112,15:14:02,1.75,300,511250
20240112,15:14:03,1.75,100,511250
20240112,15:14:13,1.75,50,511250
20240112,15:14:26,1.85,1200,511250
20240112,15:14:27,1.85,22800,511250
20240112,15:14:28,1.85,2900,511250
20240112,15:14:30,1.85,1800,511250
20240112,15:14:32,1.85,300,511250
20240112,15:14:33,1.85,900,511250
20240112,15:14:38,1.85,4150,511250
20240112,15:14:50,1.85,350,511250
20240112,15:15:04,1.9,1800,511250
20240112,15:15:08,1.85,50,511250
20240112,15:15:11,1.85,300,511250
20240112,15:15:12,1.85,700,511250
20240112,15:15:13,1.85,250,511250
20240112,15:15:17,1.85,700,497600
20240112,15:15:23,1.9,1800,497600
20240112,15:15:24,1.85,300,497600
20240112,15:15:26,1.85,600,497600
20240112,15:15:27,1.85,250,497600
20240112,15:15:42,1.85,500,497600
20240112,15:15:46,1.9,150,497600
20240112,15:15:47,1.9,150,497600
20240112,15:15:57,1.9,23000,497600
20240112,15:15:59,1.9,30350,497600
20240112,15:16:01,1.9,21950,497600
20240112,15:16:05,1.9,1950,497600
20240112,15:16:06,1.9,1800,497600
20240112,15:16:12,1.9,50,497600
20240112,15:16:14,1.9,50,497600
20240112,15:16:19,1.9,50,497600
20240112,15:16:22,1.9,50,497600
20240112,15:16:32,1.95,150,497600
20240112,15:16:33,1.95,300,497600
20240112,15:16:49,1.95,500,497600
20240112,15:17:08,1.95,250,497600
20240112,15:17:13,1.9,1250,497600
20240112,15:17:14,1.9,1800,497600
20240112,15:17:15,1.9,2000,497600
20240112,15:17:18,1.9,1800,497600
20240112,15:17:34,1.9,700,497600
20240112,15:17:57,1.9,500,497600
20240112,15:18:01,1.9,1500,497600
20240112,15:18:02,1.95,1950,497600
20240112,15:18:03,1.95,300,497600
20240112,15:18:04,1.9,50,497600
20240112,15:18:07,1.9,1500,497600
20240112,15:18:12,1.9,500,497600
20240112,15:18:44,1.95,300,482350
20240112,15:18:53,1.95,250,482350
20240112,15:19:01,1.95,1250,482350
20240112,15:19:05,1.95,300,482350
20240112,15:19:07,1.95,1800,482350
20240112,15:19:10,1.95,1800,482350
20240112,15:19:25,1.9,150,482350
20240112,15:19:33,1.95,1800,482350
20240112,15:19:37,1.95,250,482350
20240112,15:19:38,1.9,2750,482350
20240112,15:19:39,1.95,250,482350
20240112,15:19:40,1.95,250,482350
20240112,15:19:42,1.95,5850,482350
20240112,15:19:53,1.95,50,482350
20240112,15:19:55,1.95,3600,482350
20240112,15:20:05,1.9,50,482350
20240112,15:20:06,1.95,100,482350
20240112,15:20:55,1.95,1800,482350
20240112,15:21:00,1.95,1800,482350
20240112,15:21:11,1.95,750,482350
20240112,15:21:23,1.95,400,485900
20240112,15:21:24,1.95,350,485900
20240112,15:21:25,1.95,650,485900
20240112,15:21:26,1.95,600,485900
20240112,15:21:27,1.95,3950,485900
20240112,15:21:29,1.95,2000,485900
20240112,15:21:32,2.0,1850,485900
20240112,15:21:34,1.95,8800,485900
20240112,15:21:35,1.95,1800,485900
20240112,15:21:39,1.95,50,485900
20240112,15:21:48,2.0,1800,485900
20240112,15:21:50,2.0,5150,485900
20240112,15:21:53,2.0,50,485900
20240112,15:21:55,2.0,1800,485900
20240112,15:21:56,2.0,1800,485900
20240112,15:22:02,2.05,150,485900
20240112,15:22:05,2.0,50,485900
20240112,15:22:11,2.0,300,485900
20240112,15:22:26,2.0,1800,485900
20240112,15:22:29,2.0,1800,485900
20240112,15:22:32,2.0,50,485900
20240112,15:22:51,2.0,250,485900
20240112,15:23:05,2.0,250,485900
20240112,15:23:36,2.0,2600,485900
20240112,15:23:39,2.0,300,485900
20240112,15:23:40,2.0,450,485900
20240112,15:23:46,1.95,2000,485900
20240112,15:23:47,1.95,300,485900
20240112,15:24:02,1.95,100,485900
20240112,15:24:10,2.0,200,485900
20240112,15:24:14,2.0,950,485900
20240112,15:24:17,1.95,1000,491850
20240112,15:24:22,1.95,500,491850
20240112,15:24:23,1.95,400,491850
20240112,15:24:30,1.95,500,491850
20240112,15:24:35,2.0,150,491850
20240112,15:24:48,1.95,900,491850
20240112,15:24:55,1.95,13650,491850
20240112,15:24:56,1.9,200,491850
20240112,15:24:57,1.9,200,491850
20240112,15:24:58,1.9,200,491850
20240112,15:25:00,1.95,3350,491850
20240112,15:25:01,1.9,6000,491850
20240112,15:25:02,1.9,200,491850
20240112,15:25:09,1.9,50,491850
20240112,15:25:10,1.9,800,491850
20240112,15:25:16,1.95,50,491850
20240112,15:25:18,1.95,550,491850
20240112,15:25:35,1.9,200,491850
20240112,15:25:39,1.9,50,491850
20240112,15:25:40,1.95,600,491850
20240112,15:25:43,1.95,1000,491850
20240112,15:25:44,1.9,50,491850
20240112,15:25:46,1.95,1000,491850
20240112,15:25:47,1.95,9350,491850
20240112,15:25:48,2.0,1000,491850
20240112,15:25:50,2.0,1000,491850
20240112,15:25:52,2.0,2800,491850
20240112,15:25:54,2.0,100,491850
20240112,15:25:57,2.0,900,491850
20240112,15:26:14,1.95,1800,491850
20240112,15:26:16,2.0,4300,491850
20240112,15:26:18,2.0,1000,491850
20240112,15:26:34,1.95,100,491850
20240112,15:26:39,1.95,1800,491850
20240112,15:26:42,1.95,1900,491850
20240112,15:26:43,1.95,100,491850
20240112,15:26:44,1.95,8550,491850
20240112,15:26:56,2.0,100,491850
20240112,15:26:57,2.0,600,491850
20240112,15:27:02,1.95,750,491850
20240112,15:27:05,2.0,1800,491850
20240112,15:27:06,2.0,1600,491850
20240112,15:27:09,2.05,50,491850
20240112,15:27:14,2.0,50,491850
20240112,15:27:15,2.05,1200,491850
20240112,15:27:16,2.05,950,503000
20240112,15:27:30,2.0,1000,503000
20240112,15:27:32,2.0,1000,503000
20240112,15:27:33,2.0,1000,503000
20240112,15:27:34,2.0,1000,503000
20240112,15:27:35,2.0,1000,503000
20240112,15:27:36,2.0,750,503000
20240112,15:27:37,2.0,1000,503000
20240112,15:27:38,2.0,1000,503000
20240112,15:27:40,2.0,100,503000
20240112,15:27:50,1.95,900,503000
20240112,15:27:51,1.95,1000,503000
20240112,15:27:52,1.95,100,503000
20240112,15:27:53,1.95,1800,503000
20240112,15:27:57,1.95,500,503000
20240112,15:28:01,2.0,500,503000
20240112,15:28:02,2.0,500,503000
20240112,15:28:32,2.05,50,503000
20240112,15:28:38,2.0,300,503000
20240112,15:28:41,2.0,100,503000
20240112,15:28:51,2.0,1900,503000
20240112,15:28:55,2.05,50,503000
20240112,15:29:09,2.0,50,503000
20240112,15:29:11,2.15,100,503000
20240112,15:29:28,2.05,400,503000
20240112,15:29:31,2.05,400,503000
20240112,15:29:35,2.05,200,503000
20240112,15:29:36,2.05,200,503000
20240112,15:29:54,2.0,100,503000
20240112,15:29:59,2.05,100,503000
20240115,09:15:00,2.05,1,503000
20240115,09:15:00,2.05,100,503000
20240115,09:15:04,2.25,250,497700
20240115,09:15:09,2.25,300,497700
20240115,09:15:10,2.0,250,497700
20240115,09:15:11,2.0,250,497700
20240115,09:15:12,1.9,50,497700
20240115,09:15:13,1.9,500,497700
20240115,09:15:16,1.9,100,497700
20240115,09:15:17,1.85,600,497700
20240115,09:15:20,1.9,250,497700
20240115,09:15:22,1.9,150,497700
20240115,09:15:24,1.85,100,497700
20240115,09:15:26,1.9,1050,497700
20240115,09:15:26,1.9,800,497700
20240115,09:15:32,1.8,900,497700
20240115,09:15:33,1.8,50,497700
20240115,09:15:35,1.85,500,497700
20240115,09:15:36,1.85,150,497700
20240115,09:15:37,1.85,400,497700
20240115,09:15:39,1.85,100,497700
20240115,09:15:41,1.9,100,497700
20240115,09:15:42,1.85,50,497700
20240115,09:15:50,1.85,100,497700
20240115,09:15:51,1.8,50,497700
20240115,09:15:53,1.8,1100,497700
20240115,09:15:54,1.8,1000,497700
20240115,09:15:55,1.8,2200,497700
20240115,09:15:57,1.8,600,497700
20240115,09:15:59,1.8,650,497700
20240115,09:16:02,1.8,1500,497700
20240115,09:16:11,1.8,3000,497700
20240115,09:16:20,1.75,550,497700
20240115,09:16:24,1.75,250,497700
20240115,09:16:25,1.8,250,497700
20240115,09:16:26,1.8,200,497700
20240115,09:16:42,1.8,2700,497700
20240115,09:16:52,1.7,2050,497700
20240115,09:17:02,1.7,1300,497700
20240115,09:17:05,1.7,500,497700
20240115,09:17:19,1.65,1800,497700
20240115,09:17:23,1.65,50,497700
20240115,09:17:30,1.65,1800,504200
20240115,09:17:31,1.65,150,504200
20240115,09:17:35,1.65,600,504200
20240115,09:17:36,1.65,100,504200
20240115,09:17:54,1.65,100,504200
20240115,09:18:17,1.65,850,504200
20240115,09:18:26,1.65,50,504200
20240115,09:18:37,1.7,50,504200
20240115,09:18:42,1.7,50,504200
20240115,09:18:55,1.65,1300,504200
20240115,09:19:24,1.65,300,504200
20240115,09:19:40,1.65,150,504200
20240115,09:19:45,1.65,450,504200
20240115,09:19:47,1.65,600,504200
20240115,09:19:48,1.65,300,504200
20240115,09:19:58,1.7,900,504200
20240115,09:20:01,1.7,800,504200
20240115,09:20:04,1.7,800,504200
20240115,09:20:05,1.7,800,504200
20240115,09:20:08,1.7,600,504200
20240115,09:20:09,1.7,1300,504200
20240115,09:20:11,1.7,1800,504200
20240115,09:20:12,1.65,100,504200
20240115,09:20:13,1.7,1800,504200
20240115,09:20:15,1.7,200,504200
20240115,09:20:16,1.7,150,504200
20240115,09:20:17,1.7,750,504200
20240115,09:20:41,1.75,250,505050
20240115,09:20:43,1.75,250,505050
20240115,09:20:49,1.7,1850,505050
20240115,09:20:50,1.75,1800,505050
20240115,09:20:55,1.7,1100,505050
20240115,09:20:56,1.8,1800,505050
20240115,09:20:57,1.75,150,505050
20240115,09:21:00,1.8,1800,505050
20240115,09:21:03,1.8,250,505050
20240115,09:21:05,1.8,1800,505050
20240115,09:21:10,1.8,1400,505050
20240115,09:21:36,1.8,7100,505050
20240115,09:21:37,1.8,2250,505050
20240115,09:21:38,1.8,350,505050
20240115,09:21:48,1.8,50,505050
20240115,09:21:50,1.8,350,505050
20240115,09:22:03,1.8,1200,505050
20240115,09:22:05,1.8,600,505050
20240115,09:22:07,1.8,600,505050
20240115,09:22:25,1.75,2050,505050
20240115,09:22:27,1.8,100,505050
20240115,09:22:45,1.8,900,505050
20240115,09:23:30,1.75,750,509600
20240115,09:23:45,1.8,250,509600
20240115,09:23:51,1.75,1000,509600
20240115,09:23:52,1.75,5150,509600
20240115,09:23:57,1.75,250,509600
20240115,09:24:02,1.75,450,509600
20240115,09:24:05,1.75,300,509600
20240115,09:24:07,1.75,250,509600
20240115,09:24:25,1.75,3450,509600
20240115,09:24:41,1.75,1150,509600
20240115,09:24:42,1.75,2150,509600
20240115,09:24:46,1.75,450,509600
20240115,09:24:47,1.75,300,509600
20240115,09:24:51,1.75,1950,509600
20240115,09:24:53,1.75,450,509600
20240115,09:25:02,1.75,1950,509600
20240115,09:25:03,1.75,1100,509600
20240115,09:25:10,1.75,500,509600
20240115,09:25:11,1.75,600,509600
20240115,09:25:12,1.75,2200,509600
20240115,09:26:06,1.75,950,509600
20240115,09:26:32,1.75,5000,510500
20240115,09:27:17,1.7,1800,510500
20240115,09:27:26,1.75,150,510500
20240115,09:27:40,1.7,900,510500
20240115,09:28:14,1.7,250,510500
20240115,09:29:21,1.75,50,510500
20240115,09:29:50,1.75,950,507350
20240115,09:30:01,1.75,50,507350
20240115,09:30:04,1.75,1800,507350
20240115,09:30:13,1.75,100,507350
20240115,09:30:16,1.75,1800,507350
20240115,09:30:17,1.75,1800,507350
20240115,09:30:19,1.75,6350,507350
20240115,09:30:23,1.75,1750,507350
20240115,09:30:26,1.75,50,507350
20240115,09:30:28,1.75,350,507350
20240115,09:30:29,1.75,1800,507350
20240115,09:30:31,1.75,1300,507350
20240115,09:30:53,1.8,1800,507350
20240115,09:30:54,1.8,2300,507350
20240115,09:30:58,1.8,250,507350
20240115,09:31:05,1.8,550,507350
20240115,09:31:08,1.85,900,507350
20240115,09:31:11,1.8,250,507350
20240115,09:31:28,1.8,700,507350
20240115,09:33:23,1.8,600,509750
20240115,09:34:16,1.85,650,509750
20240115,09:34:21,1.8,300,509750
20240115,09:34:22,1.85,350,509750
20240115,09:34:23,1.85,50,509750
20240115,09:34:24,1.85,50,509750
20240115,09:34:26,1.85,100,509750
20240115,09:34:31,1.85,100,509750
20240115,09:35:00,1.85,50,509750
20240115,09:35:05,1.85,250,509750
20240115,09:35:08,1.9,1800,509750
20240115,09:35:09,1.9,1800,509750
20240115,09:35:11,1.9,1800,509750
20240115,09:35:12,1.9,1800,509750
20240115,09:35:15,1.9,1800,509750
20240115,09:35:18,1.9,1800,509750
20240115,09:35:19,1.9,3400,509750
20240115,09:35:20,1.9,4450,509750
20240115,09:35:21,1.9,200,509750
20240115,09:35:22,1.9,50,509750
20240115,09:35:23,1.9,50,509750
20240115,09:35:24,1.9,50,509750
20240115,09:35:25,1.9,50,509750
20240115,09:35:27,1.9,50,509750
20240115,09:35:28,1.9,50,509750
20240115,09:35:29,1.9,50,509750
20240115,09:35:30,1.9,2100,494550
20240115,09:35:31,1.9,200,494550
20240115,09:35:32,1.9,200,494550
20240115,09:35:40,1.9,250,494550
20240115,09:35:41,1.9,1850,494550
20240115,09:35:52,1.9,300,494550
20240115,09:35:58,1.9,1000,494550
20240115,09:36:04,1.9,1150,494550
20240115,09:36:05,1.9,600,494550
20240115,09:36:06,1.9,600,494550
20240115,09:36:08,1.9,1800,494550
20240115,09:36:08,1.9,1000,494550
20240115,09:36:09,1.9,1800,494550
20240115,09:36:10,1.9,900,494550
20240115,09:36:12,1.9,300,494550
20240115,09:36:13,1.9,1150,494550
20240115,09:36:14,1.9,1000,494550
20240115,09:36:17,1.9,1000,494550
20240115,09:36:25,1.9,1150,494550
20240115,09:36:40,1.9,200,494550
20240115,09:36:51,1.9,400,494550
20240115,09:36:51,1.9,200,494550
20240115,09:36:52,1.85,100,494550
20240115,09:37:06,1.9,1100,494550
20240115,09:37:43,1.9,900,494550
20240115,09:37:44,1.9,3700,494550
20240115,09:37:45,1.9,4600,494550
20240115,09:37:48,1.9,3600,494550
20240115,09:38:11,1.9,1950,494550
20240115,09:38:12,1.9,1850,494550
20240115,09:38:13,1.9,7500,494550
20240115,09:38:14,1.9,1950,494550
20240115,09:38:16,1.9,1500,494550
20240115,09:38:17,1.9,1150,494550
20240115,09:38:18,1.9,1200,494550
20240115,09:38:20,1.9,1200,494550
20240115,09:38:21,1.9,600,494550
20240115,09:38:22,1.9,50,494550
20240115,09:38:22,1.9,1250,494550
20240115,09:38:23,1.9,600,494550
20240115,09:38:24,1.9,300,494550
20240115,09:38:25,1.9,350,494550
20240115,09:38:26,1.9,100,494550
20240115,09:38:27,1.9,100,494550
20240115,09:38:28,1.9,50,494550
20240115,09:38:32,1.9,1000,502400
20240115,09:38:33,1.9,650,502400
20240115,09:38:34,1.9,1000,502400
20240115,09:38:38,1.9,600,502400
20240115,09:38:39,1.9,1000,502400
20240115,09:38:44,1.9,650,502400
20240115,09:38:46,1.9,1050,502400
20240115,09:38:46,1.9,50,502400
20240115,09:38:49,1.9,3300,502400
20240115,09:38:50,1.9,300,502400
20240115,09:38:56,1.9,600,502400
20240115,09:39:07,1.9,100,502400
20240115,09:39:25,1.95,50,502400
20240115,09:39:35,1.9,100,502400
20240115,09:39:55,1.9,400,502400
20240115,09:40:11,1.95,5400,502400
20240115,09:40:13,2.0,2100,502400
20240115,09:40:14,1.95,3150,502400
20240115,09:40:14,1.95,2000,502400
20240115,09:40:15,1.95,1850,502400
20240115,09:40:18,1.95,50,502400
20240115,09:40:20,1.95,50,502400
20240115,09:40:21,1.95,100,502400
20240115,09:40:25,1.95,1800,502400
20240115,09:40:25,1.95,100,502400
20240115,09:40:26,1.9,400,502400
20240115,09:40:28,1.95,700,502400
20240115,09:40:29,1.95,450,502400
20240115,09:40:29,1.95,2600,502400
20240115,09:40:30,1.95,2350,502400
20240115,09:40:33,1.95,50,502400
20240115,09:40:34,1.9,200,502400
20240115,09:40:35,1.95,1800,502400
20240115,09:40:38,1.95,1900,502400
20240115,09:40:38,1.95,1000,502400
20240115,09:40:39,1.95,850,502400
20240115,09:40:40,1.95,1250,502400
20240115,09:40:41,1.95,1800,502400
20240115,09:40:42,1.95,100,502400
20240115,09:40:46,1.95,1000,502400
20240115,09:40:47,1.95,50,502400
