date,time,tick_price,volume,open_interest
20240201,10:08:35,3.05,150,150
20240201,12:03:35,3.05,300,150
20240201,12:13:13,2.2,350,450
20240201,12:14:59,2.25,200,750
20240201,12:22:19,2.25,450,750
20240201,12:22:27,2.2,50,750
20240201,12:23:04,2.3,150,750
20240201,12:23:57,2.3,100,1150
20240201,12:24:05,2.35,300,1150
20240201,12:29:44,2.25,50,1550
20240201,12:33:59,2.25,250,1500
20240201,12:46:38,2.05,100,1250
20240201,12:47:11,2.0,50,1250
20240201,12:48:22,2.0,100,1100
20240201,12:48:41,2.0,100,1100
20240201,12:56:37,2.0,50,900
20240201,12:56:46,2.1,150,900
20240201,12:57:03,2.1,50,900
20240201,13:06:46,2.0,500,1150
20240201,13:11:49,2.2,100,1500
20240201,13:29:11,1.9,100,1600
20240201,13:29:19,1.85,50,1600
20240201,13:32:15,1.85,50,1450
20240201,13:32:50,1.8,250,1450
20240201,13:32:57,1.8,50,1450
20240201,13:33:11,1.8,50,1450
20240201,13:33:36,1.8,50,1450
20240201,13:34:52,1.75,100,1450
20240201,13:35:00,1.75,100,1450
20240201,13:38:34,1.75,50,1600
20240201,13:40:00,1.95,50,1600
20240201,13:41:06,2.05,300,1600
20240201,13:41:13,2.0,100,1600
20240201,13:42:55,2.0,350,1900
20240201,13:43:03,2.05,600,1900
20240201,13:46:32,1.95,600,2850
20240201,13:46:52,1.95,150,2850
20240201,13:47:13,1.95,100,2850
20240201,13:47:37,1.95,250,2850
20240201,13:48:32,1.95,250,3950
20240201,13:48:46,1.95,250,3950
20240201,13:49:08,1.9,150,3950
20240201,13:49:23,1.75,200,3950
20240201,13:49:43,1.95,50,3950
20240201,13:55:21,1.8,50,4750
20240201,13:55:28,1.75,100,4750
20240201,13:56:38,1.9,50,4750
20240201,13:56:54,1.9,50,4750
20240201,13:57:14,1.85,100,4650
20240201,13:58:34,1.85,150,4650
20240201,13:59:28,1.85,50,4650
20240201,14:07:53,1.85,100,4700
20240201,14:08:51,1.75,50,4700
20240201,14:09:14,1.85,50,4650
20240201,14:10:01,1.8,50,4650
20240201,14:11:00,1.85,200,4650
20240201,14:13:34,1.85,50,4750
20240201,14:14:11,1.95,150,4750
20240201,14:14:33,2.0,800,4750
20240201,14:15:25,1.95,50,4800
20240201,14:16:20,1.85,50,4800
20240201,14:17:48,1.85,50,4800
20240201,14:19:10,1.8,200,4850
20240201,14:24:22,1.85,50,4750
20240201,14:28:40,1.75,300,4750
20240201,14:28:48,1.8,100,4750
20240201,14:29:16,1.8,200,4750
20240201,14:37:21,1.75,100,5050
20240201,14:43:38,1.7,50,4950
20240201,14:47:15,1.7,100,5000
20240201,14:49:11,1.7,50,5100
20240201,14:50:04,1.8,150,5100
20240201,14:53:05,1.6,200,5300
20240201,14:53:18,1.6,200,5300
20240201,14:58:31,1.8,100,5250
20240201,15:06:02,1.7,200,5250
20240201,15:08:18,1.7,50,5250
20240201,15:11:11,1.75,300,5350
20240201,15:13:17,1.75,200,5500
20240201,15:14:30,1.65,200,5500
20240201,15:17:25,1.5,350,5500
20240201,15:17:33,1.5,200,5500
20240201,15:17:40,1.5,3300,5500
20240201,15:17:48,1.7,550,5500
20240201,15:17:55,1.65,1150,5500
20240201,15:18:02,1.55,250,5500
20240201,15:18:10,1.5,400,5500
20240201,15:18:18,1.5,50,8600
20240201,15:20:28,1.65,100,8600
20240201,15:22:08,1.15,500,8650
20240201,15:22:41,1.15,400,8650
20240201,15:23:19,1.15,500,8650
20240201,15:23:27,1.6,300,8650
20240201,15:24:21,1.75,300,8650
20240201,15:24:38,1.4,600,9050
20240201,15:25:12,1.7,50,9050
20240201,15:27:39,1.65,200,9050
20240201,15:28:12,1.6,50,9050
20240201,15:28:25,1.6,250,9050
20240201,15:28:39,1.6,100,9050
20240201,15:28:52,1.65,150,9050
20240201,15:29:22,1.75,50,9050
20240202,09:15:02,1.75,1,9050
20240202,09:15:02,1.75,300,9050
20240202,09:15:02,1.75,100,9350
20240202,09:15:05,1.95,200,9350
20240202,09:15:07,2.3,250,9350
20240202,09:15:08,2.3,300,9350
20240202,09:15:09,1.75,200,9350
20240202,09:15:10,1.75,300,9350
20240202,09:15:11,1.75,500,9350
20240202,09:15:14,1.75,1250,9350
20240202,09:15:15,1.7,100,9350
20240202,09:15:18,1.7,600,9350
20240202,09:15:25,1.7,550,9350
20240202,09:15:26,1.65,100,9350
20240202,09:15:32,1.6,100,9350
20240202,09:15:36,1.6,50,9350
20240202,09:15:47,1.6,2000,9350
20240202,09:15:48,1.6,50,9350
20240202,09:16:01,1.55,500,9350
20240202,09:16:09,1.55,900,9350
20240202,09:16:25,1.55,150,9350
20240202,09:16:33,1.55,900,9350
20240202,09:16:41,1.55,50,9350
20240202,09:17:16,1.55,200,9350
20240202,09:17:27,1.5,850,12300
20240202,09:17:29,1.5,750,12300
20240202,09:20:57,1.55,200,13400
20240202,09:21:37,1.55,200,13400
20240202,09:21:43,1.5,1800,13400
20240202,09:21:54,1.5,200,13400
20240202,09:23:05,1.5,200,13400
20240202,09:23:45,1.55,100,13900
20240202,09:24:43,1.55,50,13900
20240202,09:25:00,1.5,50,13900
20240202,09:25:15,1.55,100,13900
20240202,09:25:32,1.55,150,13900
20240202,09:25:46,1.55,100,13900
20240202,09:25:58,1.55,900,13900
20240202,09:26:03,1.6,200,13900
20240202,09:27:34,1.55,100,13500
20240202,09:27:35,1.55,50,13500
20240202,09:29:16,1.6,250,13500
20240202,09:30:02,1.6,50,13500
20240202,09:30:54,1.55,100,13500
20240202,09:31:05,1.6,150,13500
20240202,09:31:10,1.6,50,13500
20240202,09:31:12,1.6,500,13500
20240202,09:31:33,1.55,100,13500
20240202,09:32:23,1.55,200,13300
20240202,09:34:29,1.6,500,13300
20240202,09:34:57,1.6,50,13300
20240202,09:35:18,1.6,150,13550
20240202,09:35:23,1.6,50,13550
20240202,09:35:42,1.6,100,13550
20240202,09:37:40,1.6,200,13550
20240202,09:37:50,1.6,200,13550
20240202,09:37:51,1.6,200,13550
20240202,09:38:00,1.55,500,13550
20240202,09:38:03,1.6,50,13550
20240202,09:38:14,1.6,50,13550
20240202,09:41:29,1.7,1950,13500
20240202,09:42:06,1.7,650,13500
20240202,09:42:06,1.7,250,13500
20240202,09:42:19,1.65,250,13500
20240202,09:42:38,1.7,100,13500
20240202,09:42:50,1.7,200,13500
20240202,09:43:01,1.75,250,13500
20240202,09:43:10,1.75,2700,13500
20240202,09:43:11,1.8,2000,13500
20240202,09:43:22,1.8,1600,13500
20240202,09:43:23,1.8,2250,13500
20240202,09:43:47,1.9,50,13500
20240202,09:43:55,1.85,2550,13500
20240202,09:44:06,1.85,200,13500
20240202,09:44:35,1.85,50,26200
20240202,09:44:44,1.85,50,26200
20240202,09:44:48,1.8,100,26200
20240202,09:45:02,1.75,800,26200
20240202,09:45:03,1.75,450,26200
20240202,09:45:07,1.8,750,26200
20240202,09:45:09,1.75,200,26200
20240202,09:45:10,1.75,1600,26200
20240202,09:45:10,1.75,400,26200
20240202,09:45:12,1.75,250,26200
20240202,09:45:14,1.8,50,26200
20240202,09:45:18,1.75,200,26200
20240202,09:45:21,1.7,50,26200
20240202,09:45:29,1.75,2300,26200
20240202,09:45:36,1.8,500,26200
20240202,09:45:40,1.75,600,26200
20240202,09:46:02,1.75,2800,26200
20240202,09:46:07,1.75,2000,26200
20240202,09:46:08,1.75,2050,26200
20240202,09:46:12,1.8,1800,26200
20240202,09:46:24,1.8,150,26200
20240202,09:46:38,1.8,3600,26200
20240202,09:46:43,1.75,2400,26200
20240202,09:46:57,1.75,300,26200
20240202,09:46:57,1.8,1800,26200
20240202,09:47:03,1.8,200,26200
20240202,09:47:04,1.8,50,26200
20240202,09:47:06,1.75,1050,26200
20240202,09:47:12,1.75,50,26200
20240202,09:47:21,1.75,5900,39700
20240202,09:47:26,1.75,2800,39700
20240202,09:47:47,1.75,50,39700
20240202,09:47:50,1.7,250,39700
20240202,09:47:57,1.75,1500,39700
20240202,09:48:02,1.7,300,39700
20240202,09:48:09,1.65,600,39700
20240202,09:48:12,1.7,50,39700
20240202,09:48:22,1.65,800,39700
20240202,09:48:23,1.65,200,39700
20240202,09:48:24,1.65,250,39700
20240202,09:48:38,1.7,350,39700
20240202,09:48:56,1.65,50,39700
20240202,09:48:58,1.6,1500,39700
20240202,09:48:59,1.65,300,39700
20240202,09:49:02,1.65,200,39700
20240202,09:49:21,1.7,750,39700
20240202,09:49:43,1.7,50,39700
20240202,09:49:52,1.7,50,39700
20240202,09:50:05,1.65,750,39700
20240202,09:50:08,1.7,2050,39700
20240202,09:50:19,1.7,50,46850
20240202,09:50:23,1.7,400,46850
20240202,09:50:31,1.75,1550,46850
20240202,09:50:39,1.75,250,46850
20240202,09:51:06,1.75,50,46850
20240202,09:51:11,1.7,50,46850
20240202,09:51:29,1.7,2400,46850
20240202,09:51:29,1.7,1200,46850
20240202,09:51:30,1.7,400,46850
20240202,09:51:35,1.75,1800,46850
20240202,09:51:57,1.7,1600,46850
20240202,09:51:58,1.7,650,46850
20240202,09:52:19,1.7,800,46850
20240202,09:52:20,1.75,1850,46850
20240202,09:52:23,1.65,50,46850
20240202,09:52:24,1.7,200,46850
20240202,09:52:26,1.7,200,46850
20240202,09:52:27,1.7,1200,46850
20240202,09:53:18,1.7,400,52200
20240202,09:53:44,1.7,1050,52200
20240202,09:53:50,1.7,600,52200
20240202,09:55:13,1.7,200,52200
20240202,09:55:15,1.65,1800,52200
20240202,09:55:42,1.65,50,52200
20240202,09:55:50,1.7,1800,52200
20240202,09:56:00,1.7,50,52200
20240202,09:56:33,1.65,50,51400
20240202,09:57:10,1.65,4250,51400
20240202,09:57:19,1.65,1850,51400
20240202,09:58:30,1.65,400,51400
20240202,09:59:01,1.65,100,51400
20240202,09:59:15,1.7,50,51400
20240202,09:59:18,1.7,50,51400
20240202,09:59:40,1.65,550,52750
20240202,10:01:03,1.65,250,52750
20240202,10:01:37,1.7,50,52750
20240202,10:02:09,1.7,1800,52750
20240202,10:02:10,1.7,200,52750
20240202,10:02:11,1.7,600,52750
20240202,10:02:12,1.7,50,52750
20240202,10:02:31,1.75,50,53800
20240202,10:02:41,1.65,50,53800
20240202,10:02:49,1.65,50,53800
20240202,10:02:52,1.75,4200,53800
20240202,10:02:53,1.75,1800,53800
20240202,10:02:56,1.75,2600,53800
20240202,10:02:59,1.75,200,53800
20240202,10:03:03,1.75,900,53800
20240202,10:03:14,1.7,850,53800
20240202,10:03:33,1.75,3900,53800
20240202,10:03:40,1.65,1800,53800
20240202,10:04:11,1.65,2400,53800
20240202,10:04:11,1.6,3600,53800
20240202,10:04:25,1.6,1800,53800
20240202,10:04:45,1.6,200,53800
20240202,10:05:42,1.6,50,59800
20240202,10:05:44,1.6,750,59800
20240202,10:06:28,1.6,150,59800
20240202,10:06:43,1.65,50,59800
20240202,10:06:44,1.6,200,59800
20240202,10:06:56,1.6,200,59800
20240202,10:07:12,1.6,250,59800
20240202,10:07:19,1.65,100,59800
20240202,10:07:20,1.65,50,59800
20240202,10:07:38,1.65,1200,59800
20240202,10:07:47,1.65,1550,59800
20240202,10:08:08,1.65,50,59800
20240202,10:08:24,1.65,1800,59300
20240202,10:08:30,1.65,200,59300
20240202,10:09:52,1.65,100,59300
20240202,10:10:28,1.6,1000,59300
20240202,10:13:40,1.6,1300,61300
20240202,10:13:41,1.55,1000,61300
20240202,10:13:46,1.6,250,61300
20240202,10:13:47,1.6,50,61300
20240202,10:13:59,1.6,100,61300
20240202,10:15:21,1.6,200,62050
20240202,10:15:22,1.6,2000,62050
20240202,10:15:23,1.6,500,62050
20240202,10:15:37,1.6,1800,62050
20240202,10:17:04,1.6,1600,62050
20240202,10:17:05,1.6,50,62050
20240202,10:17:08,1.6,500,62050
20240202,10:17:18,1.6,50,62050
20240202,10:17:19,1.65,900,62050
20240202,10:17:30,1.6,800,62700
20240202,10:18:31,1.6,2000,62700
20240202,10:18:31,1.6,3600,62700
20240202,10:18:32,1.6,250,62700
20240202,10:19:08,1.55,100,62700
20240202,10:19:13,1.6,300,62700
20240202,10:19:18,1.6,50,62700
20240202,10:21:12,1.55,1600,60200
20240202,10:21:39,1.55,200,60200
20240202,10:21:45,1.55,200,60200
20240202,10:21:48,1.55,500,60200
20240202,10:21:49,1.55,50,60200
20240202,10:23:59,1.55,150,60200
20240202,10:25:55,1.55,500,61450
20240202,10:26:35,1.55,50,61450
20240202,10:26:46,1.55,50,61450
20240202,10:26:48,1.55,1700,61450
20240202,10:28:49,1.5,400,61450
20240202,10:28:50,1.45,300,61450
20240202,10:28:52,1.5,900,61450
20240202,10:28:53,1.5,50,61450
20240202,10:28:54,1.5,50,61450
20240202,10:28:56,1.5,50,61450
20240202,10:29:01,1.5,50,61450
20240202,10:29:04,1.5,50,61450
20240202,10:29:10,1.5,1150,61450
20240202,10:29:25,1.5,550,61450
20240202,10:29:53,1.55,50,61200
20240202,10:29:57,1.5,50,61200
20240202,10:30:34,1.5,50,61200
20240202,10:31:49,1.5,50,61200
20240202,10:32:24,1.55,300,60600
20240202,10:32:45,1.45,5000,60600
20240202,10:32:46,1.5,1200,60600
20240202,10:33:03,1.5,50,60600
20240202,10:33:55,1.55,850,60600
20240202,10:38:50,1.5,200,60600
20240202,10:39:28,1.5,2050,57000
20240202,10:47:20,1.5,50,57500
20240202,10:49:59,1.45,750,57500
20240202,10:49:59,1.5,1500,57550
20240202,10:50:34,1.5,300,56300
20240202,10:50:46,1.45,1100,56300
20240202,10:50:47,1.45,1400,56300
20240202,10:52:51,1.4,100,56300
20240202,10:53:37,1.4,2550,57900
20240202,10:54:07,1.4,50,57900
20240202,10:54:10,1.4,50,57900
20240202,10:55:51,1.45,50,57900
20240202,10:56:45,1.45,250,55550
20240202,10:58:24,1.45,50,55550
20240202,10:58:36,1.45,250,55550
20240202,10:59:23,1.5,50,55550
20240202,11:00:19,1.45,50,55400
20240202,11:01:40,1.5,250,55400
20240202,11:06:57,1.45,50,55400
20240202,11:07:19,1.45,50,55400
20240202,11:07:27,1.45,50,55400
20240202,11:07:30,1.45,50,55400
20240202,11:09:51,1.45,50,55550
20240202,11:10:22,1.45,50,55550
20240202,11:11:28,1.45,1500,55650
20240202,11:12:17,1.45,50,55650
20240202,11:12:32,1.35,300,55650
20240202,11:12:58,1.45,150,55650
20240202,11:14:01,1.45,900,55650
20240202,11:16:30,1.5,50,55950
20240202,11:16:37,1.5,1550,55950
20240202,11:17:57,1.5,50,54750
20240202,11:18:08,1.5,250,54750
20240202,11:18:55,1.5,250,54750
20240202,11:19:13,1.5,250,54750
20240202,11:19:15,1.5,250,54750
20240202,11:19:16,1.5,250,54750
20240202,11:20:03,1.5,250,54750
20240202,11:20:22,1.5,250,54750
20240202,11:21:19,1.5,250,53100
20240202,11:21:21,1.5,2200,53100
20240202,11:21:25,1.45,50,53100
20240202,11:21:29,1.55,450,53100
20240202,11:21:37,1.6,50,53100
20240202,11:21:45,1.6,100,53100
20240202,11:22:03,1.5,50,53100
20240202,11:22:22,1.55,1950,53100
20240202,11:24:03,1.6,400,51100
20240202,11:24:03,1.6,1400,51100
20240202,11:24:04,1.6,1100,51100
20240202,11:24:14,1.55,50,51100
20240202,11:25:26,1.65,1200,51100
20240202,11:25:27,1.65,2400,51100
20240202,11:25:29,1.65,400,51100
20240202,11:25:38,1.65,2350,51100
20240202,11:26:08,1.7,1050,51100
20240202,11:26:21,1.6,150,51100
20240202,11:27:16,1.65,750,49850
20240202,11:27:19,1.6,1000,49850
20240202,11:27:21,1.7,1350,49850
20240202,11:27:22,1.6,250,49850
20240202,11:27:50,1.6,1500,49850
20240202,11:27:54,1.6,250,49850
20240202,11:28:18,1.55,2550,49850
20240202,11:28:39,1.5,4000,49850
20240202,11:29:02,1.55,100,49850
20240202,11:29:15,1.55,1200,49850
20240202,11:29:16,1.55,200,49850
20240202,11:29:17,1.55,250,49850
20240202,11:29:19,1.55,500,49850
20240202,11:29:22,1.55,1550,49850
20240202,11:32:36,1.5,50,50750
20240202,11:32:55,1.55,250,50750
20240202,11:33:46,1.5,500,50750
20240202,11:34:19,1.55,750,50750
20240202,11:35:04,1.55,250,50750
20240202,11:36:33,1.55,50,50450
20240202,11:36:41,1.55,5400,50450
20240202,11:37:00,1.6,2000,50450
20240202,11:39:10,1.6,4850,46500
20240202,11:39:19,1.65,1350,46500
20240202,11:39:21,1.65,50,46500
20240202,11:39:23,1.7,300,46500
20240202,11:39:28,1.7,750,46500
20240202,11:40:12,1.75,2000,46500
20240202,11:40:16,1.7,1300,46500
20240202,11:40:45,1.75,250,46500
20240202,11:40:49,1.75,250,46500
20240202,11:41:18,1.7,650,46500
20240202,11:43:57,1.7,50,46050
20240202,11:44:03,1.7,100,46050
20240202,11:44:04,1.7,1950,46050
20240202,11:44:10,1.7,50,46050
20240202,11:44:39,1.7,50,45450
20240202,11:45:02,1.7,500,45450
20240202,11:45:23,1.65,50,45450
20240202,11:45:37,1.65,400,45450
20240202,11:45:50,1.65,400,45450
20240202,11:46:07,1.65,400,45450
20240202,11:46:16,1.7,50,45450
20240202,11:46:27,1.65,50,45450
20240202,11:46:32,1.7,50,45450
20240202,11:47:27,1.75,50,45450
20240202,11:48:34,1.7,150,45450
20240202,11:49:02,1.7,700,46550
20240202,11:49:14,1.75,300,46550
20240202,11:49:26,1.75,100,46550
20240202,11:49:32,1.75,250,46550
20240202,11:49:37,1.7,2650,46550
20240202,11:50:08,1.65,50,46550
20240202,11:50:25,1.7,900,46550
20240202,11:50:38,1.7,50,48600
20240202,11:51:46,1.75,1300,48600
20240202,11:52:16,1.65,300,48600
20240202,11:52:20,1.7,700,48600
20240202,11:52:24,1.7,200,48600
20240202,11:53:32,1.65,2100,48600
20240202,11:53:46,1.65,500,48600
20240202,11:53:57,1.7,50,51450
20240202,11:54:23,1.7,50,51450
20240202,11:54:39,1.7,500,51450
20240202,11:54:47,1.7,50,51450
20240202,11:54:59,1.7,50,51450
20240202,11:55:01,1.65,500,51450
20240202,11:58:09,1.65,500,52500
20240202,11:58:26,1.65,50,52500
20240202,12:00:11,1.65,1750,52500
20240202,12:02:19,1.6,100,53000
20240202,12:03:00,1.6,500,54150
20240202,12:03:34,1.6,50,54150
20240202,12:05:36,1.6,100,54150
20240202,12:07:13,1.65,50,54150
20240202,12:10:25,1.65,50,54150
20240202,12:10:58,1.65,50,54150
20240202,12:14:06,1.6,2150,54150
20240202,12:14:07,1.55,4350,54150
20240202,12:14:41,1.55,250,51400
20240202,12:14:42,1.55,50,51400
20240202,12:14:43,1.55,50,51400
20240202,12:14:45,1.55,50,51400
20240202,12:14:48,1.55,50,51400
20240202,12:14:51,1.55,50,51400
20240202,12:15:16,1.5,2450,51400
20240202,12:16:28,1.5,150,51400
20240202,12:16:40,1.5,1500,51400
20240202,12:17:04,1.45,2050,51400
20240202,12:17:05,1.5,2950,51400
20240202,12:17:09,1.5,1050,51400
20240202,12:17:59,1.4,3100,51950
20240202,12:18:00,1.4,650,51950
20240202,12:18:01,1.4,1850,51950
20240202,12:19:33,1.35,50,51950
20240202,12:19:35,1.45,100,51950
20240202,12:19:43,1.35,50,51950
20240202,12:20:04,1.35,1800,51950
20240202,12:20:19,1.4,1950,51950
20240202,12:20:22,1.4,50,51950
20240202,12:20:48,1.4,50,49900
20240202,12:20:50,1.35,150,49900
20240202,12:21:05,1.4,100,49900
20240202,12:21:08,1.35,250,49900
20240202,12:21:55,1.35,50,49900
20240202,12:21:55,1.3,3750,49900
20240202,12:21:57,1.3,700,49900
20240202,12:22:03,1.4,300,49900
20240202,12:22:07,1.4,500,49900
20240202,12:22:31,1.35,400,49900
20240202,12:22:56,1.3,3600,49900
20240202,12:22:58,1.3,1800,49900
20240202,12:23:13,1.35,4850,49900
20240202,12:23:17,1.35,2450,49900
20240202,12:23:37,1.3,1800,49900
20240202,12:23:38,1.35,2650,43850
20240202,12:24:16,1.3,2500,43850
20240202,12:24:25,1.35,1700,43850
20240202,12:24:27,1.35,250,43850
20240202,12:24:48,1.25,2450,43850
20240202,12:24:53,1.35,1350,43850
20240202,12:25:00,1.25,1800,43850
20240202,12:25:08,1.35,1450,43850
20240202,12:25:11,1.3,3750,43850
20240202,12:25:15,1.35,50,43850
20240202,12:25:39,1.3,50,43850
20240202,12:25:50,1.3,50,43850
20240202,12:25:53,1.3,50,43850
20240202,12:26:03,1.3,300,43850
20240202,12:26:06,1.3,50,43850
20240202,12:26:07,1.35,50,43850
20240202,12:26:11,1.3,50,43850
20240202,12:26:21,1.3,50,43850
20240202,12:26:27,1.3,50,43850
20240202,12:26:48,1.3,100,39450
20240202,12:27:03,1.3,50,39450
20240202,12:27:16,1.25,4050,39450
20240202,12:27:18,1.3,250,39450
20240202,12:27:24,1.3,500,39450
20240202,12:27:37,1.25,1800,39450
20240202,12:27:38,1.25,200,39450
20240202,12:27:41,1.2,50,39450
20240202,12:27:43,1.2,50,39450
20240202,12:27:48,1.2,1950,39450
20240202,12:27:52,1.25,200,39450
20240202,12:28:07,1.2,1800,39450
20240202,12:28:09,1.25,2800,39450
20240202,12:28:15,1.25,1150,39450
20240202,12:28:16,1.25,350,39450
20240202,12:28:18,1.2,1800,39450
20240202,12:28:19,1.25,400,39450
20240202,12:28:30,1.2,3600,39450
20240202,12:28:34,1.25,50,39450
20240202,12:28:35,1.25,400,39450
20240202,12:28:42,1.25,100,39450
20240202,12:29:01,1.2,50,39450
20240202,12:29:23,1.2,50,39450
20240202,12:29:26,1.2,50,39450
20240202,12:29:29,1.2,2650,39450
20240202,12:29:50,1.2,2600,39450
20240202,12:29:56,1.2,100,40400
20240202,12:30:01,1.2,900,40400
20240202,12:30:17,1.15,400,40400
20240202,12:30:24,1.15,200,40400
20240202,12:30:26,1.15,1350,40400
20240202,12:30:33,1.15,200,40400
20240202,12:30:33,1.15,300,40400
20240202,12:31:15,1.1,1800,40400
20240202,12:31:41,1.1,500,40400
20240202,12:31:42,1.15,1000,40400
20240202,12:31:52,1.15,1500,40400
20240202,12:31:55,1.1,750,40400
20240202,12:32:00,1.15,500,40400
20240202,12:32:02,1.15,1000,40400
20240202,12:32:07,1.15,200,40400
20240202,12:32:08,1.1,50,40400
20240202,12:32:32,1.05,50,40400
20240202,12:32:33,1.05,100,40400
20240202,12:32:34,1.05,150,40400
20240202,12:32:43,1.05,1800,42700
20240202,12:32:53,1.1,250,42700
20240202,12:32:54,1.1,400,42700
20240202,12:32:56,1.05,50,42700
20240202,12:33:15,1.1,1450,42700
20240202,12:33:16,1.1,50,42700
20240202,12:33:21,1.1,1500,42700
20240202,12:33:30,1.05,100,42700
20240202,12:33:31,1.1,1500,42700
20240202,12:33:31,1.1,50,42700
20240202,12:33:41,1.15,1000,42700
20240202,12:34:02,1.05,1800,42700
20240202,12:34:09,1.1,250,42700
20240202,12:34:10,1.1,1100,42700
20240202,12:34:11,1.05,1800,42700
20240202,12:34:12,1.05,1800,42700
20240202,12:34:13,1.05,50,42700
20240202,12:34:15,1.1,750,42700
20240202,12:34:16,1.1,150,42700
20240202,12:34:27,1.05,4350,42700
20240202,12:34:28,1.05,2250,42700
20240202,12:34:41,1.05,2250,42700
20240202,12:34:47,1.05,750,42700
20240202,12:34:48,1.05,50,42700
20240202,12:34:53,1.05,1050,42700
20240202,12:34:54,1.05,100,42700
20240202,12:35:08,1.05,600,42700
20240202,12:35:13,1.0,250,42700
20240202,12:35:15,1.0,50,42700
20240202,12:35:22,1.0,950,42700
20240202,12:35:23,1.05,450,42700
20240202,12:35:24,1.05,750,42700
20240202,12:35:28,1.0,50,42700
20240202,12:35:32,1.05,1250,42700
20240202,12:35:39,1.0,300,42200
20240202,12:35:42,1.05,1250,42200
20240202,12:35:50,1.0,250,42200
20240202,12:35:53,1.05,1150,42200
20240202,12:35:55,1.1,350,42200
20240202,12:35:57,1.0,50,42200
20240202,12:35:59,1.0,50,42200
20240202,12:36:00,1.05,1600,42200
20240202,12:36:01,1.0,700,42200
20240202,12:36:02,1.1,2500,42200
20240202,12:36:14,1.0,50,42200
20240202,12:36:25,1.0,50,42200
20240202,12:36:39,1.05,700,42200
20240202,12:36:48,1.05,750,42200
20240202,12:36:49,1.05,50,42200
20240202,12:37:10,1.1,1200,42200
20240202,12:37:11,1.1,800,42200
20240202,12:37:25,1.05,100,42200
20240202,12:37:27,1.05,650,42200
20240202,12:37:37,1.05,1100,42200
20240202,12:37:38,1.05,1850,42200
20240202,12:37:49,1.0,100,42200
20240202,12:38:01,1.0,450,42200
20240202,12:38:12,1.05,150,42200
20240202,12:38:13,1.05,750,42200
20240202,12:38:14,1.1,100,42200
20240202,12:38:18,1.05,1900,42200
20240202,12:38:18,1.1,50,42200
20240202,12:38:25,1.05,450,42200
20240202,12:38:32,1.05,100,42200
20240202,12:38:40,1.05,50,42200
20240202,12:38:43,1.1,650,45100
20240202,12:38:47,1.05,3200,45100
20240202,12:38:52,1.1,650,45100
20240202,12:38:59,1.05,100,45100
20240202,12:39:19,1.05,2600,45100
20240202,12:39:20,1.05,200,45100
20240202,12:39:51,1.05,50,45100
20240202,12:39:58,1.05,50,45100
20240202,12:40:05,1.05,2200,45100
20240202,12:40:22,1.1,2000,45100
20240202,12:40:42,1.05,1200,45100
20240202,12:40:54,1.1,650,45100
20240202,12:41:05,1.05,2000,45100
20240202,12:41:09,1.1,50,45100
20240202,12:42:51,1.05,1950,48450
20240202,12:42:54,1.05,250,48450
20240202,12:42:55,1.05,2550,48450
20240202,12:43:01,1.0,50,48450
20240202,12:43:07,1.05,350,48450
20240202,12:43:17,1.05,100,48450
20240202,12:44:19,1.05,500,48450
20240202,12:45:08,1.1,850,48450
20240202,12:45:51,1.1,50,49150
20240202,12:45:53,1.1,800,49150
20240202,12:46:36,1.05,650,49150
20240202,12:46:56,1.1,50,49150
20240202,12:47:13,1.05,250,49150
20240202,12:48:41,1.05,50,49150
20240202,12:49:30,1.05,250,48250
20240202,12:50:49,1.1,50,48550
20240202,12:50:56,1.1,50,48550
20240202,12:51:38,1.1,50,48550
20240202,12:52:50,1.1,50,48550
20240202,12:57:35,1.1,200,48550
20240202,13:00:05,1.1,1800,48550
20240202,13:01:41,1.1,50,48550
20240202,13:01:49,1.05,200,48550
20240202,13:03:41,1.05,250,46750
20240202,13:03:58,1.05,900,46750
20240202,13:03:59,1.05,350,46750
20240202,13:04:24,1.05,50,46750
20240202,13:04:43,1.05,50,46750
20240202,13:06:48,1.05,250,46650
20240202,13:06:52,1.05,2300,46650
20240202,13:11:38,1.05,50,46650
20240202,13:11:55,1.1,300,48250
20240202,13:11:57,1.05,50,48250
20240202,13:11:59,1.05,50,48250
20240202,13:12:16,1.05,50,48250
20240202,13:13:58,1.05,250,48250
20240202,13:14:22,1.1,50,48250
20240202,13:14:25,1.05,50,48250
20240202,13:15:20,1.05,250,48350
20240202,13:17:20,1.0,250,48350
20240202,13:18:04,1.05,50,48350
20240202,13:18:23,1.0,500,48100
20240202,13:19:17,1.0,50,48100
20240202,13:19:55,1.0,150,48100
20240202,13:19:58,1.05,50,48100
20240202,13:20:38,1.0,500,48100
20240202,13:22:14,1.05,100,48150
20240202,13:23:17,1.05,50,48150
20240202,13:24:11,1.0,700,48100
20240202,13:24:15,1.0,700,48100
20240202,13:24:16,1.0,3150,48100
20240202,13:24:46,1.0,850,48100
20240202,13:24:57,1.0,1700,48100
20240202,13:24:58,1.0,100,48100
20240202,13:25:10,1.0,50,48100
20240202,13:25:11,1.0,50,48100
20240202,13:25:12,1.0,1050,48100
20240202,13:25:58,1.0,50,48100
20240202,13:27:36,1.0,1600,45700
20240202,13:27:38,1.0,1800,45700
20240202,13:27:46,1.0,1800,45700
20240202,13:29:18,0.95,50,45700
20240202,13:29:29,0.95,50,45700
20240202,13:29:37,1.0,50,45700
20240202,13:29:44,1.0,50,45700
20240202,13:29:52,1.0,50,43100
20240202,13:30:02,1.0,1800,43100
20240202,13:30:03,1.0,1800,43100
20240202,13:30:04,1.0,100,43100
20240202,13:30:05,1.0,1800,43100
20240202,13:30:09,1.0,50,43100
20240202,13:30:11,1.0,1800,43100
20240202,13:30:42,1.0,600,43100
20240202,13:30:47,1.0,50,43100
20240202,13:30:49,1.0,50,43100
20240202,13:30:55,1.0,50,43100
20240202,13:31:00,1.0,1800,43100
20240202,13:31:02,1.0,1200,43100
20240202,13:31:12,1.05,100,43100
20240202,13:31:13,1.05,50,43100
20240202,13:33:00,1.05,50,44100
20240202,13:33:02,1.0,1800,44100
20240202,13:33:05,1.05,50,44100
20240202,13:33:18,1.05,50,44100
20240202,13:33:22,1.05,1500,44100
20240202,13:33:23,1.05,1800,44100
20240202,13:33:28,1.05,3000,44100
20240202,13:33:29,1.05,1300,44100
20240202,13:33:42,1.1,500,44100
20240202,13:34:31,1.05,250,44100
20240202,13:34:45,1.05,300,44100
20240202,13:34:46,1.05,500,44100
20240202,13:35:08,1.05,250,44100
20240202,13:35:51,1.1,250,40350
20240202,13:36:07,1.1,500,40350
20240202,13:36:08,1.1,250,40350
20240202,13:36:47,1.1,1550,40350
20240202,13:37:34,1.1,1450,40350
20240202,13:37:43,1.1,50,40350
20240202,13:37:54,1.1,1500,40350
20240202,13:38:33,1.05,1500,40350
20240202,13:38:46,1.0,1050,40350
20240202,13:38:48,1.0,500,40350
20240202,13:39:03,0.95,50,39800
20240202,13:39:09,1.0,50,39800
20240202,13:40:27,0.95,250,39800
20240202,13:40:37,0.95,100,39800
20240202,13:40:38,1.0,50,39800
20240202,13:40:45,1.0,50,39800
20240202,13:40:56,0.95,300,39800
20240202,13:41:12,0.95,250,39800
20240202,13:41:15,0.95,500,39800
20240202,13:42:31,1.0,50,39450
20240202,13:43:08,1.0,50,39450
20240202,13:43:28,0.95,50,39450
20240202,13:44:05,1.0,200,39450
20240202,13:46:49,1.0,50,39450
20240202,13:49:10,1.0,50,39350
20240202,13:49:17,1.0,50,39350
20240202,13:52:12,0.95,50,39250
20240202,13:53:23,1.0,1000,39250
20240202,13:54:01,1.0,50,39250
20240202,13:54:12,1.0,50,39250
20240202,13:55:18,1.0,50,39250
20240202,14:00:09,0.95,2300,39100
20240202,14:00:13,0.95,200,39100
20240202,14:01:42,1.0,200,39100
20240202,14:06:43,1.0,500,39100
20240202,14:08:31,1.0,50,39800
20240202,14:09:22,1.0,250,39800
20240202,14:09:35,1.0,3700,39800
20240202,14:09:37,0.95,50,39800
20240202,14:10:04,1.0,1000,39800
20240202,14:11:22,1.0,1800,39800
20240202,14:13:27,1.0,1000,37750
20240202,14:13:32,1.0,1000,37750
20240202,14:14:29,1.0,500,37750
20240202,14:16:14,1.05,50,37800
20240202,14:22:51,1.05,50,37800
20240202,14:23:29,1.0,50,37800
20240202,14:25:52,1.0,1600,37800
20240202,14:26:58,1.0,550,37800
20240202,14:27:17,1.0,50,37800
20240202,14:27:50,1.0,50,37800
20240202,14:27:51,1.0,50,37800
20240202,14:27:54,1.0,250,37800
20240202,14:28:03,1.0,50,37800
20240202,14:28:22,1.0,50,37800
20240202,14:29:12,0.95,50,37800
20240202,14:30:00,1.0,50,37300
20240202,14:30:12,0.95,50,37300
20240202,14:30:33,1.0,50,37300
20240202,14:30:38,0.95,50,37300
20240202,14:31:29,1.0,50,37300
20240202,14:34:13,0.95,50,37300
20240202,14:34:47,0.95,300,37350
20240202,14:36:21,1.0,100,37350
20240202,14:42:34,0.95,50,37350
20240202,14:42:50,0.95,1800,37350
20240202,14:43:25,0.9,1800,37350
20240202,14:43:37,0.9,250,37350
20240202,14:44:32,0.95,50,37350
20240202,14:44:50,0.95,50,37350
20240202,14:44:52,0.95,50,37350
20240202,14:45:01,0.95,50,40400
20240202,14:45:07,0.95,50,40400
20240202,14:46:01,0.9,1800,40400
20240202,14:46:28,0.95,50,40400
20240202,14:46:58,0.95,1250,40400
20240202,14:47:15,0.9,1050,40400
20240202,14:47:17,0.9,900,40400
20240202,14:47:49,0.9,300,40400
20240202,14:48:02,0.9,50,39500
20240202,14:48:11,0.9,50,39500
20240202,14:48:54,0.85,50,39500
20240202,14:49:25,0.85,50,39500
20240202,14:49:58,0.9,50,39500
20240202,14:50:43,0.85,1800,39500
20240202,14:50:54,0.85,500,39500
20240202,14:51:18,0.85,550,40750
20240202,14:52:40,0.85,400,40750
20240202,14:52:50,0.85,50,40750
20240202,14:52:55,0.8,1800,40750
20240202,14:54:23,0.8,50,42800
20240202,14:55:05,0.8,1800,42800
20240202,14:55:06,0.8,1800,42800
20240202,14:56:04,0.85,50,42800
20240202,14:56:25,0.8,50,42800
20240202,14:56:35,0.85,50,42800
20240202,14:57:53,0.8,50,44800
20240202,14:58:31,0.8,3050,44800
20240202,14:58:57,0.75,1800,44800
20240202,14:58:58,0.75,3600,44800
20240202,14:59:04,0.75,50,44800
20240202,15:00:00,0.75,850,48800
20240202,15:00:06,0.7,1800,48800
20240202,15:01:56,0.7,350,48800
20240202,15:02:31,0.7,50,48800
20240202,15:02:32,0.75,1800,48800
20240202,15:02:33,0.75,1800,48800
20240202,15:02:34,0.75,1800,48800
20240202,15:02:35,0.75,1800,48800
20240202,15:02:36,0.75,1850,48800
20240202,15:02:37,0.75,2150,48800
20240202,15:02:46,0.75,2050,48800
20240202,15:02:54,0.7,2200,48800
20240202,15:03:16,0.75,250,50600
20240202,15:03:20,0.75,1800,50600
20240202,15:03:26,0.75,50,50600
20240202,15:03:29,0.75,1800,50600
20240202,15:03:32,0.75,700,50600
20240202,15:03:47,0.75,400,50600
20240202,15:04:11,0.8,50,50600
20240202,15:04:30,0.8,50,50600
20240202,15:04:47,0.8,50,50600
20240202,15:05:22,0.8,150,50600
20240202,15:06:25,0.75,650,50600
20240202,15:06:49,0.75,50,50600
20240202,15:07:42,0.8,500,50600
20240202,15:07:48,0.8,250,50600
20240202,15:10:27,0.8,250,50600
20240202,15:14:29,0.75,100,50600
20240202,15:14:30,0.8,250,50600
20240202,15:14:31,0.8,250,50600
20240202,15:14:34,0.8,1000,50600
20240202,15:15:00,0.75,250,50600
20240202,15:15:03,0.8,750,50600
20240202,15:15:27,0.75,50,50600
20240202,15:17:12,0.75,750,50600
20240202,15:17:56,0.8,50,50600
20240202,15:18:49,0.8,300,50600
20240202,15:19:37,0.8,3550,50600
20240202,15:19:38,0.8,550,50600
20240202,15:19:52,0.8,650,50600
20240202,15:20:02,0.75,150,50600
20240202,15:20:30,0.8,2200,50600
20240202,15:20:37,0.8,50,50600
20240202,15:20:46,0.75,50,50600
20240202,15:21:01,0.8,1000,50600
20240202,15:21:10,0.75,350,50600
20240202,15:21:53,0.75,50,50600
20240202,15:22:16,0.75,3000,50600
20240202,15:22:28,0.8,500,50600
20240202,15:22:29,0.8,50,50600
20240202,15:22:33,0.75,50,50600
20240202,15:24:51,0.75,1800,50600
20240202,15:25:02,0.75,100,50600
20240202,15:25:04,0.75,100,50600
20240202,15:25:08,0.75,100,50600
20240202,15:25:09,0.75,50,50600
20240202,15:26:13,0.75,1450,50600
20240202,15:26:21,0.7,2600,50600
20240202,15:26:25,0.75,400,50600
20240202,15:26:33,0.7,500,50600
20240202,15:26:35,0.75,500,50600
20240202,15:26:41,0.75,50,50600
20240202,15:26:42,0.7,5400,50600
20240202,15:26:53,0.7,500,50600
20240202,15:26:58,0.75,250,50600
20240202,15:27:15,0.7,500,59250
20240202,15:27:28,0.75,250,59250
20240202,15:27:32,0.7,500,59250
20240202,15:27:41,0.7,500,59250
20240202,15:27:56,0.7,150,59250
20240202,15:28:01,0.75,500,59250
20240202,15:28:02,0.7,50,59250
20240202,15:28:05,0.7,500,59250
20240202,15:28:25,0.75,3250,59250
20240202,15:28:28,0.75,200,59250
20240202,15:28:30,0.7,500,59250
20240202,15:28:31,0.7,500,59250
20240202,15:28:32,0.75,100,59250
20240202,15:28:34,0.75,500,59250
20240202,15:28:37,0.75,500,59250
20240202,15:28:42,0.7,1800,59250
20240202,15:28:42,0.75,450,59250
20240202,15:28:44,0.7,500,59250
20240202,15:28:55,0.7,4100,59250
20240202,15:29:03,0.7,100,59250
20240202,15:29:08,0.7,100,59250
20240202,15:29:08,0.75,50,59250
20240202,15:29:20,0.7,50,59250
20240202,15:29:21,0.75,200,59250
20240202,15:29:27,0.7,250,59250
20240202,15:29:31,0.75,1250,59250
20240202,15:29:34,0.75,50,59250
20240202,15:29:40,0.8,100,59250
20240202,15:29:46,0.75,200,59250
20240202,15:29:47,0.75,300,59250
20240202,15:29:49,0.75,50,59250
20240202,15:29:58,0.75,50,59250
20240205,09:15:03,0.75,1,59250
20240205,09:15:03,0.75,50,59250
20240205,09:15:06,0.75,100,63350
20240205,09:15:07,0.8,50,63350
20240205,09:15:09,0.8,50,63350
20240205,09:15:11,0.8,150,63350
20240205,09:15:12,0.75,300,63350
20240205,09:15:13,0.8,100,63350
20240205,09:15:17,0.75,1000,63350
20240205,09:15:18,0.8,250,63350
20240205,09:15:37,0.75,50,63350
20240205,09:15:40,0.75,750,63350
20240205,09:15:54,0.8,100,63350
20240205,09:15:57,0.8,50,63350
20240205,09:16:05,0.75,300,63350
20240205,09:16:13,0.75,1050,63350
20240205,09:16:15,0.8,50,63350
20240205,09:16:24,0.8,50,63350
20240205,09:16:28,0.8,50,63350
20240205,09:16:32,0.75,150,63350
20240205,09:16:34,0.8,50,63350
20240205,09:16:37,0.8,50,63350
20240205,09:16:54,0.75,250,63350
20240205,09:16:56,0.8,50,63350
20240205,09:17:03,0.8,50,63350
20240205,09:17:05,0.8,50,63350
20240205,09:17:07,0.8,150,63350
20240205,09:17:10,0.8,150,63350
20240205,09:17:11,0.75,200,63350
20240205,09:17:15,0.8,200,63350
20240205,09:17:25,0.8,50,63350
20240205,09:17:29,0.8,300,63350
20240205,09:17:41,0.75,3500,63350
20240205,09:17:43,0.8,50,63350
20240205,09:18:10,0.8,250,63350
20240205,09:18:12,0.8,150,63350
20240205,09:18:17,0.8,200,63350
20240205,09:18:43,0.8,50,63350
20240205,09:18:53,0.8,500,63350
20240205,09:19:02,0.8,250,63350
20240205,09:19:02,0.75,50,63350
20240205,09:19:06,0.8,50,63350
20240205,09:19:08,0.8,50,63350
20240205,09:19:12,0.8,250,63400
20240205,09:19:18,0.8,50,63400
20240205,09:19:34,0.8,50,63400
20240205,09:19:40,0.75,250,63400
20240205,09:19:51,0.8,200,63400
20240205,09:20:04,0.75,50,63400
20240205,09:20:09,0.8,350,63400
20240205,09:20:10,0.75,200,63400
20240205,09:20:17,0.8,500,63400
20240205,09:20:25,0.8,100,63400
20240205,09:20:30,0.8,150,63400
20240205,09:20:55,0.8,50,63400
20240205,09:20:57,0.8,50,63400
20240205,09:21:16,0.8,50,63400
20240205,09:21:19,0.8,50,63400
20240205,09:21:21,0.75,200,63400
20240205,09:21:36,0.8,150,63400
20240205,09:21:37,0.8,500,63400
20240205,09:21:40,0.8,300,63400
20240205,09:21:53,0.8,50,63400
20240205,09:21:58,0.8,50,63400
20240205,09:22:08,0.8,5000,63400
20240205,09:22:57,0.8,100,63400
20240205,09:23:14,0.8,50,63400
20240205,09:23:20,0.8,1250,63400
20240205,09:23:27,0.8,150,63400
20240205,09:23:40,0.8,50,63400
20240205,09:23:46,0.75,50,63400
20240205,09:24:01,0.8,250,63400
20240205,09:24:27,0.8,50,63400
20240205,09:24:43,0.8,700,63400
20240205,09:24:46,0.8,50,63400
20240205,09:24:51,0.8,50,63400
20240205,09:25:10,0.8,50,63400
20240205,09:25:22,0.75,50,63500
20240205,09:25:24,0.75,400,63500
20240205,09:25:34,0.8,1800,63500
20240205,09:25:43,0.8,50,63500
20240205,09:26:45,0.8,150,63500
20240205,09:27:20,0.75,50,63500
20240205,09:27:48,0.8,50,63500
20240205,09:28:01,0.75,350,63500
20240205,09:28:06,0.8,50,63500
20240205,09:28:12,0.75,1800,64000
20240205,09:28:13,0.6,5300,64000
20240205,09:28:45,0.75,50,64000
20240205,09:29:30,0.8,50,64000
20240205,09:29:40,0.75,1450,64000
20240205,09:29:42,0.8,50,64000
20240205,09:29:44,0.8,50,64000
20240205,09:29:58,0.8,50,64000
20240205,09:29:59,0.8,100,64000
20240205,09:30:15,0.8,50,64000
20240205,09:30:31,0.7,1800,64000
20240205,09:30:38,0.7,50,64000
20240205,09:31:34,0.75,50,64050
20240205,09:31:55,0.75,1000,64050
20240205,09:32:00,0.75,50,64050
20240205,09:32:04,0.75,50,64050
20240205,09:32:26,0.7,1800,64050
20240205,09:32:33,0.7,50,64050
20240205,09:32:36,0.7,200,64050
20240205,09:33:28,0.7,50,64050
20240205,09:33:42,0.75,150,64050
20240205,09:33:49,0.75,50,64050
20240205,09:34:13,0.7,2250,67100
20240205,09:34:25,0.7,250,67100
20240205,09:34:27,0.7,50,67100
20240205,09:35:18,0.65,50,67100
20240205,09:35:27,0.65,1100,67100
20240205,09:35:37,0.6,50,67100
20240205,09:35:39,0.65,750,67100
20240205,09:35:48,0.7,100,67100
20240205,09:36:43,0.7,700,67100
20240205,09:37:05,0.7,50,67100
20240205,09:37:33,0.7,1500,67100
20240205,09:38:39,0.7,50,70950
20240205,09:39:25,0.7,200,70950
20240205,09:39:49,0.65,50,70950
20240205,09:41:33,0.7,150,72650
20240205,09:41:34,0.65,200,72650
20240205,09:41:41,0.7,250,72650
20240205,09:42:28,0.7,50,72650
20240205,09:42:53,0.7,50,72650
20240205,09:44:46,0.7,50,72650
20240205,09:45:06,0.7,50,72100
20240205,09:46:09,0.7,50,72100
20240205,09:46:13,0.7,550,72100
20240205,09:46:50,0.7,100,71950
20240205,09:47:48,0.7,50,71950
20240205,09:47:49,0.7,850,71950
20240205,09:47:53,0.7,850,71950
20240205,09:47:59,0.7,150,71950
20240205,09:49:06,0.7,1800,71950
20240205,09:49:44,0.7,50,71950
20240205,09:50:17,0.7,100,72200
20240205,09:51:52,0.75,600,72200
20240205,09:52:06,0.7,300,72200
20240205,09:52:32,0.7,50,72000
20240205,09:52:33,0.7,50,72000
20240205,09:53:01,0.75,50,72000
20240205,09:53:03,0.75,50,72000
20240205,09:53:31,0.75,4000,72000
20240205,09:53:39,0.75,50,72000
20240205,09:55:12,0.8,50,72000
20240205,09:55:24,0.8,50,72000
20240205,09:55:27,0.8,50,72100
20240205,09:55:53,0.8,50,72100
20240205,09:56:08,0.75,100,72100
20240205,09:56:40,0.8,200,72100
20240205,09:57:24,0.8,50,72100
20240205,09:57:48,0.8,50,72100
20240205,09:58:28,0.75,100,72100
20240205,09:58:54,0.75,50,72000
20240205,09:59:22,0.8,50,72000
20240205,09:59:27,0.75,200,72000
20240205,09:59:29,0.8,800,72000
20240205,09:59:43,0.8,800,72000
20240205,10:00:58,0.8,1100,72000
20240205,10:01:17,0.8,200,71650
20240205,10:01:32,0.8,50,71650
20240205,10:01:36,0.75,50,71650
20240205,10:01:37,0.8,50,71650
20240205,10:01:42,0.8,50,71650
20240205,10:01:53,0.8,50,71650
20240205,10:01:54,0.75,50,71650
20240205,10:02:08,0.8,250,71650
20240205,10:02:09,0.8,550,71650
20240205,10:02:43,0.8,500,71650
20240205,10:03:19,0.8,50,71650
20240205,10:03:27,0.8,50,71650
20240205,10:03:49,0.75,50,71650
20240205,10:04:40,0.8,150,72500
20240205,10:04:59,0.8,100,72500
20240205,10:05:12,0.8,50,72500
20240205,10:05:15,0.8,150,72500
20240205,10:05:24,0.8,50,72500
20240205,10:06:23,0.75,250,72500
20240205,10:06:38,0.75,50,72500
20240205,10:06:47,0.75,50,72500
20240205,10:06:50,0.75,50,72500
20240205,10:07:10,0.8,50,72500
20240205,10:07:28,0.75,50,72500
20240205,10:07:29,0.8,50,72150
20240205,10:07:35,0.8,50,72150
20240205,10:07:38,0.8,50,72150
20240205,10:07:38,0.75,150,72150
20240205,10:08:24,0.75,250,72150
20240205,10:08:29,0.75,50,72150
20240205,10:08:33,0.8,50,72150
20240205,10:08:49,0.75,50,72150
20240205,10:08:58,0.75,50,72150
20240205,10:09:06,0.75,500,72150
20240205,10:10:02,0.8,50,72150
20240205,10:10:28,0.8,50,72150
20240205,10:10:33,0.75,600,71200
20240205,10:10:42,0.8,50,71200
20240205,10:11:19,0.75,250,71200
20240205,10:11:35,0.8,100,71200
20240205,10:11:36,0.75,500,71200
20240205,10:11:47,0.8,900,71200
20240205,10:12:09,0.75,50,71200
20240205,10:12:11,0.8,250,71200
20240205,10:12:49,0.75,50,71200
20240205,10:12:51,0.75,50,71200
20240205,10:13:00,0.75,250,71200
20240205,10:13:07,0.75,100,71200
20240205,10:13:23,0.7,50,71900
20240205,10:13:28,0.75,2000,71900
20240205,10:14:07,0.75,1200,71900
20240205,10:14:16,0.7,50,71900
20240205,10:14:37,0.7,50,71900
20240205,10:15:22,0.75,900,71900
20240205,10:15:24,0.75,50,71900
20240205,10:15:37,0.8,50,71900
20240205,10:16:04,0.75,50,71900
20240205,10:16:11,0.8,100,71900
20240205,10:16:47,0.8,50,74350
20240205,10:17:06,0.8,50,74350
20240205,10:17:16,0.75,500,74350
20240205,10:17:29,0.8,1100,74350
20240205,10:17:49,0.8,150,74350
20240205,10:18:04,0.75,550,74350
20240205,10:18:08,0.75,1950,74350
20240205,10:18:21,0.75,250,74350
20240205,10:18:25,0.75,500,74350
20240205,10:18:33,0.75,50,74350
20240205,10:18:41,0.75,50,74350
20240205,10:18:54,0.75,50,74350
20240205,10:19:37,0.7,50,72000
20240205,10:19:42,0.75,150,72000
20240205,10:20:07,0.75,50,72000
20240205,10:20:15,0.7,400,72000
20240205,10:20:30,0.7,150,72000
20240205,10:20:31,0.7,1800,72000
20240205,10:20:33,0.7,850,72000
20240205,10:20:41,0.7,50,72000
20240205,10:21:24,0.65,1800,72000
20240205,10:21:25,0.65,100,72000
20240205,10:21:39,0.6,50,72000
20240205,10:21:40,0.6,2000,72000
20240205,10:21:42,0.6,50,72000
20240205,10:21:43,0.6,1200,72000
20240205,10:21:51,0.65,1050,72000
20240205,10:23:03,0.65,50,71250
20240205,10:23:49,0.65,50,71250
20240205,10:23:53,0.6,250,71250
20240205,10:24:02,0.6,100,71250
20240205,10:24:08,0.6,50,71250
20240205,10:24:29,0.6,50,71250
20240205,10:25:07,0.6,50,71250
20240205,10:27:11,0.65,50,71250
20240205,10:27:18,0.6,50,71650
20240205,10:30:06,0.6,50,71650
20240205,10:30:11,0.6,50,71700
20240205,10:31:45,0.6,150,71700
20240205,10:32:48,0.65,50,71700
20240205,10:32:55,0.7,700,71700
20240205,10:33:05,0.65,200,71700
20240205,10:34:48,0.7,50,71700
20240205,10:36:36,0.7,500,72000
20240205,10:37:05,0.7,250,72000
20240205,10:39:41,0.7,50,72600
20240205,10:39:44,0.7,500,72600
20240205,10:43:43,0.7,50,72600
20240205,10:44:06,0.65,50,72650
20240205,10:45:21,0.7,50,72650
20240205,10:45:23,0.65,50,72650
20240205,10:45:25,0.65,50,72650
20240205,10:45:26,0.65,50,72650
20240205,10:46:18,0.7,50,72650
20240205,10:46:27,0.65,50,72450
20240205,10:49:00,0.65,50,72450
20240205,10:49:06,0.7,50,72450
20240205,10:49:08,0.7,50,72450
20240205,10:49:16,0.65,50,72450
20240205,10:50:04,0.7,100,72450
20240205,10:50:21,0.7,50,72300
20240205,10:50:34,0.7,50,72300
20240205,10:52:45,0.7,50,72300
20240205,10:53:26,0.7,100,72450
20240205,10:54:05,0.7,50,72450
20240205,10:54:18,0.65,5600,72450
20240205,11:00:06,0.6,50,69600
20240205,11:03:47,0.6,400,69600
20240205,11:07:13,0.7,50,69600
20240205,11:07:50,0.7,50,69600
20240205,11:09:40,0.7,50,69600
20240205,11:09:43,0.6,50,69600
20240205,11:10:03,0.6,100,69600
20240205,11:18:01,0.7,50,69600
20240205,11:18:55,0.6,50,69600
20240205,11:20:12,0.7,3600,69600
20240205,11:20:26,0.7,50,69600
20240205,11:20:57,0.7,100,69600
20240205,11:21:05,0.6,50,69600
20240205,11:25:24,0.7,50,66850
20240205,11:25:32,0.6,50,66850
20240205,11:26:59,0.7,50,66850
20240205,11:27:06,0.65,950,66850
20240205,11:29:25,0.6,900,67800
20240205,11:31:30,0.7,50,67800
20240205,11:34:04,0.65,750,67500
20240205,11:37:37,0.65,50,67500
20240205,11:38:22,0.65,100,67500
20240205,11:38:24,0.7,50,67500
20240205,11:38:28,0.7,700,67500
20240205,11:40:26,0.75,50,67500
20240205,11:40:28,0.7,50,67500
20240205,11:40:35,0.7,250,68150
20240205,11:41:04,0.75,100,68150
20240205,11:42:17,0.75,50,68150
20240205,11:42:18,0.75,50,68150
20240205,11:42:42,0.75,50,68150
20240205,11:43:08,0.75,200,68150
20240205,11:43:27,0.7,50,68150
20240205,11:43:52,0.75,50,68150
20240205,11:43:53,0.75,50,67950
20240205,11:44:12,0.7,250,67950
20240205,11:44:17,0.75,150,67950
20240205,11:44:42,0.75,50,67950
20240205,11:45:19,0.7,100,67950
20240205,11:46:05,0.7,50,67950
20240205,11:48:33,0.7,250,67550
20240205,11:49:01,0.75,50,67550
20240205,11:49:26,0.75,50,67550
20240205,11:49:59,0.7,50,67550
20240205,11:50:15,0.75,400,67300
20240205,11:50:18,0.75,100,67300
20240205,11:50:29,0.75,100,67300
20240205,11:53:39,0.7,2900,67250
20240205,11:53:40,0.7,500,67250
20240205,11:53:42,0.75,50,67250
20240205,11:54:01,0.65,50,67250
20240205,11:54:44,0.7,50,67250
20240205,11:54:46,0.75,50,67250
20240205,11:55:37,0.65,500,66700
20240205,11:55:51,0.75,400,66700
20240205,11:55:53,0.75,300,66700
20240205,11:55:57,0.7,250,66700
20240205,11:55:59,0.7,50,66700
20240205,11:56:08,0.7,200,66700
20240205,11:57:05,0.75,250,66700
20240205,11:57:07,0.75,4400,66700
20240205,11:57:18,0.7,50,66700
20240205,11:57:26,0.7,50,66700
20240205,11:59:34,0.7,250,63150
20240205,12:02:53,0.8,250,63150
20240205,12:03:30,0.75,50,63150
20240205,12:03:51,0.75,50,63150
20240205,12:04:10,0.75,250,63150
20240205,12:05:40,0.7,100,63150
20240205,12:05:54,0.7,50,62900
20240205,12:09:22,0.8,50,62900
20240205,12:09:38,0.8,250,62900
20240205,12:10:03,0.8,50,62900
20240205,12:10:27,0.7,100,62900
20240205,12:11:25,0.8,50,62900
20240205,12:11:44,0.8,100,62900
20240205,12:12:02,0.8,900,62900
20240205,12:13:22,0.75,100,62900
20240205,12:13:23,0.75,50,62900
20240205,12:13:42,0.8,50,62900
20240205,12:13:57,0.8,200,63000
20240205,12:13:58,0.7,50,63000
20240205,12:14:20,0.8,200,63000
20240205,12:14:52,0.8,350,63000
20240205,12:15:13,0.75,50,63000
20240205,12:16:11,0.75,400,63000
20240205,12:16:44,0.7,50,63400
20240205,12:17:14,0.75,250,63400
20240205,12:17:14,0.75,1800,63400
20240205,12:17:15,0.75,50,63400
20240205,12:17:16,0.75,50,63400
20240205,12:17:18,0.75,50,63400
20240205,12:17:19,0.8,50,63400
20240205,12:17:20,0.75,50,63400
20240205,12:17:24,0.75,100,63400
20240205,12:19:14,0.85,3150,63400
20240205,12:19:33,0.8,50,63400
20240205,12:19:36,0.8,50,61400
20240205,12:19:43,0.8,50,61400
20240205,12:19:55,0.8,50,61400
20240205,12:20:16,0.85,100,61400
20240205,12:20:20,0.8,50,61400
20240205,12:21:50,0.8,50,61400
20240205,12:22:08,0.85,50,61400
20240205,12:22:14,0.85,150,61400
20240205,12:22:50,0.8,1900,61400
20240205,12:23:49,0.85,50,61100
20240205,12:24:27,0.85,50,61100
20240205,12:24:29,0.85,50,61100
20240205,12:24:46,0.85,500,61100
20240205,12:25:25,0.85,50,61100
20240205,12:25:55,0.85,50,59650
20240205,12:25:57,0.8,50,59650
20240205,12:26:24,0.85,350,59650
20240205,12:26:26,0.85,250,59650
20240205,12:26:37,0.8,200,59650
20240205,12:27:40,0.85,900,59650
20240205,12:27:58,0.85,250,59650
20240205,12:28:27,0.85,50,59650
20240205,12:28:40,0.8,50,59650
20240205,12:28:48,0.85,50,61100
20240205,12:29:17,0.85,500,61100
20240205,12:29:42,0.85,50,61100
20240205,12:29:49,0.8,50,61100
20240205,12:30:16,0.85,50,61100
20240205,12:30:39,0.85,250,61100
20240205,12:30:40,0.8,50,61100
20240205,12:31:16,0.8,50,61100
20240205,12:31:19,0.8,250,61100
20240205,12:31:37,0.8,50,61650
20240205,12:32:00,0.85,50,61650
20240205,12:32:06,0.8,500,61650
20240205,12:33:21,0.8,50,61650
20240205,12:33:32,0.8,50,61650
20240205,12:34:32,0.8,250,61650
20240205,12:34:57,0.8,100,61650
20240205,12:35:40,0.75,50,62000
20240205,12:36:13,0.85,1800,62000
20240205,12:36:17,0.75,900,62000
20240205,12:36:38,0.85,50,62000
20240205,12:36:40,0.8,50,62000
20240205,12:37:18,0.75,250,62000
20240205,12:39:00,0.75,50,62950
20240205,12:39:10,0.85,100,62950
20240205,12:39:51,0.85,1000,62950
20240205,12:39:54,0.75,250,62950
20240205,12:39:57,0.75,650,62950
20240205,12:39:57,0.8,300,62950
20240205,12:39:59,0.8,300,62950
20240205,12:41:42,0.75,50,62950
20240205,12:41:53,0.8,50,62950
20240205,12:43:23,0.8,50,62950
20240205,12:43:27,0.8,50,62950
20240205,12:44:10,0.8,50,62950
20240205,12:44:14,0.75,50,63050
20240205,12:44:33,0.75,50,63050
20240205,12:44:58,0.75,50,63050
20240205,12:45:44,0.8,50,63050
20240205,12:46:19,0.8,100,63050
20240205,12:46:38,0.8,100,63050
20240205,12:46:39,0.8,50,63050
20240205,12:47:05,0.75,1000,63100
20240205,12:47:46,0.8,50,63100
20240205,12:48:11,0.75,500,63100
20240205,12:49:55,0.8,50,63100
20240205,12:50:02,0.8,50,62100
20240205,12:50:37,0.8,100,62100
20240205,12:50:47,0.75,250,62100
20240205,12:54:57,0.75,100,62100
20240205,12:55:25,0.75,300,62100
20240205,12:57:27,0.75,100,62100
20240205,12:59:25,0.8,50,62100
20240205,12:59:50,0.8,50,62100
20240205,12:59:57,0.8,50,62100
20240205,13:00:13,0.8,150,62100
20240205,13:00:16,0.8,50,62100
20240205,13:00:24,0.75,50,62100
20240205,13:00:37,0.75,50,62100
20240205,13:01:35,0.8,50,62100
20240205,13:01:43,0.75,50,62100
20240205,13:04:07,0.8,50,62100
20240205,13:04:12,0.8,50,62100
20240205,13:05:17,0.8,2700,62200
20240205,13:05:21,0.8,50,62200
20240205,13:07:15,0.85,50,62200
20240205,13:07:21,0.8,50,62200
20240205,13:07:47,0.8,50,63550
20240205,13:08:09,0.8,50,63550
20240205,13:08:16,0.85,50,63550
20240205,13:08:24,0.75,1800,63550
20240205,13:08:33,0.85,50,63550
20240205,13:08:41,0.75,50,63550
20240205,13:08:46,0.85,50,63550
20240205,13:09:46,0.8,400,63550
20240205,13:10:19,0.85,100,63550
20240205,13:11:09,0.8,50,62550
20240205,13:11:14,0.85,150,62550
20240205,13:11:45,0.85,50,62550
20240205,13:12:20,0.8,50,62550
20240205,13:12:52,0.9,2300,62550
20240205,13:13:14,0.9,50,62550
20240205,13:13:17,0.8,1450,62550
20240205,13:13:26,0.8,50,62550
20240205,13:13:51,0.8,50,62550
20240205,13:13:56,0.85,50,62550
20240205,13:13:58,0.8,50,62550
20240205,13:13:59,0.85,300,62550
20240205,13:14:17,0.85,50,62550
20240205,13:14:22,0.85,50,62550
20240205,13:14:51,0.85,50,62550
20240205,13:15:13,0.85,250,62550
20240205,13:15:52,0.85,100,62550
20240205,13:16:22,0.8,50,62550
20240205,13:16:51,0.8,850,62550
20240205,13:17:23,0.75,650,62550
20240205,13:17:30,0.85,100,62550
20240205,13:17:36,0.85,150,62550
20240205,13:17:40,0.8,100,62550
20240205,13:17:45,0.75,250,62550
20240205,13:17:46,0.8,50,62550
20240205,13:18:00,0.8,50,62550
20240205,13:18:22,0.8,100,62550
20240205,13:18:25,0.8,150,62550
20240205,13:18:45,0.8,50,62550
20240205,13:19:04,0.75,50,62550
20240205,13:19:12,0.8,50,62550
20240205,13:19:39,0.75,300,62550
20240205,13:19:44,0.8,50,63150
20240205,13:20:22,0.75,150,63150
20240205,13:21:07,0.75,1950,63150
20240205,13:21:32,0.75,50,63150
20240205,13:21:51,0.8,650,63150
20240205,13:22:08,0.75,200,63150
20240205,13:22:14,0.75,100,63150
20240205,13:23:33,0.8,400,61200
20240205,13:23:50,0.8,50,61200
20240205,13:24:01,0.8,150,61200
20240205,13:24:40,0.8,100,61200
20240205,13:24:47,0.8,350,61200
20240205,13:25:28,0.8,50,61200
20240205,13:25:42,0.75,300,61200
20240205,13:25:47,0.8,50,61550
20240205,13:25:48,0.8,100,61550
20240205,13:25:59,0.8,100,61550
20240205,13:26:00,0.8,50,61550
20240205,13:26:07,0.85,100,61550
20240205,13:26:12,0.8,50,61550
20240205,13:26:25,0.85,50,61550
20240205,13:26:29,0.85,200,61550
20240205,13:26:36,0.85,100,61550
20240205,13:26:46,0.8,50,61550
20240205,13:27:27,0.75,50,61550
20240205,13:27:50,0.8,50,61550
20240205,13:28:07,0.85,200,61550
20240205,13:28:12,0.85,50,61550
20240205,13:28:15,0.8,50,61550
20240205,13:28:43,0.85,600,61550
20240205,13:29:11,0.85,1150,61550
20240205,13:29:17,0.8,100,62700
20240205,13:29:44,0.8,50,62700
20240205,13:29:56,0.8,200,62700
20240205,13:30:10,0.85,300,62700
20240205,13:30:32,0.8,150,62700
20240205,13:33:37,0.85,150,61900
20240205,13:33:42,0.8,50,61900
20240205,13:33:52,0.85,50,61900
20240205,13:34:04,0.8,750,61900
20240205,13:34:17,0.8,150,61900
20240205,13:34:25,0.85,400,61900
20240205,13:34:27,0.8,50,61900
20240205,13:34:52,0.85,100,62250
20240205,13:34:54,0.85,50,62250
20240205,13:34:59,0.85,50,62250
20240205,13:35:24,0.8,800,62250
20240205,13:35:26,0.85,50,62250
20240205,13:35:35,0.85,200,62250
20240205,13:35:45,0.85,50,62250
20240205,13:35:49,0.8,50,62250
20240205,13:36:42,0.8,50,62250
20240205,13:37:53,0.85,50,61850
20240205,13:37:57,0.8,200,61850
20240205,13:37:58,0.75,400,61850
20240205,13:38:03,0.8,250,61850
20240205,13:38:32,0.85,50,61850
20240205,13:38:42,0.85,50,61850
20240205,13:38:47,0.8,100,61850
20240205,13:38:58,0.85,500,61850
20240205,13:39:01,0.85,150,61850
20240205,13:39:09,0.85,50,61850
20240205,13:39:48,0.85,250,61850
20240205,13:39:52,0.8,50,61850
20240205,13:40:00,0.85,200,61850
20240205,13:40:03,0.85,200,61850
20240205,13:40:14,0.8,200,61850
20240205,13:40:22,0.85,100,61850
20240205,13:40:41,0.85,50,61850
20240205,13:41:06,0.85,50,61850
20240205,13:41:21,0.85,50,61850
20240205,13:41:50,0.85,150,61850
20240205,13:42:14,0.8,150,61850
20240205,13:42:26,0.75,1000,61850
20240205,13:42:28,0.85,50,61850
20240205,13:42:43,0.85,50,61850
20240205,13:42:55,0.8,50,61850
20240205,13:43:01,0.8,50,61850
20240205,13:43:20,0.75,50,61850
20240205,13:43:22,0.8,50,61850
20240205,13:43:25,0.8,250,61850
20240205,13:43:25,0.8,100,61850
20240205,13:43:35,0.8,50,61850
20240205,13:43:42,0.8,50,61850
20240205,13:43:47,0.75,50,61850
20240205,13:44:02,0.75,250,61600
20240205,13:44:15,0.8,50,61600
20240205,13:44:21,0.75,50,61600
20240205,13:44:26,0.8,50,61600
20240205,13:44:31,0.8,100,61600
20240205,13:44:32,0.8,50,61600
20240205,13:45:07,0.8,550,61600
20240205,13:45:30,0.8,100,61600
20240205,13:46:02,0.8,200,61600
20240205,13:46:24,0.8,50,61600
20240205,13:46:32,0.8,50,61600
20240205,13:46:51,0.75,50,61600
20240205,13:48:10,0.75,50,61600
20240205,13:48:14,0.8,50,61600
20240205,13:48:15,0.75,100,61600
20240205,13:48:45,0.75,50,61600
20240205,13:49:28,0.75,50,61600
20240205,13:50:08,0.75,50,61600
20240205,13:50:20,0.75,50,61600
20240205,13:50:28,0.75,350,61600
20240205,13:50:36,0.75,100,61600
20240205,13:50:40,0.75,150,61600
20240205,13:50:46,0.75,50,61600
20240205,13:50:48,0.75,50,61600
20240205,13:50:56,0.8,350,61600
20240205,13:51:17,0.75,50,61600
20240205,13:51:37,0.75,1000,61600
20240205,13:51:43,0.8,250,61600
20240205,13:51:58,0.8,300,61600
20240205,13:52:06,0.8,200,61600
20240205,13:52:35,0.8,200,61600
20240205,13:53:35,0.8,100,62600
20240205,13:54:35,0.8,50,62600
20240205,13:54:47,0.8,50,62600
20240205,13:54:48,0.8,100,62600
20240205,13:55:23,0.75,50,62600
20240205,13:55:26,0.75,100,62600
20240205,13:55:41,0.8,50,62600
20240205,13:55:54,0.75,50,62600
20240205,13:56:02,0.75,100,62950
20240205,13:56:02,0.8,50,62950
20240205,13:56:48,0.8,1000,62950
20240205,13:56:54,0.8,50,62950
20240205,13:56:57,0.75,50,62950
20240205,13:57:06,0.8,50,62950
20240205,13:57:07,0.75,1200,62950
20240205,13:57:09,0.75,150,62950
20240205,13:57:17,0.75,50,62950
20240205,13:57:26,0.8,200,62950
20240205,13:58:13,0.8,1500,62950
20240205,13:58:52,0.75,2000,62950
20240205,13:58:56,0.75,250,65400
20240205,13:59:16,0.8,1400,65400
20240205,13:59:22,0.8,300,65400
20240205,13:59:23,0.8,1050,65400
20240205,13:59:30,0.8,50,65400
20240205,14:00:10,0.85,50,65400
20240205,14:00:36,0.85,200,65400
20240205,14:00:42,0.85,350,65400
20240205,14:02:27,0.8,450,65400
20240205,14:02:46,0.85,250,64450
20240205,14:02:47,0.85,50,64450
20240205,14:02:54,0.8,50,64450
20240205,14:02:57,0.85,200,64450
20240205,14:03:17,0.8,1000,64450
20240205,14:03:22,0.8,100,64450
20240205,14:03:27,0.85,50,64450
20240205,14:03:32,0.85,50,64450
20240205,14:03:37,0.85,250,64450
20240205,14:03:44,0.8,100,64450
20240205,14:04:00,0.85,50,64450
20240205,14:04:07,0.85,450,64450
20240205,14:04:10,0.8,350,64450
20240205,14:04:31,0.85,450,64450
20240205,14:04:59,0.8,50,64450
20240205,14:05:03,0.8,200,63250
20240205,14:05:05,0.8,50,63250
20240205,14:05:05,0.85,50,63250
20240205,14:05:16,0.85,1800,63250
20240205,14:05:17,0.85,2050,63250
20240205,14:05:19,0.85,250,63250
20240205,14:05:31,0.8,450,63250
20240205,14:05:37,0.85,250,63250
20240205,14:05:39,0.85,2450,63250
20240205,14:05:41,0.9,50,63250
20240205,14:05:43,0.85,50,63250
20240205,14:05:48,0.9,50,63250
20240205,14:05:49,0.85,50,63250
20240205,14:05:50,0.85,200,63250
20240205,14:05:58,0.85,50,63250
20240205,14:06:12,0.8,50,63250
20240205,14:06:22,0.9,50,63250
20240205,14:06:24,0.85,50,63250
20240205,14:06:47,0.9,50,63250
20240205,14:06:49,0.9,50,63250
20240205,14:07:02,0.8,100,63250
20240205,14:07:12,0.9,250,63250
20240205,14:07:28,0.9,50,63250
20240205,14:07:37,0.85,100,63250
20240205,14:07:43,0.9,50,63250
20240205,14:07:44,0.9,50,63250
20240205,14:08:16,0.8,50,61650
20240205,14:08:21,0.85,50,61650
20240205,14:08:23,0.9,50,61650
20240205,14:08:52,0.85,250,61650
20240205,14:09:06,0.9,50,61650
20240205,14:09:12,0.85,50,61650
20240205,14:09:37,0.85,250,61650
20240205,14:09:44,0.85,1100,61650
20240205,14:10:00,0.85,50,61650
20240205,14:10:10,0.8,50,61650
20240205,14:11:14,0.8,50,61650
20240205,14:11:43,0.85,1800,61650
20240205,14:11:59,0.9,750,61650
20240205,14:12:02,0.85,50,61650
20240205,14:12:28,0.8,50,61650
20240205,14:12:31,0.9,50,61650
20240205,14:12:32,0.9,50,61650
20240205,14:13:17,0.9,50,61650
20240205,14:13:23,0.9,50,61650
20240205,14:13:24,0.85,250,61650
20240205,14:13:39,0.85,950,61650
20240205,14:13:44,0.8,50,61650
20240205,14:13:51,0.8,50,61650
20240205,14:14:46,0.85,750,61950
20240205,14:15:08,0.85,50,61950
20240205,14:15:16,0.85,50,61950
20240205,14:15:42,0.8,50,61950
20240205,14:16:11,0.8,50,61950
20240205,14:16:29,0.9,550,61950
20240205,14:16:44,0.9,850,61950
20240205,14:16:59,0.85,350,61950
20240205,14:17:02,0.8,50,61950
20240205,14:17:05,0.85,700,61950
20240205,14:17:22,0.9,50,61950
20240205,14:17:37,0.8,250,61950
20240205,14:17:38,0.9,200,61950
20240205,14:18:03,0.85,50,61950
20240205,14:18:46,0.9,1000,61950
20240205,14:19:06,0.8,100,61950
20240205,14:19:11,0.85,100,61950
20240205,14:19:26,0.85,50,61950
20240205,14:19:45,0.9,50,61950
20240205,14:20:16,0.9,100,62900
20240205,14:20:17,0.9,50,62900
20240205,14:21:03,0.9,50,62900
20240205,14:21:28,1.05,6700,62900
20240205,14:21:41,0.95,50,62900
20240205,14:21:44,0.95,50,62900
20240205,14:21:53,0.95,150,62900
20240205,14:21:54,1.0,750,62900
20240205,14:21:55,0.95,150,62900
20240205,14:22:34,1.0,50,62900
20240205,14:22:45,1.0,350,62900
20240205,14:22:55,1.0,50,62900
20240205,14:23:16,0.95,50,65600
20240205,14:23:34,0.95,50,65600
20240205,14:24:20,0.95,50,65600
20240205,14:24:31,0.9,50,65600
20240205,14:25:52,0.9,50,65600
20240205,14:25:59,1.0,50,65600
20240205,14:26:20,1.0,50,65600
20240205,14:26:28,0.9,100,65600
20240205,14:26:47,0.95,250,65600
20240205,14:26:49,1.0,50,65600
20240205,14:26:55,1.0,50,65600
20240205,14:26:56,0.9,50,65600
20240205,14:26:59,0.9,50,65600
20240205,14:27:17,1.0,50,65600
20240205,14:27:18,0.9,150,65600
20240205,14:27:37,0.95,50,65600
20240205,14:28:05,0.9,200,65600
20240205,14:28:30,0.9,250,65600
20240205,14:28:38,0.95,50,65600
20240205,14:28:49,0.95,50,65600
20240205,14:28:53,0.9,1000,65600
20240205,14:28:54,0.9,1250,65600
20240205,14:28:55,0.85,100,65800
20240205,14:29:36,0.85,1800,65800
20240205,14:29:49,0.8,150,65800
20240205,14:29:59,0.8,200,65800
20240205,14:30:02,0.85,300,65800
20240205,14:30:40,0.9,100,65800
20240205,14:30:49,0.8,50,65800
20240205,14:31:05,0.9,50,65800
20240205,14:31:14,0.85,300,65800
20240205,14:31:35,0.9,100,65800
20240205,14:31:48,0.85,750,65800
20240205,14:31:51,0.85,250,65800
20240205,14:32:02,0.85,50,65800
20240205,14:32:02,0.85,100,64700
20240205,14:32:06,0.85,650,64700
20240205,14:32:07,0.9,800,64700
20240205,14:32:43,0.95,650,64700
20240205,14:32:45,0.85,50,64700
20240205,14:32:59,0.9,50,64700
20240205,14:33:14,0.85,1800,64700
20240205,14:33:31,0.9,900,64700
20240205,14:33:40,0.9,50,64700
20240205,14:33:48,0.9,200,64700
20240205,14:33:53,0.85,50,64700
20240205,14:34:09,0.85,100,64700
20240205,14:34:12,0.85,50,64700
20240205,14:34:20,0.9,350,64700
20240205,14:34:21,0.85,150,64700
20240205,14:34:25,0.85,150,64700
20240205,14:34:28,0.9,150,64700
20240205,14:34:32,0.9,50,64700
20240205,14:34:33,0.9,1700,64700
20240205,14:34:34,0.85,550,64700
20240205,14:35:19,0.8,50,64700
20240205,14:35:46,0.8,50,66300
20240205,14:35:49,0.9,50,66300
20240205,14:36:19,0.7,4500,66300
20240205,14:36:20,0.75,50,66300
20240205,14:36:34,0.75,50,66300
20240205,14:37:30,0.75,300,66300
20240205,14:37:54,0.75,1900,66300
20240205,14:38:20,0.8,50,66300
20240205,14:38:35,0.8,100,67800
20240205,14:38:36,0.8,50,67800
20240205,14:38:39,0.8,50,67800
20240205,14:38:40,0.8,50,67800
20240205,14:38:40,0.75,800,67800
20240205,14:38:42,0.8,50,67800
20240205,14:38:44,0.8,50,67800
20240205,14:38:46,0.8,50,67800
20240205,14:38:50,0.75,4450,67800
20240205,14:38:55,0.75,250,67800
20240205,14:38:58,0.75,750,67800
20240205,14:39:05,0.8,50,67800
20240205,14:39:22,0.7,50,67800
20240205,14:39:22,0.75,1900,67800
20240205,14:39:37,0.75,250,67800
20240205,14:39:59,0.7,50,67800
20240205,14:40:01,0.7,100,67800
20240205,14:40:04,0.75,100,67800
20240205,14:40:07,0.75,1700,67800
20240205,14:40:09,0.75,50,67800
20240205,14:40:22,0.7,3050,67800
20240205,14:40:33,0.65,100,67800
20240205,14:41:03,0.7,1950,75850
20240205,14:41:22,0.7,250,75850
20240205,14:42:01,0.65,50,75850
20240205,14:42:07,0.75,500,75850
20240205,14:42:22,0.75,150,75850
20240205,14:42:52,0.7,1450,75850
20240205,14:42:58,0.65,1450,75850
20240205,14:43:15,0.65,50,75850
20240205,14:43:25,0.65,100,75850
20240205,14:43:33,0.65,50,75850
20240205,14:43:37,0.8,5450,75850
20240205,14:43:38,0.75,10150,75850
20240205,14:43:39,0.7,2700,75850
20240205,14:43:40,0.65,4000,75850
20240205,14:43:42,0.7,150,75850
20240205,14:43:49,0.7,400,75850
20240205,14:43:56,0.7,900,75850
20240205,14:43:57,0.7,2700,81850
20240205,14:44:07,0.7,250,81850
20240205,14:44:12,0.7,1150,81850
20240205,14:44:20,0.75,50,81850
20240205,14:44:24,0.7,200,81850
20240205,14:44:35,0.75,50,81850
20240205,14:44:36,0.65,50,81850
20240205,14:44:38,0.7,200,81850
20240205,14:45:04,0.75,850,81850
20240205,14:45:05,0.75,900,81850
20240205,14:45:06,0.7,1500,81850
20240205,14:45:07,0.75,1100,81850
20240205,14:45:19,0.7,3850,81850
20240205,14:45:30,0.75,50,81850
20240205,14:45:43,0.75,50,81850
20240205,14:46:05,0.75,200,81850
20240205,14:46:06,0.75,2000,81850
20240205,14:46:09,0.75,50,81850
20240205,14:46:20,0.7,100,81850
20240205,14:47:05,0.7,350,87300
20240205,14:47:12,0.7,1000,87300
20240205,14:47:21,0.7,500,87300
20240205,14:47:22,0.7,750,87300
20240205,14:47:23,0.7,850,87300
20240205,14:47:25,0.7,500,87300
20240205,14:47:52,0.65,250,87300
20240205,14:47:53,0.65,500,87300
20240205,14:48:04,0.65,50,87300
20240205,14:48:06,0.7,50,87300
20240205,14:48:19,0.65,100,87300
20240205,14:48:24,0.65,150,87300
20240205,14:48:55,0.6,50,87300
20240205,14:49:00,0.65,5900,87300
20240205,14:49:14,0.6,50,87300
20240205,14:49:33,0.65,50,87300
20240205,14:49:35,0.65,50,87300
20240205,14:50:12,0.7,2200,91250
20240205,14:50:15,0.7,250,91250
20240205,14:50:37,0.65,150,91250
20240205,14:51:12,0.6,50,91250
20240205,14:51:39,0.6,50,91250
20240205,14:51:40,0.6,50,91250
20240205,14:52:02,0.6,50,91250
20240205,14:52:04,0.6,100,91250
20240205,14:52:20,0.6,50,91250
20240205,14:52:31,0.65,900,91250
20240205,14:52:44,0.65,250,91250
20240205,14:53:13,0.7,1800,88800
20240205,14:53:51,0.7,1800,88800
20240205,14:53:57,0.7,50,88800
20240205,14:54:02,0.7,200,88800
20240205,14:54:12,0.7,350,88800
20240205,14:54:14,0.75,100,88800
20240205,14:54:15,0.65,550,88800
20240205,14:54:15,0.75,1300,88800
20240205,14:54:19,0.7,500,88800
20240205,14:54:20,0.75,2700,88800
20240205,14:54:30,0.75,450,88800
20240205,14:55:02,0.8,2350,88800
20240205,14:55:05,0.85,50,88800
20240205,14:55:08,0.7,50,88800
20240205,14:55:28,0.7,100,88800
20240205,14:56:06,0.8,550,86200
20240205,14:56:19,0.75,250,86200
20240205,14:56:35,0.75,250,86200
20240205,14:56:56,0.75,100,86200
20240205,14:57:43,0.8,2250,86200
20240205,14:57:46,0.7,50,86200
20240205,14:57:54,0.7,50,86200
20240205,14:57:57,0.8,1800,86200
20240205,14:57:58,0.75,450,86200
20240205,14:58:03,0.9,1000,86200
20240205,14:58:04,0.75,200,86200
20240205,14:58:05,0.75,250,86200
20240205,14:58:36,0.9,1000,86200
20240205,14:58:38,0.8,150,86200
20240205,14:58:42,0.8,800,86200
20240205,14:58:53,0.75,150,86200
20240205,14:58:54,0.85,50,86200
20240205,14:58:59,0.7,650,89900
20240205,14:59:04,0.8,100,89900
20240205,14:59:32,0.8,50,89900
20240205,14:59:54,0.8,50,89900
20240205,15:00:43,0.7,50,89900
20240205,15:00:45,0.8,250,89900
20240205,15:00:50,0.7,50,89900
20240205,15:01:36,0.7,50,89900
20240205,15:03:09,0.75,50,89900
20240205,15:03:11,0.75,50,89800
20240205,15:03:15,0.7,50,89800
20240205,15:03:17,0.75,100,89800
20240205,15:03:36,0.75,50,89800
20240205,15:03:47,0.75,50,89800
20240205,15:03:53,0.75,50,89800
20240205,15:04:04,0.75,100,89800
20240205,15:04:14,0.8,50,89800
20240205,15:04:44,0.8,1550,89800
20240205,15:04:46,0.7,50,89800
20240205,15:04:52,0.85,2600,89800
20240205,15:04:54,0.7,50,89800
20240205,15:05:44,0.75,400,89800
20240205,15:07:02,0.75,200,88400
20240205,15:07:28,0.8,50,88400
20240205,15:07:34,0.7,250,88400
20240205,15:07:40,0.75,700,88400
20240205,15:09:44,0.7,500,88750
20240205,15:09:48,0.75,300,88750
20240205,15:09:50,0.75,450,88750
20240205,15:10:20,0.8,50,88750
20240205,15:10:24,0.7,1000,88750
20240205,15:10:26,0.8,50,88750
20240205,15:10:36,0.75,50,88750
20240205,15:10:40,0.75,150,88750
20240205,15:10:42,0.75,900,88750
20240205,15:11:14,0.8,100,88300
20240205,15:11:27,0.8,1800,88300
20240205,15:11:38,0.75,50,88300
20240205,15:11:55,0.85,550,88300
20240205,15:12:00,0.75,900,88300
20240205,15:12:02,0.8,250,88300
20240205,15:12:11,0.85,150,88300
20240205,15:12:15,0.8,750,88300
20240205,15:12:23,0.8,150,88300
20240205,15:12:25,0.8,450,88300
20240205,15:12:27,0.8,50,88300
20240205,15:12:28,0.8,250,88300
20240205,15:12:28,0.8,100,88300
20240205,15:12:29,0.8,50,88300
20240205,15:12:30,0.8,50,88300
20240205,15:12:40,0.8,250,88300
20240205,15:12:48,0.8,50,88300
20240205,15:12:51,0.8,50,88300
20240205,15:13:18,0.75,50,88300
20240205,15:13:22,0.75,100,88300
20240205,15:13:53,0.8,200,88300
20240205,15:13:55,0.8,50,88300
20240205,15:14:22,0.85,50,88300
20240205,15:14:25,0.8,1650,86600
20240205,15:14:36,0.75,100,86600
20240205,15:14:39,0.85,50,86600
20240205,15:14:44,0.75,1150,86600
20240205,15:14:45,0.75,450,86600
20240205,15:14:53,0.7,1000,86600
20240205,15:15:15,0.7,900,86600
20240205,15:15:16,0.7,1350,86600
20240205,15:15:24,0.65,50,86600
20240205,15:15:32,0.65,50,86600
20240205,15:15:39,0.75,800,86600
20240205,15:15:50,0.65,550,86600
20240205,15:16:06,0.65,2100,86600
20240205,15:16:07,0.7,1700,86600
20240205,15:16:20,0.7,400,86600
20240205,15:16:21,0.65,800,86600
20240205,15:16:27,0.65,250,86600
20240205,15:16:30,0.65,350,86600
20240205,15:16:37,0.65,400,86600
20240205,15:16:39,0.65,200,86600
20240205,15:16:50,0.6,1250,86600
20240205,15:17:03,0.7,250,84650
20240205,15:17:16,0.65,50,84650
20240205,15:17:20,0.6,150,84650
20240205,15:17:27,0.6,50,84650
20240205,15:17:28,0.7,500,84650
20240205,15:17:30,0.6,100,84650
20240205,15:17:38,0.6,50,84650
20240205,15:17:39,0.6,850,84650
20240205,15:17:40,0.65,2700,84650
20240205,15:17:48,0.6,200,84650
20240205,15:17:50,0.6,450,84650
20240205,15:17:54,0.6,1500,84650
20240205,15:17:58,0.65,200,84650
20240205,15:18:05,0.65,100,84650
20240205,15:18:19,0.6,50,84650
20240205,15:18:20,0.65,100,84650
20240205,15:18:21,0.6,600,84650
20240205,15:18:22,0.6,1050,84650
20240205,15:18:23,0.6,800,84650
20240205,15:18:24,0.6,100,84650
20240205,15:18:27,0.6,150,84650
20240205,15:18:44,0.65,50,84650
20240205,15:18:49,0.6,100,84650
20240205,15:19:02,0.65,50,84650
20240205,15:19:05,0.65,50,84650
20240205,15:19:18,0.6,50,84650
20240205,15:19:22,0.65,50,84650
20240205,15:19:26,0.65,50,84650
20240205,15:19:29,0.6,50,84650
20240205,15:19:31,0.65,50,84650
20240205,15:19:39,0.65,50,84650
20240205,15:19:43,0.6,50,84650
20240205,15:19:55,0.6,50,84650
20240205,15:19:59,0.65,50,84650
20240205,15:20:03,0.65,50,84650
20240205,15:20:05,0.65,50,84250
20240205,15:20:12,0.6,100,84250
20240205,15:20:49,0.65,100,84250
20240205,15:20:51,0.6,150,84250
20240205,15:20:52,0.6,200,84250
20240205,15:20:53,0.6,3150,84250
20240205,15:21:14,0.6,850,84250
20240205,15:21:17,0.6,100,84250
20240205,15:21:21,0.6,900,84250
20240205,15:21:25,0.6,50,84250
20240205,15:21:40,0.65,600,84250
20240205,15:21:59,0.65,900,84250
20240205,15:22:01,0.65,1200,84250
20240205,15:22:07,0.6,100,84250
20240205,15:22:08,0.6,50,84250
20240205,15:22:16,0.6,50,84250
20240205,15:22:19,0.6,1100,84250
20240205,15:22:24,0.6,100,84250
20240205,15:22:29,0.6,100,84250
20240205,15:22:31,0.6,50,84250
20240205,15:22:34,0.6,150,84250
20240205,15:22:53,0.6,250,84250
20240205,15:22:54,0.6,1800,84250
20240205,15:24:00,0.65,500,84250
20240205,15:24:22,0.65,400,87350
20240205,15:24:28,0.6,100,87350
20240205,15:24:34,0.6,100,87350
20240205,15:24:35,0.6,100,87350
20240205,15:24:46,0.6,150,87350
20240205,15:24:56,0.6,50,87350
20240205,15:24:57,0.6,50,87350
20240205,15:25:00,0.6,500,87350
20240205,15:25:16,0.65,200,87350
20240205,15:25:45,0.55,50,87350
20240205,15:25:46,0.55,100,87350
20240205,15:26:49,0.55,150,87150
20240205,15:28:09,0.65,450,87150
20240205,15:28:26,0.6,150,87150
20240205,15:28:34,0.6,400,87150
20240205,15:28:48,0.6,200,87150
20240205,15:28:52,0.65,250,87150
20240205,15:28:55,0.55,5000,87150
20240205,15:29:21,0.6,200,87150
20240205,15:29:23,0.55,1250,87150
20240205,15:29:25,0.55,1400,87150
20240205,15:29:36,0.6,1000,87150
20240205,15:29:58,0.55,700,87150
20240206,09:15:01,0.55,1,86550
20240206,09:15:01,0.5,350,86550
20240206,09:15:02,0.1,200,86550
20240206,09:15:04,0.75,150,86550
20240206,09:15:04,0.1,150,86550
20240206,09:15:05,0.8,150,86550
20240206,09:15:06,0.7,200,86550
20240206,09:15:08,1.15,2200,86550
20240206,09:15:09,0.7,2250,86550
20240206,09:15:10,0.7,50,86550
20240206,09:15:20,1.4,4700,86550
20240206,09:15:21,1.4,500,86550
20240206,09:15:24,0.85,1400,86550
20240206,09:15:27,0.75,450,86550
20240206,09:15:29,0.85,750,86550
20240206,09:15:30,0.85,150,86550
20240206,09:15:34,0.85,1000,86550
20240206,09:15:36,0.75,5100,86550
20240206,09:15:37,0.75,150,86550
20240206,09:15:40,0.8,1100,86550
20240206,09:15:41,0.8,7500,86550
20240206,09:15:42,0.8,700,86550
20240206,09:15:43,0.7,100,86550
20240206,09:15:46,0.75,200,86550
20240206,09:15:59,0.7,1300,86550
20240206,09:16:08,0.75,1550,86550
20240206,09:16:10,0.65,150,86550
20240206,09:16:11,0.65,50,86550
20240206,09:16:16,0.8,50,86550
20240206,09:16:29,0.75,50,95550
20240206,09:16:41,0.7,50,95550
20240206,09:17:20,0.75,50,95550
20240206,09:17:24,0.65,50,95550
20240206,09:17:30,0.75,50,95550
20240206,09:17:54,0.7,50,95550
20240206,09:17:58,0.7,100,95550
20240206,09:18:00,0.7,50,95550
20240206,09:18:01,0.7,500,95550
20240206,09:18:03,0.7,50,95550
20240206,09:18:04,0.7,400,95550
20240206,09:18:07,0.7,50,95550
20240206,09:18:09,0.7,500,95550
20240206,09:18:09,0.7,50,95550
20240206,09:18:10,0.75,50,95550
20240206,09:18:20,0.7,100,95550
20240206,09:18:25,0.7,1000,95550
20240206,09:18:29,0.75,50,95550
20240206,09:18:32,0.7,350,95550
20240206,09:18:33,0.65,150,95550
20240206,09:18:34,0.6,950,95550
20240206,09:18:35,0.65,400,95550
20240206,09:18:36,0.6,1150,95550
20240206,09:18:37,0.65,450,95550
20240206,09:18:38,0.65,100,95550
20240206,09:18:39,0.7,1550,95550
20240206,09:18:41,0.6,250,95550
20240206,09:18:43,0.65,300,95550
20240206,09:18:44,0.55,450,95550
20240206,09:18:45,0.55,50,95550
20240206,09:18:52,0.6,1050,95550
20240206,09:18:53,0.55,1150,95550
20240206,09:18:55,0.55,450,95550
20240206,09:18:57,0.6,3800,95550
20240206,09:19:20,0.55,50,95550
20240206,09:19:45,0.55,200,95400
20240206,09:20:37,0.7,2100,95400
20240206,09:20:45,0.55,150,95400
20240206,09:20:52,0.55,1000,95400
20240206,09:20:57,0.6,1000,95400
20240206,09:21:09,0.6,1300,95400
20240206,09:21:25,0.55,50,95400
20240206,09:21:31,0.6,5250,95400
20240206,09:21:54,0.6,450,95400
20240206,09:23:03,0.6,250,92700
20240206,09:24:19,0.6,50,92700
20240206,09:25:49,0.6,5000,92500
20240206,09:26:30,0.65,50,92500
20240206,09:27:04,0.65,50,92500
20240206,09:27:39,0.6,50,92500
20240206,09:29:10,0.65,50,89600
20240206,09:30:15,0.6,100,89600
20240206,09:30:19,0.6,50,89600
20240206,09:32:05,0.6,50,89600
20240206,09:32:16,0.6,50,89600
20240206,09:32:51,0.6,50,89600
20240206,09:34:14,0.6,50,89600
20240206,09:34:19,0.6,50,89600
20240206,09:35:42,0.6,50,89600
20240206,09:35:44,0.65,50,89600
20240206,09:35:59,0.65,300,89600
20240206,09:36:50,0.6,50,89600
20240206,09:36:51,0.6,50,89600
20240206,09:38:20,0.6,1700,89300
20240206,09:38:32,0.55,550,89300
20240206,09:39:12,0.55,200,89300
20240206,09:39:23,0.55,500,89300
20240206,09:39:43,0.65,2000,89300
20240206,09:39:45,0.65,50,89300
20240206,09:39:49,0.65,1550,89300
20240206,09:40:02,0.65,400,89300
20240206,09:42:34,0.65,50,89300
20240206,09:43:23,0.6,100,88700
20240206,09:43:46,0.65,50,88750
20240206,09:45:15,0.65,50,88750
20240206,09:45:22,0.6,50,88750
20240206,09:49:50,0.6,50,88750
20240206,09:50:26,0.65,750,88750
20240206,09:51:14,0.65,50,88750
20240206,09:53:28,0.7,50,88750
20240206,09:54:54,0.6,450,89150
20240206,10:01:34,0.7,50,89150
20240206,10:01:57,0.7,50,88700
20240206,10:02:17,0.7,50,88700
20240206,10:02:19,0.65,250,88700
20240206,10:02:44,0.65,700,88700
20240206,10:04:49,0.7,50,88700
20240206,10:05:09,0.7,50,88450
20240206,10:05:19,0.7,50,88450
20240206,10:05:26,0.7,300,88450
20240206,10:06:36,0.7,50,88450
20240206,10:07:09,0.7,400,88450
20240206,10:07:12,0.7,1800,88450
20240206,10:07:13,0.7,1800,88450
20240206,10:07:14,0.7,50,88450
20240206,10:07:14,0.7,1800,88450
20240206,10:07:15,0.7,1800,88450
20240206,10:07:16,0.7,1800,88450
20240206,10:07:34,0.7,100,88450
20240206,10:07:35,0.7,50,88100
20240206,10:07:46,0.7,50,88100
20240206,10:08:21,0.7,1000,88100
20240206,10:08:28,0.65,450,88100
20240206,10:08:50,0.7,50,88100
20240206,10:08:57,0.7,3550,88100
20240206,10:09:07,0.7,550,88100
20240206,10:10:02,0.7,750,88100
20240206,10:10:21,0.75,50,88100
20240206,10:11:01,0.75,100,83500
20240206,10:11:02,0.7,50,83500
20240206,10:11:23,0.75,300,83500
20240206,10:11:24,0.8,6300,83500
20240206,10:11:25,0.8,100,83500
20240206,10:11:26,0.8,850,83500
20240206,10:11:41,0.8,500,83500
20240206,10:11:51,0.7,1500,83500
20240206,10:11:53,0.8,50,83500
20240206,10:12:54,0.75,50,83500
20240206,10:13:22,0.75,400,83500
20240206,10:13:46,0.75,2100,85350
20240206,10:15:22,0.8,50,85350
20240206,10:16:04,0.8,50,85350
20240206,10:16:30,0.75,50,85350
20240206,10:16:54,0.75,50,85700
20240206,10:17:03,0.85,1000,85700
20240206,10:17:16,0.75,250,85700
20240206,10:17:28,0.75,900,85700
20240206,10:17:41,0.75,50,85700
20240206,10:17:53,0.75,450,85700
20240206,10:18:04,0.8,100,85700
20240206,10:18:46,0.75,100,85700
20240206,10:19:12,0.8,50,85700
20240206,10:19:32,0.75,300,85700
20240206,10:21:34,0.75,1100,86050
20240206,10:22:12,0.75,50,86050
20240206,10:22:58,0.7,50,86050
20240206,10:23:02,0.75,50,86000
20240206,10:23:41,0.75,250,86000
20240206,10:25:26,0.75,150,86000
20240206,10:25:29,0.7,1800,86000
20240206,10:25:34,0.7,1800,86000
20240206,10:25:40,0.75,50,83400
20240206,10:26:37,0.75,50,83400
20240206,10:26:51,0.75,50,83400
20240206,10:27:08,0.7,200,83400
20240206,10:27:11,0.7,50,83400
20240206,10:27:59,0.75,50,83400
20240206,10:28:00,0.75,1200,83400
20240206,10:28:45,0.75,900,83400
20240206,10:28:51,0.75,150,82400
20240206,10:29:17,0.75,1000,82400
20240206,10:29:41,0.75,200,82400
20240206,10:29:58,0.8,24650,82400
20240206,10:30:00,0.8,300,82400
20240206,10:30:37,0.8,1350,82400
20240206,10:30:53,0.85,1500,82400
20240206,10:30:56,0.85,500,82400
20240206,10:30:57,0.85,1800,82400
20240206,10:31:00,0.85,100,82400
20240206,10:31:01,0.85,1050,82400
20240206,10:31:02,0.85,2550,82400
20240206,10:31:18,0.85,2800,82400
20240206,10:31:24,0.85,150,82400
20240206,10:31:29,0.8,150,82400
20240206,10:32:10,0.85,300,79450
20240206,10:32:22,0.85,650,79450
20240206,10:32:25,0.85,2200,79450
20240206,10:32:51,0.85,50,79450
20240206,10:33:12,0.9,50,79450
20240206,10:33:56,0.85,150,79450
20240206,10:33:57,0.85,150,79450
20240206,10:33:58,0.85,150,79450
20240206,10:33:59,0.85,150,79450
20240206,10:34:00,0.9,50,79450
20240206,10:34:33,0.85,600,79450
20240206,10:34:36,0.8,750,79450
20240206,10:34:40,0.85,250,78650
20240206,10:34:44,0.85,250,78650
20240206,10:34:45,0.85,50,78650
20240206,10:35:01,0.85,250,78650
20240206,10:35:02,0.8,600,78650
20240206,10:35:05,0.8,2450,78650
20240206,10:35:06,0.8,2450,78650
20240206,10:35:13,0.8,800,78650
20240206,10:35:24,0.8,1000,78650
20240206,10:35:26,0.8,50,78650
20240206,10:35:31,0.75,50,78650
20240206,10:36:32,0.8,50,78650
20240206,10:36:42,0.8,400,78650
20240206,10:37:08,0.8,50,78650
20240206,10:38:46,0.8,1000,73050
20240206,10:38:47,0.8,1000,73050
20240206,10:38:49,0.8,300,73050
20240206,10:38:51,0.8,50,73050
20240206,10:39:02,0.75,750,73050
20240206,10:40:22,0.8,100,73050
20240206,10:40:49,0.8,100,73050
20240206,10:41:52,0.75,100,72900
20240206,10:41:54,0.75,350,72900
20240206,10:42:02,0.75,400,72900
20240206,10:42:18,0.75,1000,72900
20240206,10:44:52,0.8,50,72900
20240206,10:45:30,0.75,50,72450
20240206,10:46:13,0.8,50,72450
20240206,10:46:17,0.75,50,72450
20240206,10:46:39,0.8,100,72450
20240206,10:47:11,0.75,50,72450
20240206,10:47:30,0.8,50,72450
20240206,10:47:31,0.8,50,72450
20240206,10:47:43,0.8,50,72450
20240206,10:48:05,0.8,50,72450
20240206,10:48:12,0.8,50,72450
20240206,10:48:14,0.8,1000,72450
20240206,10:48:24,0.8,400,72450
20240206,10:48:29,0.8,50,72450
20240206,10:48:42,0.8,50,72450
20240206,10:48:43,0.75,50,72450
20240206,10:49:20,0.75,50,72450
20240206,10:49:22,0.75,50,72450
20240206,10:49:37,0.75,50,72450
20240206,10:50:28,0.8,1800,72450
20240206,10:50:55,0.75,1000,72050
20240206,10:51:06,0.75,400,72050
20240206,10:51:15,0.75,50,72050
20240206,10:54:26,0.8,1000,71100
20240206,10:54:33,0.75,1150,71100
20240206,10:54:36,0.8,800,71100
20240206,10:54:47,0.8,100,71100
20240206,10:54:58,0.85,100,71100
20240206,10:55:33,0.85,350,71100
20240206,10:55:44,0.85,50,71100
20240206,10:55:45,0.85,50,68600
20240206,10:55:51,0.85,50,68600
20240206,10:55:55,0.85,50,68600
20240206,10:56:05,0.85,50,68600
20240206,10:56:32,0.8,1100,68600
20240206,10:56:45,0.85,100,68600
20240206,10:57:51,0.9,800,68600
20240206,10:57:56,0.9,1000,68600
20240206,10:58:04,0.95,100,68600
20240206,10:58:06,0.95,100,68600
20240206,10:58:29,0.95,100,68600
20240206,10:58:33,0.9,50,68600
20240206,10:58:40,0.9,50,68600
20240206,10:58:48,0.9,200,69500
20240206,10:59:47,0.9,50,69500
20240206,10:59:50,0.9,1000,69500
20240206,10:59:57,0.9,100,69500
20240206,11:00:06,0.9,50,69500
20240206,11:00:08,0.9,500,69500
20240206,11:00:20,0.9,100,69500
20240206,11:00:23,0.9,600,69500
20240206,11:00:28,0.9,50,69500
20240206,11:00:33,0.95,600,69500
20240206,11:00:39,0.9,1000,69500
20240206,11:01:07,0.95,850,69500
20240206,11:01:40,0.95,100,69500
20240206,11:02:00,0.95,50,69500
20240206,11:02:37,1.0,50,69450
20240206,11:03:18,0.95,300,69450
20240206,11:03:45,0.95,900,69450
20240206,11:03:46,0.95,250,69450
20240206,11:04:25,0.95,150,69450
20240206,11:04:41,1.0,50,69450
20240206,11:04:43,0.95,300,69450
20240206,11:04:47,1.0,450,68950
20240206,11:04:57,0.95,3400,68950
20240206,11:05:03,0.95,50,68950
20240206,11:05:05,0.9,50,68950
20240206,11:05:06,0.95,100,68950
20240206,11:05:21,0.95,500,68950
20240206,11:05:35,0.9,1250,68950
20240206,11:05:36,0.95,50,68950
20240206,11:06:13,0.85,350,68950
20240206,11:06:20,0.85,700,68950
20240206,11:06:33,0.9,1300,68950
20240206,11:06:41,0.95,50,68950
20240206,11:07:22,0.95,50,68950
20240206,11:08:46,0.95,3800,71600
20240206,11:09:04,0.95,2450,71600
20240206,11:09:05,0.95,1250,71600
20240206,11:09:06,0.95,350,71600
20240206,11:09:30,0.95,1950,71600
20240206,11:09:55,0.95,100,71600
20240206,11:10:19,0.95,50,71600
20240206,11:11:00,0.95,100,69000
20240206,11:11:32,0.95,50,69000
20240206,11:11:35,0.9,100,69000
20240206,11:11:36,0.9,1750,69000
20240206,11:11:43,0.85,900,69000
20240206,11:12:20,0.85,50,69000
20240206,11:12:52,0.85,350,69000
20240206,11:13:08,0.85,250,69000
20240206,11:13:43,0.85,50,69000
20240206,11:14:06,0.95,2900,69000
20240206,11:14:07,0.95,50,68700
20240206,11:14:08,0.95,50,68700
20240206,11:14:11,0.95,50,68700
20240206,11:14:18,0.9,800,68700
20240206,11:14:53,0.95,50,68700
20240206,11:14:57,0.9,50,68700
20240206,11:15:01,0.95,350,68700
20240206,11:15:09,0.9,100,68700
20240206,11:15:26,0.95,200,68700
20240206,11:15:27,0.95,200,68700
20240206,11:15:34,0.9,50,68700
20240206,11:15:38,0.9,700,68700
20240206,11:15:57,0.95,1200,68700
20240206,11:16:41,0.95,1100,68700
20240206,11:17:31,1.0,50,68700
20240206,11:17:37,0.95,350,69650
20240206,11:18:43,0.95,1000,69650
20240206,11:18:45,1.0,50,69650
20240206,11:18:51,1.0,50,69650
20240206,11:18:56,0.95,50,69650
20240206,11:19:17,0.95,600,69650
20240206,11:19:21,0.95,50,69650
20240206,11:19:22,0.95,50,69650
20240206,11:19:23,0.95,50,69650
20240206,11:19:32,0.95,50,69650
20240206,11:19:37,0.95,50,69650
20240206,11:19:44,0.95,100,69650
20240206,11:19:53,0.9,250,68050
20240206,11:20:25,0.95,500,68050
20240206,11:21:24,0.95,50,68050
20240206,11:21:56,0.9,900,68050
20240206,11:22:06,0.85,900,68050
20240206,11:22:12,0.85,600,68050
20240206,11:23:09,0.85,100,68550
20240206,11:24:40,0.95,100,68550
20240206,11:26:02,0.95,50,68550
20240206,11:26:12,0.9,1900,68450
20240206,11:26:21,0.9,50,68450
20240206,11:26:22,0.9,50,68450
20240206,11:27:13,0.9,50,68450
20240206,11:28:29,0.9,850,68450
20240206,11:29:12,0.85,50,68450
20240206,11:29:14,0.85,900,66350
20240206,11:29:15,0.85,900,66350
20240206,11:29:16,0.85,100,66350
20240206,11:30:44,0.9,300,66350
20240206,11:30:45,0.95,1800,66350
20240206,11:31:01,0.9,50,66350
20240206,11:31:18,0.9,100,66350
20240206,11:32:25,0.95,2550,63750
20240206,11:32:26,0.95,50,63750
20240206,11:32:27,0.95,50,63750
20240206,11:32:29,0.95,50,63750
20240206,11:32:34,0.95,50,63750
20240206,11:34:28,1.0,2600,63750
20240206,11:34:28,1.0,2300,63750
20240206,11:34:39,1.0,50,63750
20240206,11:34:44,1.0,350,63750
20240206,11:34:56,1.0,50,63750
20240206,11:35:04,1.0,150,58350
20240206,11:35:28,1.0,450,58350
20240206,11:35:28,1.05,250,58350
20240206,11:35:29,1.0,100,58350
20240206,11:35:32,1.05,250,58350
20240206,11:35:37,1.05,250,58350
20240206,11:36:12,1.0,150,58350
20240206,11:36:22,1.0,150,58350
20240206,11:36:42,1.0,50,58350
20240206,11:36:49,1.0,350,58350
20240206,11:37:02,1.0,200,58350
20240206,11:37:44,1.05,1800,58350
20240206,11:39:42,1.0,200,59150
20240206,11:39:52,1.0,100,59150
20240206,11:39:53,1.0,100,59150
20240206,11:40:17,1.05,450,59150
20240206,11:40:51,1.0,450,57750
20240206,11:41:21,1.0,50,57750
20240206,11:42:15,1.0,250,57750
20240206,11:43:18,0.95,250,57750
20240206,11:43:19,0.95,100,57750
20240206,11:43:25,0.95,50,57750
20240206,11:43:55,0.95,50,57500
20240206,11:44:16,0.95,350,57500
20240206,11:44:21,0.95,550,57500
20240206,11:44:37,0.95,200,57500
20240206,11:45:05,0.95,50,57500
20240206,11:45:22,0.95,400,57500
20240206,11:45:25,0.95,50,57500
20240206,11:46:15,0.95,2000,57500
20240206,11:46:19,0.95,50,57500
20240206,11:46:25,0.95,1200,57500
20240206,11:47:30,1.0,50,56400
20240206,11:48:15,0.95,500,56400
20240206,11:49:20,0.95,500,56400
20240206,11:49:28,0.95,50,56400
20240206,11:49:30,0.95,50,56400
20240206,11:49:32,0.9,200,56400
20240206,11:50:07,0.9,50,56400
20240206,11:52:57,0.95,50,55550
20240206,11:53:21,0.95,700,55500
20240206,11:54:16,0.95,850,55500
20240206,11:54:40,0.9,50,55500
20240206,11:55:52,0.95,100,56200
20240206,11:56:29,0.95,50,56200
20240206,11:56:58,1.0,50,56200
20240206,11:57:20,1.0,50,56200
20240206,11:58:38,1.0,1750,56200
20240206,11:58:40,1.05,50,56200
20240206,11:58:41,1.0,50,56200
20240206,11:58:42,1.0,2100,56200
20240206,11:58:48,1.0,50,56200
20240206,12:00:19,1.05,50,54950
20240206,12:00:24,1.0,50,54950
20240206,12:00:31,1.05,100,54950
20240206,12:00:35,1.05,100,54950
20240206,12:00:41,1.05,150,54950
20240206,12:00:42,1.05,150,54950
20240206,12:00:48,1.05,50,54950
20240206,12:01:35,1.1,50,54950
20240206,12:01:36,1.05,50,54950
20240206,12:01:44,1.1,400,54950
20240206,12:02:00,1.05,50,55050
20240206,12:02:05,1.05,250,55050
20240206,12:02:42,1.05,350,55050
20240206,12:02:49,1.1,1800,55050
20240206,12:02:59,1.05,300,55050
20240206,12:03:00,1.05,50,55050
20240206,12:03:08,1.05,250,55050
20240206,12:03:21,1.05,50,55050
20240206,12:05:42,1.1,150,55350
20240206,12:05:59,1.05,50,55350
20240206,12:06:04,1.05,1000,55350
20240206,12:06:50,1.05,100,55350
20240206,12:07:34,1.05,50,55350
20240206,12:07:50,1.1,50,55350
20240206,12:07:51,1.1,50,55350
20240206,12:08:01,1.05,50,55350
20240206,12:08:12,1.05,50,54750
20240206,12:08:40,1.05,50,54750
20240206,12:09:03,1.1,1800,54750
20240206,12:09:05,1.1,1800,54750
20240206,12:09:17,1.1,1800,54750
20240206,12:09:18,1.1,2300,54750
20240206,12:09:19,1.1,50,54750
20240206,12:10:47,1.05,200,54750
20240206,12:11:12,1.05,50,52750
20240206,12:11:42,1.1,1400,52750
20240206,12:11:46,1.15,50,52750
20240206,12:11:59,1.15,1800,52750
20240206,12:12:19,1.1,100,52750
20240206,12:12:27,1.1,100,52750
20240206,12:12:41,1.15,750,52750
20240206,12:13:06,1.1,1900,52750
20240206,12:13:08,1.15,2450,52750
20240206,12:13:09,1.15,250,52750
20240206,12:13:10,1.1,2800,52750
20240206,12:14:33,1.1,350,56200
20240206,12:14:38,1.1,250,56200
20240206,12:15:09,1.1,1800,56200
20240206,12:15:32,1.15,50,56200
20240206,12:15:54,1.1,50,56200
20240206,12:15:58,1.1,50,56200
20240206,12:16:22,1.1,350,56200
20240206,12:16:24,1.05,2850,56200
20240206,12:16:42,1.05,500,56200
20240206,12:16:50,1.1,50,56200
20240206,12:17:02,1.05,1000,54650
20240206,12:17:14,1.1,200,54650
20240206,12:17:24,1.05,450,54650
20240206,12:17:26,1.05,3200,54650
20240206,12:18:31,1.05,100,54650
20240206,12:19:47,1.05,50,54650
20240206,12:20:16,1.0,150,54700
20240206,12:20:30,1.0,150,54700
20240206,12:20:40,1.0,450,54700
20240206,12:20:43,1.0,2550,54700
20240206,12:20:44,0.95,50,54700
20240206,12:21:05,1.0,50,54700
20240206,12:21:36,1.0,1650,54700
20240206,12:21:54,1.0,100,54700
20240206,12:22:13,1.0,50,54700
20240206,12:22:36,1.0,500,54700
20240206,12:23:43,1.0,200,54100
20240206,12:24:13,1.0,50,54100
20240206,12:24:18,1.0,50,54100
20240206,12:24:29,1.0,100,54100
20240206,12:24:38,1.0,250,54100
20240206,12:24:43,0.95,700,54100
20240206,12:26:16,0.95,1300,53250
20240206,12:26:19,0.95,50,53250
20240206,12:26:40,0.95,150,53250
20240206,12:27:49,0.95,50,53250
20240206,12:31:33,0.95,50,53250
20240206,12:33:45,1.0,250,53200
20240206,12:34:05,1.0,50,53200
20240206,12:37:07,1.0,700,53200
20240206,12:37:32,1.0,2500,53250
20240206,12:37:33,1.0,4450,53250
20240206,12:38:13,1.0,50,53250
20240206,12:38:18,0.95,50,57400
20240206,12:42:00,0.95,200,57400
20240206,12:42:15,0.95,100,57400
20240206,12:42:59,0.95,200,57400
20240206,12:43:19,0.95,50,57400
20240206,12:43:22,0.95,200,57400
20240206,12:43:25,0.95,150,57400
20240206,12:44:02,0.95,50,57400
20240206,12:44:06,0.9,1050,57000
20240206,12:44:10,1.0,2500,57000
20240206,12:44:58,0.9,2100,57000
20240206,12:44:59,0.9,100,57000
20240206,12:45:03,0.9,500,57000
20240206,12:45:04,0.9,700,57000
20240206,12:45:07,0.85,1800,57000
20240206,12:45:25,0.85,50,57000
20240206,12:45:26,0.85,50,57000
20240206,12:45:42,0.9,250,57000
20240206,12:46:47,0.9,50,57000
20240206,12:47:03,0.9,50,57100
20240206,12:47:15,0.9,50,57100
20240206,12:47:48,0.9,250,57100
20240206,12:47:52,0.9,200,57100
20240206,12:48:18,0.9,150,57100
20240206,12:52:28,0.95,50,57100
20240206,12:53:04,0.9,50,57000
20240206,12:54:19,0.9,350,57000
20240206,12:55:13,0.9,350,57000
20240206,12:57:32,0.95,50,56700
20240206,13:00:22,0.9,350,56700
20240206,13:00:41,0.9,50,56750
20240206,13:01:26,0.9,1000,56750
20240206,13:02:07,0.85,150,56750
20240206,13:02:09,0.85,200,56950
20240206,13:03:04,0.85,200,56950
20240206,13:03:05,0.85,50,56950
20240206,13:03:06,0.85,100,56950
20240206,13:03:21,0.85,1150,56950
20240206,13:03:45,0.85,100,56950
20240206,13:04:05,0.85,50,56950
20240206,13:04:33,0.85,50,56950
20240206,13:04:37,0.85,250,56950
20240206,13:05:07,0.85,50,56000
20240206,13:05:10,0.8,3100,56000
20240206,13:05:11,0.8,650,56000
20240206,13:05:13,0.8,650,56000
20240206,13:05:26,0.85,50,56000
20240206,13:05:45,0.75,50,56000
20240206,13:06:01,0.85,50,56000
20240206,13:06:12,0.75,750,56000
20240206,13:07:05,0.75,50,56000
20240206,13:07:08,0.85,50,56000
20240206,13:07:39,0.85,50,56000
20240206,13:09:02,0.8,750,57950
20240206,13:10:23,0.75,150,57950
20240206,13:10:44,0.85,50,57950
20240206,13:11:28,0.85,50,57950
20240206,13:11:48,0.8,50,57550
20240206,13:12:55,0.85,50,57550
20240206,13:13:37,0.8,50,57550
20240206,13:15:58,0.85,300,57500
20240206,13:19:44,0.85,500,57300
20240206,13:21:10,0.8,350,57300
20240206,13:21:35,0.85,100,57300
20240206,13:23:15,0.8,50,57050
20240206,13:23:24,0.8,50,57050
20240206,13:25:15,0.85,200,57050
20240206,13:25:49,0.75,50,57050
20240206,13:26:08,0.85,600,57050
20240206,13:26:31,0.8,100,56950
20240206,13:26:33,0.9,50,56950
20240206,13:27:04,0.8,50,56950
20240206,13:28:02,0.85,1700,56950
20240206,13:28:03,0.85,200,56950
20240206,13:28:29,0.8,50,56950
20240206,13:30:15,0.85,600,58050
20240206,13:30:15,0.85,400,58050
20240206,13:30:19,0.85,1100,58050
20240206,13:31:16,0.9,200,58050
20240206,13:32:07,0.8,500,57750
20240206,13:33:09,0.8,50,57750
20240206,13:33:45,0.9,50,57750
20240206,13:34:43,0.8,200,57750
20240206,13:39:42,0.8,50,57250
20240206,13:39:51,0.8,200,57250
20240206,13:41:36,0.75,350,57250
20240206,13:41:55,0.8,1800,57000
20240206,13:42:59,0.8,100,57000
20240206,13:43:11,0.75,50,57000
20240206,13:43:17,0.8,50,57000
20240206,13:44:00,0.8,150,57000
20240206,13:44:15,0.8,200,56850
20240206,13:44:17,0.75,50,56850
20240206,13:45:37,0.8,250,56850
20240206,13:45:39,0.8,3850,56850
20240206,13:45:41,0.8,50,56850
20240206,13:45:44,0.8,50,56850
20240206,13:46:13,0.75,500,56850
20240206,13:46:34,0.8,150,56850
20240206,13:46:37,0.75,100,56850
20240206,13:46:56,0.75,450,56850
20240206,13:46:58,0.75,1900,56850
20240206,13:47:14,0.75,200,56850
20240206,13:47:27,0.75,50,57150
20240206,13:49:13,0.75,50,57150
20240206,13:49:17,0.7,1800,57150
20240206,13:49:18,0.7,50,57150
20240206,13:49:19,0.7,1150,57150
20240206,13:49:27,0.7,2050,57150
20240206,13:49:30,0.7,1900,57150
20240206,13:49:44,0.7,2000,57150
20240206,13:50:17,0.75,50,57150
20240206,13:51:23,0.7,3200,57200
20240206,13:52:04,0.7,300,57200
20240206,13:52:20,0.75,1000,57200
20240206,13:52:56,0.75,2600,57200
20240206,13:53:23,0.75,100,56700
20240206,13:53:37,0.8,150,56700
20240206,13:54:08,0.75,50,56700
20240206,13:54:13,0.8,1050,56700
20240206,13:54:34,0.8,350,56700
20240206,13:54:34,0.8,300,56700
20240206,13:54:38,0.8,50,56700
20240206,13:54:52,0.85,3400,56700
20240206,13:55:02,0.85,150,56700
20240206,13:55:08,0.85,3200,56700
20240206,13:55:11,0.85,2800,56700
20240206,13:55:12,0.85,700,56700
20240206,13:55:40,0.85,1950,56700
20240206,13:55:48,0.85,700,56700
20240206,13:55:57,0.85,800,56700
20240206,13:56:04,0.85,2500,56700
20240206,13:56:08,0.85,300,56700
20240206,13:58:24,0.8,150,56700
20240206,13:58:25,0.8,150,54850
20240206,13:58:34,0.8,50,54850
20240206,13:58:35,0.8,50,54850
20240206,13:59:03,0.8,2400,54850
20240206,13:59:32,0.8,50,54850
20240206,14:01:20,0.85,100,54850
20240206,14:02:02,0.8,100,54850
20240206,14:04:33,0.85,2100,54850
20240206,14:04:41,0.9,100,54850
20240206,14:06:54,0.9,100,54950
20240206,14:06:55,0.9,100,54950
20240206,14:07:07,0.85,50,54950
20240206,14:07:10,0.85,50,54950
20240206,14:07:12,0.85,50,54950
20240206,14:07:31,0.85,50,54950
20240206,14:07:43,0.9,50,54950
20240206,14:07:49,0.9,50,54950
20240206,14:09:30,0.85,50,54900
20240206,14:09:54,0.85,50,54900
20240206,14:09:56,0.85,50,54900
20240206,14:09:57,0.85,50,54900
20240206,14:09:58,0.85,50,54900
20240206,14:09:59,0.85,50,54900
20240206,14:10:00,0.85,50,54900
20240206,14:10:01,0.85,50,54900
20240206,14:10:02,0.85,50,54900
20240206,14:10:03,0.85,50,54900
20240206,14:10:04,0.85,50,54900
20240206,14:11:06,0.9,50,54900
20240206,14:11:32,0.9,50,54850
20240206,14:12:11,0.9,1500,54850
20240206,14:12:48,0.85,50,54850
20240206,14:13:55,0.95,50,54850
20240206,14:13:58,0.95,500,54850
20240206,14:14:00,0.95,200,54850
20240206,14:14:02,0.9,200,54850
20240206,14:15:13,0.95,1600,53100
20240206,14:15:41,0.95,100,53100
20240206,14:16:12,0.95,100,53100
20240206,14:17:15,0.95,200,53100
20240206,14:18:04,1.0,300,53100
20240206,14:18:09,1.0,2650,53100
20240206,14:18:19,1.05,350,53100
20240206,14:19:09,1.0,900,53100
20240206,14:19:16,1.0,50,53100
20240206,14:19:20,0.95,50,53100
20240206,14:19:57,0.95,50,53100
20240206,14:21:50,1.0,100,53400
20240206,14:23:58,1.0,50,53400
20240206,14:26:10,0.95,250,53400
20240206,14:27:32,1.0,50,53300
20240206,14:27:41,1.0,50,53300
20240206,14:28:38,0.95,50,53300
20240206,14:29:15,1.0,1500,53300
20240206,14:29:17,1.0,50,53250
20240206,14:29:21,1.05,50,53250
20240206,14:29:30,1.0,100,53250
20240206,14:29:44,1.0,50,53250
20240206,14:30:13,1.0,250,53250
20240206,14:31:24,1.05,50,53250
20240206,14:31:46,1.0,50,53250
20240206,14:32:58,1.0,1800,53250
20240206,14:33:02,1.0,200,53250
20240206,14:33:04,1.0,200,53250
20240206,14:33:06,1.0,200,53250
20240206,14:33:07,1.0,400,53250
20240206,14:33:08,1.0,200,53250
20240206,14:33:10,1.0,200,53250
20240206,14:33:11,1.0,200,53250
20240206,14:33:12,1.0,350,53250
20240206,14:33:54,1.05,100,53250
20240206,14:34:30,1.0,100,53250
20240206,14:34:47,1.0,50,53250
20240206,14:34:48,1.0,150,53250
20240206,14:34:49,1.0,150,53250
20240206,14:34:50,1.0,50,53250
20240206,14:34:51,1.0,50,53250
20240206,14:34:52,1.0,150,53250
20240206,14:35:48,1.0,500,53250
20240206,14:35:54,1.0,500,55550
20240206,14:35:56,1.0,100,55550
20240206,14:36:32,1.0,100,55550
20240206,14:36:44,1.05,50,55550
20240206,14:36:58,1.0,50,55550
20240206,14:37:04,1.0,50,55550
20240206,14:37:22,1.0,50,55550
20240206,14:37:30,1.0,100,55550
20240206,14:37:43,1.0,50,55550
20240206,14:38:47,1.0,50,55400
20240206,14:39:18,1.05,1800,55400
20240206,14:39:18,1.05,350,55400
20240206,14:39:19,1.05,1800,55400
20240206,14:39:31,1.05,500,55400
20240206,14:39:38,1.05,1700,55400
20240206,14:39:41,1.05,250,55400
20240206,14:39:55,1.1,1800,55400
20240206,14:40:06,1.1,1000,55400
20240206,14:40:09,1.05,100,55400
20240206,14:40:13,1.05,50,55400
20240206,14:41:01,1.05,50,55400
20240206,14:41:30,1.1,50,53450
20240206,14:42:14,1.1,1800,53450
20240206,14:42:33,1.1,200,53450
20240206,14:42:34,1.1,1100,53450
20240206,14:42:39,1.05,100,53450
20240206,14:42:54,1.1,700,53450
20240206,14:43:12,1.1,700,53450
20240206,14:44:30,1.1,1000,49150
20240206,14:44:38,1.15,250,49150
20240206,14:44:44,1.15,900,49150
20240206,14:45:19,1.1,250,49150
20240206,14:45:50,1.1,1500,49150
20240206,14:45:51,1.1,100,49150
20240206,14:45:53,1.1,100,49150
20240206,14:47:37,1.1,200,48850
20240206,14:47:54,1.1,1000,48850
20240206,14:49:56,1.05,100,48850
20240206,14:50:33,1.05,100,49850
20240206,14:50:51,1.05,50,49850
20240206,14:51:47,1.05,200,49850
20240206,14:51:53,1.05,100,49850
20240206,14:52:03,1.05,1500,49850
20240206,14:52:06,1.05,750,49850
20240206,14:52:08,1.05,200,49850
20240206,14:52:13,1.05,50,49850
20240206,14:52:16,1.05,250,49850
20240206,14:52:39,1.05,50,49850
20240206,14:53:39,1.05,1700,52550
20240206,14:53:40,1.05,200,52550
20240206,14:53:42,1.05,50,52550
20240206,14:54:04,1.0,50,52550
20240206,14:54:27,1.0,50,52550
20240206,14:54:33,1.05,150,52550
20240206,14:54:34,1.0,200,52550
20240206,14:54:43,1.05,300,52550
20240206,14:55:02,1.0,2500,52550
20240206,14:55:15,1.05,200,52550
20240206,14:55:46,1.05,200,52550
20240206,14:55:53,1.05,100,52550
20240206,14:56:23,1.05,50,52550
20240206,14:56:41,1.05,100,50150
20240206,14:56:58,1.0,100,50150
20240206,14:58:32,1.05,50,50150
20240206,14:58:38,1.0,50,50150
20240206,14:58:42,1.05,50,50150
20240206,14:58:44,1.05,50,50150
20240206,14:58:56,1.05,50,50150
20240206,14:59:43,1.05,100,50250
20240206,15:00:06,1.05,250,50250
20240206,15:00:31,1.05,250,50250
20240206,15:00:33,1.05,50,50250
20240206,15:01:14,1.0,1000,50250
20240206,15:02:33,1.0,50,50250
20240206,15:02:56,1.0,100,50100
20240206,15:03:06,1.05,100,50100
20240206,15:03:11,1.05,50,50100
20240206,15:03:13,1.05,50,50100
20240206,15:03:35,1.05,250,50100
20240206,15:03:44,1.05,1550,50100
20240206,15:03:57,1.05,100,50100
20240206,15:04:00,1.0,50,50100
20240206,15:04:26,1.0,50,50100
20240206,15:04:49,1.05,850,50100
20240206,15:04:50,1.05,50,50100
20240206,15:04:51,1.05,300,50100
20240206,15:04:57,1.0,50,50100
20240206,15:05:42,1.05,250,50100
20240206,15:05:46,1.05,3550,48800
20240206,15:05:50,1.1,250,48800
20240206,15:05:55,1.1,600,48800
20240206,15:05:56,1.1,250,48800
20240206,15:05:58,1.1,450,48800
20240206,15:05:59,1.1,900,48800
20240206,15:06:04,1.05,50,48800
20240206,15:06:09,1.1,450,48800
20240206,15:06:11,1.1,50,48800
20240206,15:06:33,1.1,100,48800
20240206,15:06:36,1.1,1800,48800
20240206,15:06:42,1.1,50,48800
20240206,15:06:52,1.1,50,48800
20240206,15:07:35,1.1,50,48800
20240206,15:07:50,1.1,500,48800
20240206,15:08:38,1.1,500,46400
20240206,15:08:58,1.1,500,46400
20240206,15:09:03,1.1,100,46400
20240206,15:09:58,1.1,50,46400
20240206,15:10:03,1.15,50,46400
20240206,15:10:04,1.15,4250,46400
20240206,15:10:16,1.15,50,46400
20240206,15:10:18,1.15,100,46400
20240206,15:10:23,1.15,50,46400
20240206,15:10:38,1.15,100,46400
20240206,15:10:40,1.15,50,46400
20240206,15:10:43,1.1,50,46400
20240206,15:10:44,1.15,50,46400
20240206,15:10:46,1.1,100,46400
20240206,15:11:00,1.1,150,46400
20240206,15:11:06,1.15,100,46400
20240206,15:11:07,1.15,900,46400
20240206,15:11:34,1.15,50,50400
20240206,15:11:36,1.1,1800,50400
20240206,15:11:47,1.15,250,50400
20240206,15:12:42,1.1,50,50400
20240206,15:12:52,1.15,250,50400
20240206,15:13:02,1.15,850,50400
20240206,15:13:04,1.2,1350,50400
20240206,15:13:39,1.15,50,50400
20240206,15:13:55,1.15,400,50400
20240206,15:14:05,1.1,100,50400
20240206,15:14:40,1.15,450,49800
20240206,15:15:09,1.15,50,49800
20240206,15:15:23,1.1,200,49800
20240206,15:15:27,1.1,200,49800
20240206,15:15:45,1.1,50,49800
