date,time,tick_price,volume,open_interest
20240129,13:00:15,28.6,350,1100
20240129,13:00:26,28.6,100,1100
20240129,13:01:00,28.7,500,1100
20240129,13:02:30,28.7,150,1100
20240129,13:08:09,28.05,150,1100
20240129,13:53:51,28.05,50,1250
20240129,14:14:03,29.5,50,1300
20240130,15:09:19,16.65,1,1350
20240130,15:09:19,16.65,300,1350
20240130,15:11:01,23.0,300,1350
20240130,15:11:42,23.0,100,1350
20240130,15:12:12,23.0,100,1350
20240130,15:14:00,23.0,100,1450
20240130,15:27:15,24.2,200,1450
20240131,09:18:06,19.35,1,1650
20240131,09:18:06,19.35,200,1650
20240131,13:04:39,22.8,350,1450
20240131,14:05:03,28.0,250,1550
20240131,14:05:11,28.0,200,1550
20240131,14:05:19,28.4,400,1550
20240131,14:06:27,28.5,50,1550
20240131,14:14:03,29.95,50,1550
20240131,14:14:51,29.95,50,1550
20240131,14:57:59,31.65,50,1550
20240131,14:58:24,31.65,50,1550
20240131,15:08:53,30.6,50,1600
20240131,15:09:02,30.7,250,1600
20240131,15:09:12,30.2,200,1600
20240131,15:16:07,31.6,50,2100
20240131,15:17:34,32.5,850,2100
20240131,15:17:43,32.65,200,2100
20240131,15:17:51,32.7,200,2100
20240131,15:20:01,32.8,50,2950
20240201,09:50:01,32.65,1,3000
20240201,09:50:01,32.65,50,3000
20240201,10:15:20,32.65,100,3000
20240201,10:15:39,32.65,200,3000
20240201,10:16:06,32.45,200,3000
20240201,10:54:24,32.45,100,3100
20240201,10:56:13,38.0,50,3100
20240201,10:57:26,34.1,50,3100
20240201,11:06:12,37.9,50,3150
20240201,11:07:08,34.05,100,3150
20240201,11:16:06,34.05,50,3250
20240201,11:16:23,33.85,50,3250
20240201,11:17:14,27.75,200,3250
20240201,11:17:59,27.75,200,3350
20240201,11:42:15,30.9,100,3150
20240201,12:01:13,26.55,200,3250
20240201,12:01:58,25.0,150,3250
20240201,12:12:46,25.0,50,3600
20240201,12:37:28,18.6,50,3600
20240201,12:37:47,18.5,50,3600
20240201,12:37:57,18.25,50,3600
20240201,12:38:06,18.25,50,3600
20240201,12:40:10,18.2,100,3600
20240201,12:40:47,16.85,50,3600
20240201,12:41:41,16.85,50,3600
20240201,12:42:07,17.3,300,3650
20240201,12:42:16,17.2,150,3650
20240201,12:42:25,17.15,150,3650
20240201,12:42:34,17.15,50,3650
20240201,12:42:43,16.95,200,3650
20240201,12:44:10,16.8,50,3650
20240201,12:44:27,16.8,50,3650
20240201,12:45:40,16.8,150,4050
20240201,12:47:30,17.7,50,4050
20240201,12:47:50,19.25,50,4050
20240201,12:48:12,18.95,50,4250
20240201,12:54:18,19.7,250,4200
20240201,12:54:29,19.7,250,4200
20240201,12:55:54,19.7,300,4200
20240201,13:06:41,16.85,50,3650
20240201,13:07:59,16.85,100,3650
20240201,13:10:07,14.25,150,3800
20240201,13:10:33,14.25,50,3800
20240201,14:13:26,13.95,250,3950
20240201,14:16:09,12.55,50,3950
20240201,14:16:17,12.5,100,3950
20240201,14:16:26,12.5,400,3950
20240201,14:17:23,10.7,100,3950
20240201,14:18:12,10.7,100,3950
20240201,14:19:54,12.85,50,3400
20240201,14:26:14,12.75,50,3400
20240201,14:41:03,12.1,200,3400
20240201,14:41:34,12.05,50,3400
20240201,14:59:34,12.0,50,3350
20240201,15:02:16,11.75,150,3350
20240201,15:02:59,11.75,400,3350
20240201,15:09:50,11.45,100,3700
20240201,15:17:05,11.05,50,3800
20240201,15:22:34,8.85,100,3800
20240201,15:26:15,8.85,50,3800
20240201,15:29:38,10.9,50,3850
20240202,09:18:11,12.0,1,3900
20240202,09:18:11,11.3,400,3900
20240202,09:18:35,16.0,100,3900
20240202,09:18:57,16.65,100,3900
20240202,09:19:43,17.05,1350,3900
20240202,09:19:54,17.3,2100,3900
20240202,09:20:06,17.85,1100,3900
20240202,09:21:13,19.2,800,3800
20240202,09:21:36,19.25,200,3800
20240202,09:21:57,18.75,350,3800
20240202,09:22:19,18.6,350,3800
20240202,09:23:01,17.75,100,3800
20240202,09:23:16,17.5,50,3800
20240202,09:23:25,17.55,50,5200
20240202,09:23:26,17.5,50,5200
20240202,09:23:30,17.5,200,5200
20240202,09:24:15,17.65,50,5200
20240202,09:25:52,18.65,100,5200
20240202,09:26:03,18.15,300,5200
20240202,09:26:24,17.6,50,5400
20240202,09:26:35,18.05,700,5400
20240202,09:27:08,17.25,1900,5400
20240202,09:27:18,17.5,100,5400
20240202,09:29:02,17.0,50,5400
20240202,09:29:12,17.0,50,5400
20240202,09:29:22,17.45,50,7800
20240202,09:30:14,17.0,500,7800
20240202,09:30:56,16.95,50,7800
20240202,09:31:06,16.7,900,7800
20240202,09:31:17,16.95,50,7800
20240202,09:31:37,16.95,50,7800
20240202,09:32:09,16.95,350,7800
20240202,09:32:18,17.1,100,8150
20240202,09:33:10,17.4,100,8150
20240202,09:33:20,17.45,150,8150
20240202,09:34:03,17.8,50,8150
20240202,09:34:14,17.85,50,8150
20240202,09:34:24,18.2,150,8150
20240202,09:34:35,18.1,200,8150
20240202,09:34:45,18.2,100,8150
20240202,09:35:03,17.7,300,8150
20240202,09:35:25,18.1,200,8300
20240202,09:35:30,18.1,100,8300
20240202,09:36:34,17.65,100,8300
20240202,09:36:57,16.7,500,8300
20240202,09:36:59,16.7,50,8300
20240202,09:37:09,16.9,50,8300
20240202,09:37:20,16.5,100,8300
20240202,09:39:11,17.0,100,8300
20240202,09:39:42,16.5,50,8300
20240202,09:40:54,16.55,50,8300
20240202,09:42:15,16.1,50,8400
20240202,09:43:04,16.35,50,8400
20240202,09:43:24,16.7,150,8400
20240202,09:43:34,16.3,100,8400
20240202,09:43:53,16.35,50,8400
20240202,09:44:32,16.4,50,8650
20240202,09:45:40,16.4,50,8650
20240202,09:46:39,16.05,50,8650
20240202,09:47:00,15.45,50,8650
20240202,09:47:39,15.55,200,8750
20240202,09:48:19,15.35,100,8750
20240202,09:49:17,15.6,100,8750
20240202,09:49:37,15.2,500,8750
20240202,09:49:57,15.55,100,8750
20240202,09:50:07,15.5,500,8750
20240202,09:50:47,15.95,50,8000
20240202,09:54:22,16.55,50,8000
20240202,09:59:01,16.35,2900,8050
20240202,09:59:11,16.3,400,8050
20240202,09:59:40,16.15,50,10000
20240202,09:59:50,16.35,50,10000
20240202,09:59:59,16.4,50,10000
20240202,10:00:19,16.7,50,10000
20240202,10:02:51,16.85,50,10050
20240202,10:03:52,16.7,50,10050
20240202,10:04:02,16.7,50,10050
20240202,10:04:23,16.55,50,10050
20240202,10:04:33,16.5,50,10050
20240202,10:05:02,16.6,150,10050
20240202,10:05:12,16.75,50,10050
20240202,10:05:22,16.6,50,10050
20240202,10:05:32,16.55,150,10300
20240202,10:05:42,16.55,50,10300
20240202,10:05:53,16.9,50,10300
20240202,10:06:04,17.0,100,10300
20240202,10:06:25,16.65,50,10300
20240202,10:06:57,16.25,500,10300
20240202,10:07:10,16.3,100,10300
20240202,10:08:04,16.6,100,10300
20240202,10:08:59,16.55,600,11000
20240202,10:10:15,17.0,50,11000
20240202,10:10:49,16.8,100,11000
20240202,10:13:02,16.95,100,11700
20240202,10:13:07,16.9,300,11700
20240202,10:16:14,16.35,50,12050
20240202,10:19:45,15.85,100,12050
20240202,10:19:50,15.8,350,12050
20240202,10:20:35,15.75,100,12150
20240202,10:20:59,15.55,300,12150
20240202,10:21:41,15.5,100,12150
20240202,10:21:49,15.6,50,12150
20240202,10:22:55,15.4,50,12150
20240202,10:24:31,15.65,500,12400
20240202,10:24:39,15.6,50,12400
20240202,10:25:03,15.6,300,12400
20240202,10:26:49,15.8,100,13200
20240202,10:29:42,15.75,50,13300
20240202,10:29:43,15.75,50,13300
20240202,10:30:11,15.8,50,13300
20240202,10:30:19,15.85,50,13300
20240202,10:33:16,15.65,50,13500
20240202,10:35:42,15.15,50,13550
20240202,10:37:17,15.15,1000,13550
20240202,10:44:39,14.35,150,14550
20240202,10:45:37,14.75,50,14550
20240202,10:47:06,14.45,50,14550
20240202,10:48:41,14.9,50,14400
20240202,10:53:44,14.6,450,14400
20240202,10:54:43,14.95,800,14400
20240202,10:55:12,14.9,50,14400
20240202,10:55:42,15.0,450,14400
20240202,10:56:22,15.0,1000,14400
20240202,10:56:44,14.9,50,15600
20240202,10:58:32,15.45,100,15600
20240202,10:58:43,15.5,100,15600
20240202,10:59:31,15.6,50,15700
20240202,10:59:37,15.65,50,15700
20240202,10:59:55,15.55,50,15700
20240202,11:00:47,15.7,50,15700
20240202,11:01:01,15.5,100,15700
20240202,11:01:21,15.45,1650,15700
20240202,11:01:34,15.5,50,15700
20240202,11:01:40,15.35,350,15700
20240202,11:02:00,15.35,200,15700
20240202,11:05:20,16.1,50,16850
20240202,11:07:16,15.0,1850,16850
20240202,11:07:22,15.15,200,16850
20240202,11:08:08,15.25,50,16850
20240202,11:08:24,15.55,50,16850
20240202,11:08:51,15.45,50,17550
20240202,11:11:47,15.75,150,17550
20240202,11:11:56,15.85,150,17550
20240202,11:12:14,15.85,1600,17550
20240202,11:13:41,16.15,100,17550
20240202,11:13:51,16.75,100,17550
20240202,11:14:01,17.45,50,17550
20240202,11:14:32,17.55,300,19150
20240202,11:14:53,17.8,150,19150
20240202,11:15:03,17.95,200,19150
20240202,11:15:56,18.8,100,19150
20240202,11:16:07,19.1,50,19150
20240202,11:16:28,20.2,150,19150
20240202,11:16:40,20.35,350,19150
20240202,11:16:51,20.8,50,19150
20240202,11:17:03,20.8,50,19150
20240202,11:17:08,20.8,200,19150
20240202,11:17:38,21.05,100,19150
20240202,11:17:45,21.05,150,19250
20240202,11:18:00,20.95,200,19250
20240202,11:18:09,21.3,50,19250
20240202,11:19:51,21.3,50,19250
20240202,11:20:02,20.7,200,19250
20240202,11:20:13,20.45,1050,19250
20240202,11:20:35,20.85,250,20100
20240202,11:20:46,20.8,650,20100
20240202,11:21:19,20.6,500,20100
20240202,11:21:29,20.85,100,20100
20240202,11:22:11,20.65,100,20100
20240202,11:22:44,22.05,550,20100
20240202,11:23:17,22.0,50,20100
20240202,11:23:38,21.95,50,21150
20240202,11:23:49,22.15,50,21150
20240202,11:23:59,22.15,50,21150
20240202,11:24:03,22.0,50,21150
20240202,11:24:24,21.65,200,21150
20240202,11:24:32,21.75,1800,21150
20240202,11:24:40,21.8,800,21150
20240202,11:25:14,22.25,50,21150
20240202,11:25:25,22.8,200,21150
20240202,11:26:09,22.8,200,21150
20240202,11:26:29,22.2,50,21150
20240202,11:26:48,22.35,50,18800
20240202,11:27:44,21.9,50,18800
20240202,11:28:14,22.35,100,18800
20240202,11:28:24,22.2,100,18800
20240202,11:29:10,22.5,50,18800
20240202,11:29:12,22.9,250,18800
20240202,11:29:17,22.9,50,18800
20240202,11:29:18,23.05,100,18800
20240202,11:29:25,23.05,1600,18800
20240202,11:29:36,22.9,350,18800
20240202,11:29:44,23.1,100,17100
20240202,11:30:08,23.0,700,17100
20240202,11:30:18,23.3,200,17100
20240202,11:30:55,24.3,100,17100
20240202,11:31:06,24.55,400,17100
20240202,11:31:08,24.7,150,17100
20240202,11:31:15,24.75,100,17100
20240202,11:31:26,24.75,50,17100
20240202,11:31:28,25.1,50,17100
20240202,11:31:54,25.85,300,17100
20240202,11:31:56,25.85,50,17100
20240202,11:32:06,26.05,100,17100
20240202,11:32:18,26.2,100,17100
20240202,11:32:34,26.2,400,16850
20240202,11:32:44,25.75,50,16850
20240202,11:32:47,25.8,50,16850
20240202,11:32:57,25.8,50,16850
20240202,11:33:02,26.0,550,16850
20240202,11:33:32,26.1,350,16850
20240202,11:34:07,26.05,100,16850
20240202,11:34:19,26.15,100,16850
20240202,11:35:19,27.0,50,16850
20240202,11:35:30,27.1,200,16850
20240202,11:36:05,27.1,50,16050
20240202,11:36:16,27.1,100,16050
20240202,11:36:28,27.05,50,16050
20240202,11:37:14,27.55,150,16050
20240202,11:37:49,28.2,500,16050
20240202,11:38:01,28.65,50,16050
20240202,11:38:14,29.15,150,16050
20240202,11:38:26,30.3,450,16050
20240202,11:38:39,29.55,200,15900
20240202,11:38:51,29.15,750,15900
20240202,11:39:03,29.25,50,15900
20240202,11:39:16,30.55,50,15900
20240202,11:39:29,30.7,1350,15900
20240202,11:40:04,31.85,100,15900
20240202,11:40:17,32.85,1050,15900
20240202,11:40:30,34.2,1550,15900
20240202,11:40:42,33.1,500,15900
20240202,11:40:55,33.7,150,15900
20240202,11:41:04,33.9,150,15900
20240202,11:41:12,33.15,100,15900
20240202,11:41:20,33.65,50,15900
20240202,11:41:30,33.55,250,15900
20240202,11:41:46,34.5,100,17850
20240202,11:41:51,34.5,50,17850
20240202,11:41:55,34.7,50,17850
20240202,11:41:56,34.7,50,17850
20240202,11:42:08,34.4,400,17850
20240202,11:42:23,35.5,50,17850
20240202,11:42:26,35.5,750,17850
20240202,11:42:28,35.1,400,17850
20240202,11:42:29,34.95,150,17850
20240202,11:42:32,35.3,700,17850
20240202,11:42:34,35.4,150,17850
20240202,11:42:36,35.5,2500,17850
20240202,11:42:39,35.15,200,17850
20240202,11:42:46,35.1,500,17850
20240202,11:42:49,34.55,50,17850
20240202,11:42:51,34.0,150,17850
20240202,11:42:54,33.8,300,17850
20240202,11:42:56,33.65,50,17850
20240202,11:43:02,33.6,250,17850
20240202,11:43:10,32.8,150,17850
20240202,11:43:12,32.3,250,17850
20240202,11:43:14,32.2,250,17850
20240202,11:43:15,31.65,150,17850
20240202,11:43:17,31.25,100,17850
20240202,11:43:19,31.05,250,17850
20240202,11:43:22,30.25,50,17850
20240202,11:43:24,29.45,100,17850
20240202,11:43:25,29.4,350,17850
20240202,11:43:27,29.6,150,17850
20240202,11:43:37,29.4,850,17850
20240202,11:43:40,29.35,100,17850
20240202,11:43:44,29.4,300,17850
20240202,11:43:47,29.15,100,17850
20240202,11:43:49,28.7,250,17850
20240202,11:43:54,27.65,50,17850
20240202,11:43:56,27.75,200,17850
20240202,11:43:59,27.9,700,17850
20240202,11:44:01,28.05,550,17850
20240202,11:44:02,28.25,50,17850
20240202,11:44:04,28.35,1250,17850
20240202,11:44:07,28.6,250,17850
20240202,11:44:09,28.6,250,17850
20240202,11:44:10,28.6,400,17850
20240202,11:44:17,29.0,1600,17850
20240202,11:44:19,28.85,250,17850
20240202,11:44:20,28.65,400,17850
20240202,11:44:32,28.2,50,17850
20240202,11:44:37,28.0,50,21650
20240202,11:44:43,28.0,50,21650
20240202,11:44:50,27.65,50,21650
20240202,11:44:53,27.75,50,21650
20240202,11:45:03,27.35,600,21650
20240202,11:45:05,27.2,750,21650
20240202,11:45:07,27.4,100,21650
20240202,11:45:08,27.85,50,21650
20240202,11:45:13,27.95,50,21650
20240202,11:45:17,27.75,400,21650
20240202,11:45:28,27.85,350,21650
20240202,11:45:30,27.95,100,21650
20240202,11:45:50,28.0,100,21650
20240202,11:45:52,27.85,150,21650
20240202,11:46:00,27.7,100,21650
20240202,11:46:05,27.3,250,21650
20240202,11:46:07,27.2,250,21650
20240202,11:46:09,27.1,550,21650
20240202,11:46:14,27.35,200,21650
20240202,11:46:22,27.05,150,21650
20240202,11:46:30,27.35,50,21650
20240202,11:46:34,27.55,100,21650
20240202,11:46:42,27.8,50,21650
20240202,11:46:55,28.05,50,21650
20240202,11:47:10,28.55,200,21650
20240202,11:47:15,28.8,300,21650
20240202,11:47:17,28.8,600,21650
20240202,11:47:18,28.85,100,21650
20240202,11:47:30,28.85,50,21650
20240202,11:47:37,29.0,100,21600
20240202,11:47:46,29.5,750,21600
20240202,11:47:53,29.55,50,21600
20240202,11:48:04,29.65,1050,21600
20240202,11:48:09,29.8,400,21600
20240202,11:48:26,29.25,550,21600
20240202,11:48:36,29.5,50,21600
20240202,11:49:08,28.15,50,21600
20240202,11:49:32,27.2,50,21600
20240202,11:49:44,26.85,100,21600
20240202,11:49:59,26.35,50,21600
20240202,11:50:06,25.85,600,21600
20240202,11:50:11,26.15,300,21600
20240202,11:50:17,26.35,100,21600
20240202,11:50:19,26.15,50,21600
20240202,11:50:22,26.45,50,21600
20240202,11:50:38,26.5,50,21350
20240202,11:50:58,27.05,50,21350
20240202,11:51:01,26.9,300,21350
20240202,11:51:11,26.5,100,21350
20240202,11:51:31,26.5,50,21350
20240202,11:51:34,26.6,100,21350
20240202,11:51:42,26.7,50,21350
20240202,11:52:01,26.9,250,21350
20240202,11:52:12,26.45,100,21350
20240202,11:52:23,26.4,350,21350
20240202,11:52:34,26.55,50,21350
20240202,11:52:45,26.4,50,21350
20240202,11:53:04,26.2,50,21350
20240202,11:53:20,26.35,150,21350
20240202,11:53:28,26.2,250,21350
20240202,11:53:30,26.2,750,21350
20240202,11:53:33,26.0,300,21350
20240202,11:53:38,25.65,100,22300
20240202,11:54:18,25.95,200,22300
20240202,11:54:21,25.6,150,22300
20240202,11:54:23,25.4,450,22300
20240202,11:54:24,25.4,250,22300
20240202,11:54:44,25.95,50,22300
20240202,11:54:49,26.05,300,22300
20240202,11:54:54,26.15,100,22300
20240202,11:54:56,26.2,100,22300
20240202,11:55:13,26.45,50,22300
20240202,11:55:16,26.4,50,22300
20240202,11:55:28,26.5,50,22300
20240202,11:55:36,26.35,50,22300
20240202,11:56:01,26.6,100,22300
20240202,11:56:16,26.7,50,22300
20240202,11:56:22,26.9,50,22300
20240202,11:58:01,29.1,1050,22000
20240202,11:58:04,28.75,700,22000
20240202,11:58:21,29.35,50,22000
20240202,11:58:47,29.0,250,22000
20240202,11:59:09,28.75,100,22000
20240202,11:59:15,28.95,50,22000
20240202,11:59:34,29.4,450,22000
20240202,11:59:49,28.95,50,23150
20240202,11:59:50,29.45,150,23150
20240202,12:00:04,29.6,150,23150
20240202,12:00:07,29.55,150,23150
20240202,12:00:09,29.3,150,23150
20240202,12:00:10,29.45,100,23150
20240202,12:00:25,29.7,50,23150
20240202,12:00:45,29.5,350,23150
20240202,12:00:55,29.8,50,23150
20240202,12:01:10,29.9,150,23150
20240202,12:01:15,29.9,50,23150
20240202,12:01:16,30.0,50,23150
20240202,12:01:20,30.15,50,23150
20240202,12:01:42,29.6,100,23150
20240202,12:01:44,29.55,100,23150
20240202,12:01:46,29.6,600,23150
20240202,12:01:51,29.9,50,23150
20240202,12:01:54,30.1,300,23150
20240202,12:01:59,30.15,50,23150
20240202,12:02:47,30.5,100,22600
20240202,12:02:56,30.15,50,22600
20240202,12:03:03,29.9,100,22600
20240202,12:03:11,29.7,250,22600
20240202,12:03:19,29.75,100,22600
20240202,12:03:31,29.9,500,22600
20240202,12:04:10,29.55,300,22600
20240202,12:04:19,29.2,300,22600
20240202,12:04:29,29.6,200,22600
20240202,12:04:50,29.95,100,22600
20240202,12:05:20,28.95,450,22600
20240202,12:05:29,29.05,50,22600
20240202,12:05:46,29.35,250,22950
20240202,12:06:04,29.05,100,22950
20240202,12:06:47,27.7,1050,22950
20240202,12:07:11,27.4,550,22950
20240202,12:07:35,27.45,50,22950
20240202,12:07:43,26.85,500,22950
20240202,12:07:51,26.8,400,22950
20240202,12:08:07,26.65,350,22950
20240202,12:08:15,26.9,900,22950
20240202,12:08:31,26.8,450,22950
20240202,12:08:38,27.2,50,22950
20240202,12:09:06,27.4,50,21450
20240202,12:09:17,27.2,2700,21450
20240202,12:09:25,27.0,100,21450
20240202,12:09:40,26.85,50,21450
20240202,12:09:43,26.85,100,21450
20240202,12:09:45,26.9,150,21450
20240202,12:10:03,26.8,200,21450
20240202,12:10:13,26.7,50,21450
20240202,12:11:24,27.2,250,21450
20240202,12:11:44,26.2,600,23100
20240202,12:12:04,26.05,1000,23100
20240202,12:12:06,26.35,100,23100
20240202,12:12:13,26.3,450,23100
20240202,12:12:14,26.45,50,23100
20240202,12:12:24,26.35,50,23100
20240202,12:12:25,26.3,800,23100
20240202,12:12:30,26.2,150,23100
20240202,12:12:47,26.35,50,23100
20240202,12:12:57,26.25,50,23100
20240202,12:13:08,25.7,450,23100
20240202,12:13:09,25.9,400,23100
20240202,12:13:19,26.0,450,23100
20240202,12:13:28,26.05,150,23100
20240202,12:13:29,26.05,50,23100
20240202,12:13:34,26.0,50,23100
20240202,12:13:44,25.9,50,23100
20240202,12:14:08,25.0,100,23100
20240202,12:14:26,24.85,150,23100
20240202,12:14:28,24.9,600,23100
20240202,12:14:44,25.4,100,23550
20240202,12:14:49,25.65,50,23550
20240202,12:14:51,25.65,50,23550
20240202,12:15:04,25.1,350,23550
20240202,12:15:34,24.9,100,23550
20240202,12:15:55,25.85,50,23550
20240202,12:16:05,25.8,1050,23550
20240202,12:17:26,25.85,100,23550
20240202,12:18:27,25.7,50,24550
20240202,12:18:42,25.9,50,24550
20240202,12:19:25,26.15,500,24550
20240202,12:19:26,26.0,50,24550
20240202,12:19:28,26.2,200,24550
20240202,12:19:31,26.2,100,24550
20240202,12:19:48,26.0,250,24550
20240202,12:20:03,26.0,100,24550
20240202,12:20:51,26.2,100,24350
20240202,12:21:27,25.95,100,24350
20240202,12:21:34,25.9,100,24350
20240202,12:21:56,25.5,250,24350
20240202,12:22:07,25.8,50,24350
20240202,12:22:45,25.75,50,24350
20240202,12:22:51,25.55,50,24350
20240202,12:23:17,25.7,300,24350
20240202,12:23:41,25.45,50,24650
20240202,12:23:42,25.4,200,24650
20240202,12:23:52,25.6,250,24650
20240202,12:24:29,24.75,200,24650
20240202,12:24:30,24.8,50,24650
20240202,12:24:44,24.05,50,24650
20240202,12:25:02,23.6,200,24650
20240202,12:25:04,23.5,500,24650
20240202,12:25:12,23.85,250,24650
20240202,12:25:19,23.8,350,24650
20240202,12:25:29,23.45,100,24650
20240202,12:25:42,23.55,200,24650
20240202,12:25:50,23.65,450,24650
20240202,12:26:22,23.6,50,24650
20240202,12:26:30,23.5,50,24650
20240202,12:26:44,23.4,50,24650
20240202,12:26:59,23.15,200,25050
20240202,12:27:03,23.1,250,25050
20240202,12:27:05,23.1,500,25050
20240202,12:27:10,22.6,100,25050
20240202,12:27:11,22.6,150,25050
20240202,12:27:16,22.15,50,25050
20240202,12:27:20,22.3,150,25050
20240202,12:27:21,22.1,500,25050
20240202,12:27:33,21.2,250,25050
20240202,12:27:35,21.35,650,25050
20240202,12:27:40,21.6,800,25050
20240202,12:27:50,22.05,50,25050
20240202,12:28:06,22.15,50,25050
20240202,12:28:20,21.8,50,25050
20240202,12:28:23,21.5,50,25050
20240202,12:28:25,21.55,100,25050
20240202,12:28:26,21.65,100,25050
20240202,12:28:33,21.5,100,25050
20240202,12:28:34,21.25,50,25050
20240202,12:28:38,21.0,100,25050
20240202,12:28:41,20.95,100,25050
20240202,12:28:43,20.9,50,25050
20240202,12:28:44,20.8,50,25050
20240202,12:28:46,20.5,100,25050
20240202,12:28:49,20.5,50,25050
20240202,12:28:51,20.45,600,25050
20240202,12:29:01,20.55,300,25050
20240202,12:29:04,20.5,250,25050
20240202,12:29:06,20.4,250,25050
20240202,12:29:09,20.2,50,25050
20240202,12:29:13,19.9,350,25050
20240202,12:29:24,19.0,100,25050
20240202,12:29:28,19.15,50,25050
20240202,12:29:29,19.25,100,25050
20240202,12:29:36,19.55,550,25050
20240202,12:29:38,19.55,650,25050
20240202,12:29:39,19.3,100,24850
20240202,12:29:46,19.4,100,24850
20240202,12:29:48,19.6,100,24850
20240202,12:29:49,19.8,1650,24850
20240202,12:29:51,19.8,150,24850
20240202,12:29:53,19.5,250,24850
20240202,12:30:01,19.3,200,24850
20240202,12:30:02,18.9,250,24850
20240202,12:30:04,18.8,50,24850
20240202,12:30:06,18.3,100,24850
20240202,12:30:11,18.1,450,24850
20240202,12:30:16,17.8,50,24850
20240202,12:30:19,17.65,1500,24850
20240202,12:30:23,17.35,50,24850
20240202,12:30:26,16.6,1050,24850
20240202,12:30:28,16.7,650,24850
20240202,12:30:29,16.6,5200,24850
20240202,12:30:31,16.2,1000,24850
20240202,12:30:34,15.75,1250,24850
20240202,12:30:36,15.9,400,24850
20240202,12:30:39,15.85,50,24850
20240202,12:30:43,15.85,600,24850
20240202,12:30:44,15.9,1800,24850
20240202,12:30:46,16.05,200,24850
20240202,12:30:49,16.15,50,24850
20240202,12:30:51,16.5,400,24850
20240202,12:30:53,16.3,150,24850
20240202,12:30:54,16.55,450,24850
20240202,12:30:56,16.7,100,24850
20240202,12:30:58,16.65,150,24850
20240202,12:31:01,16.75,200,24850
20240202,12:31:04,16.65,50,24850
20240202,12:31:06,16.6,250,24850
20240202,12:31:09,16.4,400,24850
20240202,12:31:11,16.25,600,24850
20240202,12:31:21,16.2,200,24850
20240202,12:31:23,16.3,250,24850
20240202,12:31:29,16.3,400,24850
20240202,12:31:36,16.0,200,24850
20240202,12:31:38,15.75,1650,24850
20240202,12:31:41,15.35,300,24850
20240202,12:31:43,15.35,550,24850
20240202,12:31:44,15.2,200,24850
20240202,12:31:46,15.35,100,24850
20240202,12:31:48,15.35,100,24850
20240202,12:32:01,14.85,50,24850
20240202,12:32:15,14.85,1200,24850
20240202,12:32:25,15.15,800,24850
20240202,12:32:34,15.65,450,24850
20240202,12:32:44,15.65,600,20900
20240202,12:32:53,15.7,450,20900
20240202,12:33:02,15.8,250,20900
20240202,12:33:12,15.4,1050,20900
20240202,12:33:21,15.35,200,20900
20240202,12:33:31,15.65,200,20900
20240202,12:33:40,15.7,300,20900
20240202,12:33:59,16.2,100,20900
20240202,12:34:08,16.2,350,20900
20240202,12:34:28,17.55,150,20900
20240202,12:34:39,17.3,300,20900
20240202,12:34:49,17.45,50,20900
20240202,12:35:00,17.15,250,20900
20240202,12:35:09,17.1,350,20900
20240202,12:35:19,16.6,250,20900
20240202,12:35:29,15.4,50,20900
20240202,12:35:38,15.9,700,20900
20240202,12:35:47,15.25,150,20750
20240202,12:35:57,15.0,150,20750
20240202,12:36:07,14.25,4500,20750
20240202,12:36:17,13.95,1350,20750
20240202,12:36:26,13.35,1000,20750
20240202,12:36:36,13.55,300,20750
20240202,12:36:45,13.5,150,20750
20240202,12:36:54,13.75,100,20750
20240202,12:37:04,13.95,1700,20750
20240202,12:37:13,14.05,500,20750
20240202,12:37:23,14.4,450,20750
20240202,12:37:41,14.2,1200,20750
20240202,12:37:50,14.5,600,20750
20240202,12:37:59,14.3,50,20750
20240202,12:38:08,14.45,650,20750
20240202,12:38:38,15.05,650,20750
20240202,12:38:48,14.55,200,20750
20240202,12:38:57,14.8,850,20500
20240202,12:39:27,14.7,1350,20500
20240202,12:39:36,14.75,50,20500
20240202,12:39:56,16.2,300,20500
20240202,12:40:07,16.5,1400,20500
20240202,12:40:17,16.8,100,20500
20240202,12:40:28,17.35,1550,20500
20240202,12:40:39,17.35,450,20500
20240202,12:40:50,18.0,550,20500
20240202,12:41:11,17.35,650,20500
20240202,12:41:21,17.4,500,20500
20240202,12:41:31,17.15,650,20500
20240202,12:41:41,16.95,150,20500
20240202,12:41:50,16.85,300,20500
20240202,12:42:00,17.0,50,20500
20240202,12:42:20,15.85,550,20500
20240202,12:42:30,16.15,150,20500
20240202,12:42:39,16.6,200,20500
20240202,12:42:49,16.75,150,20500
20240202,12:42:59,16.9,200,20500
20240202,12:43:09,17.15,100,20500
20240202,12:43:19,17.15,400,20500
20240202,12:43:29,17.25,50,20500
20240202,12:43:38,17.75,100,20500
20240202,12:43:58,17.3,100,20500
20240202,12:44:07,17.55,450,20500
20240202,12:44:36,17.4,150,20500
20240202,12:45:05,17.8,500,20350
20240202,12:45:15,17.9,150,20350
20240202,12:45:25,17.85,100,20350
20240202,12:45:35,17.75,350,20350
20240202,12:46:03,17.45,50,20350
20240202,12:46:16,17.7,250,20350
20240202,12:46:21,17.6,50,20350
20240202,12:46:40,16.95,50,20350
20240202,12:46:46,16.95,150,20350
20240202,12:46:53,17.05,150,20350
20240202,12:47:08,16.75,2150,20350
20240202,12:47:18,16.75,4300,20350
20240202,12:47:27,17.05,600,20350
20240202,12:47:36,17.2,250,20350
20240202,12:47:45,17.15,250,20350
20240202,12:47:55,16.7,200,24700
20240202,12:48:06,16.7,100,24700
20240202,12:48:10,16.65,50,24700
20240202,12:48:11,16.75,50,24700
20240202,12:48:20,16.65,250,24700
20240202,12:48:40,16.3,200,24700
20240202,12:49:04,16.6,50,24700
20240202,12:49:06,16.35,50,24700
20240202,12:49:11,16.35,50,24700
20240202,12:49:18,16.0,5300,24700
20240202,12:49:34,16.2,50,24700
20240202,12:49:38,16.25,1150,24700
20240202,12:49:51,16.0,50,24700
20240202,12:49:53,16.05,850,24700
20240202,12:49:55,16.1,250,24700
20240202,12:49:58,16.2,350,24700
20240202,12:50:05,16.45,300,24700
20240202,12:50:08,16.1,400,24700
20240202,12:50:30,15.55,150,24700
20240202,12:50:43,15.75,100,28750
20240202,12:50:51,15.75,100,28750
20240202,12:50:53,15.95,800,28750
20240202,12:50:55,15.95,50,28750
20240202,12:51:01,16.0,150,28750
20240202,12:51:03,16.1,100,28750
20240202,12:51:11,16.35,850,28750
20240202,12:51:20,16.4,650,28750
20240202,12:51:29,16.6,850,28750
20240202,12:51:38,16.5,150,28750
20240202,12:51:46,16.25,50,28750
20240202,12:51:55,16.4,150,28750
20240202,12:52:04,16.4,50,28750
20240202,12:52:13,16.5,100,28750
20240202,12:52:31,16.1,100,28750
20240202,12:52:57,16.25,250,28750
20240202,12:53:06,16.15,300,28750
20240202,12:53:52,15.95,800,27650
20240202,12:54:01,15.95,200,27650
20240202,12:54:13,16.1,100,27650
20240202,12:54:18,16.15,50,27650
20240202,12:54:28,16.2,400,27650
20240202,12:55:23,16.1,150,27650
20240202,12:55:38,16.0,50,27650
20240202,12:55:54,16.3,200,27650
20240202,12:56:29,16.3,250,27650
20240202,12:58:06,16.35,400,28300
20240202,12:59:32,15.65,50,28300
20240202,13:00:02,15.25,100,27900
20240202,13:00:12,15.1,2300,27900
20240202,13:00:21,15.1,50,27900
20240202,13:01:04,15.65,100,27900
20240202,13:01:21,15.75,50,27900
20240202,13:02:14,15.8,50,27900
20240202,13:02:25,15.9,50,27900
20240202,13:02:42,16.1,300,27900
20240202,13:04:13,16.05,1250,28150
20240202,13:04:18,16.05,50,28150
20240202,13:04:28,16.1,100,28150
20240202,13:04:43,16.05,50,28150
20240202,13:07:01,15.95,50,28250
20240202,13:07:41,16.3,1000,28250
20240202,13:07:50,16.2,550,28250
20240202,13:07:59,16.15,150,28250
20240202,13:08:15,16.05,50,28250
20240202,13:09:29,15.5,50,28400
20240202,13:12:01,15.8,100,28450
20240202,13:12:51,16.15,100,28450
20240202,13:13:16,15.65,50,28450
20240202,13:14:07,15.2,50,28450
20240202,13:14:43,15.0,600,28450
20240202,13:15:09,14.65,50,28500
20240202,13:15:18,14.5,50,28500
20240202,13:15:27,14.5,50,28500
20240202,13:16:04,14.6,50,28500
20240202,13:16:14,14.8,350,28500
20240202,13:16:23,14.85,200,28500
20240202,13:16:42,15.1,150,28500
20240202,13:16:52,15.2,250,28500
20240202,13:17:01,15.1,100,28500
20240202,13:17:20,15.3,50,28500
20240202,13:17:30,15.1,100,28500
20240202,13:17:40,15.3,50,28500
20240202,13:17:49,15.25,50,27700
20240202,13:17:58,15.4,100,27700
20240202,13:18:07,15.25,500,27700
20240202,13:18:16,15.3,50,27700
20240202,13:18:33,15.45,50,27700
20240202,13:18:51,15.4,100,27700
20240202,13:19:09,15.5,250,27700
20240202,13:19:19,15.65,50,27700
20240202,13:19:28,15.4,100,27700
20240202,13:20:19,15.25,100,27700
20240202,13:20:27,15.35,50,27700
20240202,13:20:36,15.6,50,27700
20240202,13:21:16,15.35,50,26900
20240202,13:21:25,15.45,150,26900
20240202,13:21:56,15.1,50,26900
20240202,13:22:04,15.1,100,26900
20240202,13:22:27,15.05,50,26900
20240202,13:22:34,15.0,100,26900
20240202,13:22:57,15.15,50,26900
20240202,13:23:12,15.35,250,26900
20240202,13:23:21,15.1,50,26900
20240202,13:23:36,14.95,50,26900
20240202,13:24:14,14.85,450,26750
20240202,13:24:28,15.05,50,26750
20240202,13:24:52,14.65,50,26750
20240202,13:25:08,14.65,50,26750
20240202,13:25:31,14.65,50,26750
20240202,13:26:06,13.5,100,26750
20240202,13:26:16,13.5,550,26750
20240202,13:26:24,13.6,150,26750
20240202,13:27:22,13.55,50,26150
20240202,13:28:14,13.45,300,26150
20240202,13:28:21,13.4,100,26150
20240202,13:28:37,13.6,100,26150
20240202,13:28:45,13.55,150,26150
20240202,13:29:02,13.75,200,26150
20240202,13:29:18,14.1,50,26150
20240202,13:30:30,14.25,250,25800
20240202,13:30:38,14.45,50,25800
20240202,13:31:02,14.4,50,25800
20240202,13:31:25,13.95,1000,25800
20240202,13:31:33,14.25,50,25800
20240202,13:31:49,13.9,50,25800
20240202,13:31:56,13.8,50,25800
20240202,13:32:04,14.0,100,25800
20240202,13:32:12,14.0,100,25800
20240202,13:34:01,14.05,50,24600
20240202,13:34:17,13.8,50,24600
20240202,13:35:05,13.8,100,24600
20240202,13:35:13,13.9,100,24600
20240202,13:35:56,14.3,100,24700
20240202,13:36:21,14.25,50,24700
20240202,13:37:02,14.55,50,24700
20240202,13:39:36,15.0,500,24650
20240202,13:39:45,15.0,500,24650
20240202,13:40:50,14.2,50,24650
20240202,13:41:38,13.8,50,24650
20240202,13:43:35,13.8,50,24550
20240202,13:43:42,13.85,50,24550
20240202,13:43:50,13.9,250,24550
20240202,13:43:58,13.85,50,24550
20240202,13:44:06,13.85,100,24550
20240202,13:44:52,13.6,200,24700
20240202,13:45:25,13.7,100,24700
20240202,13:46:33,14.05,50,24700
20240202,13:46:41,14.0,150,24700
20240202,13:46:49,14.05,200,24700
20240202,13:47:03,14.05,400,24700
20240202,13:47:19,13.9,200,24700
20240202,13:47:24,13.75,100,24700
20240202,13:47:25,13.75,100,24700
20240202,13:47:35,13.8,500,24700
20240202,13:47:37,13.65,50,24700
20240202,13:47:38,13.65,200,24700
20240202,13:48:53,13.8,50,26400
20240202,13:49:04,13.85,50,26400
20240202,13:49:31,13.6,100,26400
20240202,13:49:52,13.4,100,26400
20240202,13:49:56,13.45,50,26400
20240202,13:50:49,13.35,50,26400
20240202,13:51:02,13.5,50,26600
20240202,13:51:46,13.35,50,26600
20240202,13:52:37,13.7,1800,26600
20240202,13:52:58,13.65,50,26600
20240202,13:53:06,13.8,100,26600
20240202,13:54:11,13.7,50,28450
20240202,13:54:27,13.9,50,28450
20240202,13:54:42,13.8,50,28450
20240202,13:55:12,13.95,250,28450
20240202,13:55:27,13.95,50,28450
20240202,13:56:10,14.0,350,28450
20240202,13:56:18,14.05,100,28450
20240202,13:57:22,13.85,50,29100
20240202,13:57:34,13.85,50,29100
20240202,13:57:55,14.0,50,29100
20240202,13:58:02,14.05,50,29100
20240202,13:58:37,14.45,100,29100
20240202,14:00:35,13.9,50,29200
20240202,14:02:37,14.75,100,29200
20240202,14:03:27,14.3,100,29350
20240202,14:05:54,14.9,50,29350
20240202,14:06:01,14.85,150,29300
20240202,14:06:17,14.9,50,29300
20240202,14:07:13,15.0,50,29300
20240202,14:07:20,15.0,2550,29300
20240202,14:07:36,15.2,100,29300
20240202,14:07:58,15.2,50,29300
20240202,14:09:02,15.3,50,30700
20240202,14:09:19,15.65,50,30700
20240202,14:09:28,15.75,100,30700
20240202,14:11:15,15.4,50,30700
20240202,14:11:24,15.45,50,30700
20240202,14:11:33,15.55,50,30700
20240202,14:11:41,15.5,50,30700
20240202,14:13:15,14.8,50,30500
20240202,14:14:53,15.7,400,30500
20240202,14:16:01,15.45,50,30800
20240202,14:16:15,15.25,100,30800
20240202,14:16:22,15.2,250,30800
20240202,14:18:29,15.6,50,30500
20240202,14:18:38,15.4,50,30500
20240202,14:18:52,15.3,50,30500
20240202,14:19:07,15.0,50,30500
20240202,14:23:29,14.35,200,30450
20240202,14:23:36,14.25,300,30450
20240202,14:23:43,14.15,50,30450
20240202,14:24:20,13.9,300,30950
20240202,14:24:28,14.1,400,30950
20240202,14:24:35,14.1,250,30950
20240202,14:24:42,14.2,100,30950
20240202,14:24:48,14.1,400,30950
20240202,14:24:55,14.25,100,30950
20240202,14:25:02,14.3,150,30950
20240202,14:25:09,14.4,250,30950
20240202,14:25:16,14.35,100,30950
20240202,14:25:38,14.55,50,30950
20240202,14:25:55,14.75,100,30950
20240202,14:27:16,14.3,50,31750
20240202,14:27:30,14.2,350,31750
20240202,14:27:44,14.3,50,31750
20240202,14:28:06,14.35,100,31750
20240202,14:28:12,14.45,50,31750
20240202,14:28:19,14.15,50,31750
20240202,14:28:26,14.25,50,31750
20240202,14:28:40,14.15,300,31750
20240202,14:28:47,14.1,500,31750
20240202,14:28:54,14.15,50,31750
20240202,14:29:00,14.0,50,31750
20240202,14:29:07,13.75,50,31750
20240202,14:29:14,13.65,50,31750
20240202,14:29:35,13.45,100,31750
20240202,14:29:54,13.5,50,31750
20240202,14:31:48,13.6,200,32000
20240202,14:32:07,13.3,50,32000
20240202,14:32:15,13.2,100,32000
20240202,14:32:35,13.35,5450,32000
20240202,14:32:42,13.1,150,32000
20240202,14:35:14,13.4,50,33500
20240202,14:35:32,13.35,50,33500
20240202,14:36:16,13.65,100,33400
20240202,14:36:23,13.7,250,33400
20240202,14:36:47,14.0,500,33400
20240202,14:36:53,14.1,50,33400
20240202,14:37:06,14.3,50,33400
20240202,14:37:12,14.35,50,33400
20240202,14:37:42,14.45,550,33400
20240202,14:37:49,14.4,150,33400
20240202,14:39:12,14.6,50,32350
20240202,14:39:19,14.35,50,32350
20240202,14:40:21,14.65,50,32350
20240202,14:40:27,14.45,50,32350
20240202,14:40:47,14.45,100,32350
20240202,14:41:12,14.5,50,32350
20240202,14:41:29,14.65,100,32350
20240202,14:41:41,14.8,100,32350
20240202,14:41:53,14.8,100,32350
20240202,14:43:16,15.05,100,32850
20240202,14:44:02,15.45,200,32850
20240202,14:44:16,15.7,100,32850
20240202,14:44:44,15.25,50,32850
20240202,14:44:51,15.45,100,32850
20240202,14:45:27,15.65,100,33300
20240202,14:45:53,15.65,150,33300
20240202,14:45:58,15.5,50,33300
20240202,14:46:05,15.65,150,33300
20240202,14:46:24,15.4,200,33300
20240202,14:46:31,15.45,50,33300
20240202,14:50:02,15.7,50,33050
20240202,14:50:08,16.0,100,33050
20240202,14:50:20,16.0,50,33050
20240202,14:50:26,15.95,250,33050
20240202,14:50:32,15.85,50,33050
20240202,14:51:01,15.75,450,32800
20240202,14:51:15,15.2,50,32800
20240202,14:52:12,15.35,100,32800
20240202,14:52:51,15.05,150,32800
20240202,14:52:58,14.75,150,32800
20240202,14:53:07,14.5,50,32800
20240202,14:53:14,14.6,100,32800
20240202,14:53:29,14.3,100,32800
20240202,14:53:38,13.75,50,32800
20240202,14:53:57,13.1,200,32800
20240202,14:54:06,12.95,1500,32700
20240202,14:54:15,13.3,150,32700
20240202,14:54:39,13.4,200,32700
20240202,14:54:54,13.4,50,32700
20240202,14:55:02,13.5,100,32700
20240202,14:55:26,13.2,50,32700
20240202,14:55:42,13.4,550,32700
20240202,14:55:51,13.55,100,32700
20240202,14:56:00,13.3,250,32700
20240202,14:56:09,13.35,50,32700
20240202,14:56:18,13.3,350,32700
20240202,14:56:28,13.35,250,32700
20240202,14:56:37,12.75,150,32700
20240202,14:56:47,12.7,100,32700
20240202,14:56:56,12.6,200,32700
20240202,14:57:06,12.1,150,32850
20240202,14:57:16,12.1,50,32850
20240202,14:57:25,12.1,150,32850
20240202,14:58:02,11.8,150,32850
20240202,14:58:21,12.15,200,32850
20240202,15:00:01,12.75,100,32750
20240202,15:00:10,12.7,100,32750
20240202,15:00:51,13.3,150,32750
20240202,15:01:19,13.85,50,32750
20240202,15:01:39,13.3,50,32750
20240202,15:01:48,13.35,100,32750
20240202,15:02:24,13.0,100,32750
20240202,15:02:53,12.9,50,32750
20240202,15:03:02,12.85,250,32950
20240202,15:03:39,12.4,250,32950
20240202,15:03:57,12.45,100,32950
20240202,15:04:16,12.3,150,32950
20240202,15:04:34,12.3,100,32950
20240202,15:05:00,12.5,50,32950
20240202,15:05:09,12.6,200,32950
20240202,15:05:18,12.7,150,32950
20240202,15:05:53,12.85,50,32950
20240202,15:07:40,13.3,100,32750
20240202,15:07:58,13.6,50,32750
20240202,15:08:27,13.1,50,32750
20240202,15:08:46,13.45,50,32750
20240202,15:09:22,13.4,50,32850
20240202,15:09:58,13.55,50,32850
20240202,15:11:09,13.45,100,32850
20240202,15:11:45,13.4,50,32850
20240202,15:12:29,13.55,50,32900
20240202,15:12:45,13.3,50,32900
20240202,15:12:54,13.25,50,32900
20240202,15:13:12,13.2,100,32900
20240202,15:13:21,13.0,100,32900
20240202,15:15:07,12.85,100,32950
20240202,15:15:36,12.75,100,32950
20240202,15:16:38,13.05,50,32950
20240202,15:16:55,13.15,50,32950
20240202,15:17:22,13.15,50,32950
20240202,15:17:40,13.15,50,32950
20240202,15:17:58,13.05,100,32950
20240202,15:18:51,12.7,100,33050
20240202,15:19:17,12.65,50,33050
20240202,15:20:18,12.65,50,33050
20240202,15:21:33,12.75,100,33100
20240202,15:21:59,12.6,50,33100
20240202,15:22:20,12.3,150,33100
20240202,15:22:27,12.25,50,33100
20240202,15:23:04,12.4,50,33100
20240202,15:23:13,12.35,1350,33100
20240202,15:23:22,12.35,400,33100
20240202,15:23:37,12.15,50,33100
20240202,15:24:08,12.35,100,33100
20240202,15:24:17,12.15,50,35300
20240202,15:24:25,12.2,50,35300
20240202,15:24:34,12.35,50,35300
20240202,15:24:51,12.15,250,35300
20240202,15:25:16,12.15,100,35300
20240202,15:25:33,12.0,300,35300
20240202,15:25:42,11.85,100,35300
20240202,15:25:51,11.75,750,35300
20240202,15:26:07,11.75,100,35300
20240202,15:26:24,11.55,150,35300
20240202,15:26:40,11.45,400,35300
20240202,15:27:05,11.5,150,35750
20240202,15:27:21,11.55,400,35750
20240202,15:27:29,11.55,50,35750
20240202,15:28:07,11.6,100,35750
20240202,15:29:04,12.0,50,35750
20240202,15:29:20,12.0,50,35750
20240202,15:29:29,12.0,100,35750
20240202,15:29:38,11.9,350,35750
20240202,15:29:47,11.9,150,35750
20240205,09:15:13,12.65,1,35600
20240205,09:15:13,12.65,100,35600
20240205,09:15:25,12.7,50,35600
20240205,09:15:36,12.7,50,35600
20240205,09:15:55,12.7,150,35600
20240205,09:16:48,11.25,100,35600
20240205,09:17:17,11.8,150,35600
20240205,09:17:25,11.9,50,35600
20240205,09:18:00,12.55,50,35600
20240205,09:18:08,12.45,50,35600
20240205,09:18:39,12.4,100,35600
20240205,09:18:48,12.35,200,35600
20240205,09:18:56,12.05,250,35600
20240205,09:19:13,11.75,50,35650
20240205,09:19:38,11.95,50,35650
20240205,09:20:00,12.0,50,35650
20240205,09:20:08,11.95,300,35650
20240205,09:20:24,11.95,100,35650
20240205,09:20:57,11.95,150,35650
20240205,09:21:04,12.0,250,35650
20240205,09:21:13,12.05,600,35650
20240205,09:21:29,11.8,1550,35650
20240205,09:21:37,11.7,200,35650
20240205,09:21:44,11.75,100,35650
20240205,09:21:51,11.6,100,35650
20240205,09:22:13,11.6,200,37950
20240205,09:22:21,11.65,50,37950
20240205,09:22:50,11.65,50,37950
20240205,09:23:05,11.5,50,37950
20240205,09:23:48,11.8,200,37950
20240205,09:24:10,12.0,400,37950
20240205,09:24:17,11.85,100,37950
20240205,09:24:25,11.75,100,37950
20240205,09:24:40,11.85,50,37950
20240205,09:24:47,11.9,150,37950
20240205,09:24:56,11.95,150,37950
20240205,09:25:04,11.8,200,37950
20240205,09:25:11,11.75,50,37950
20240205,09:26:06,12.85,300,38500
20240205,09:26:15,13.1,150,38500
20240205,09:26:23,13.3,300,38500
20240205,09:26:30,13.75,100,38500
20240205,09:26:39,13.8,350,38500
20240205,09:26:49,13.65,300,38500
20240205,09:26:55,14.25,750,38500
20240205,09:27:03,14.5,800,38500
20240205,09:27:11,14.5,150,38500
20240205,09:27:17,14.4,200,38500
20240205,09:27:24,14.45,100,38500
20240205,09:27:39,14.35,50,38500
20240205,09:28:06,14.2,100,38500
20240205,09:28:13,13.8,50,40450
20240205,09:28:21,13.65,250,40450
20240205,09:28:28,13.5,500,40450
20240205,09:28:35,13.35,650,40450
20240205,09:28:59,12.55,300,40450
20240205,09:29:01,12.8,100,40450
20240205,09:29:03,12.8,50,40450
20240205,09:29:11,12.85,50,40450
20240205,09:29:13,12.95,50,40450
20240205,09:29:23,13.2,50,40450
20240205,09:29:30,13.4,50,40450
20240205,09:29:40,13.5,50,40450
20240205,09:29:45,13.35,150,40450
20240205,09:30:11,13.45,400,40450
20240205,09:30:26,12.95,150,40450
20240205,09:30:34,12.9,200,40450
20240205,09:30:48,12.6,50,40450
20240205,09:30:56,12.45,50,40450
20240205,09:31:18,12.35,50,39950
20240205,09:31:25,12.5,50,39950
20240205,09:31:46,12.6,100,39950
20240205,09:31:54,12.95,50,39950
20240205,09:32:02,12.9,100,39950
20240205,09:32:09,12.8,100,39950
20240205,09:32:17,12.6,50,39950
20240205,09:32:32,12.35,100,39950
20240205,09:32:46,12.3,50,39950
20240205,09:32:54,12.2,100,39950
20240205,09:33:02,12.05,100,39950
20240205,09:33:10,11.85,850,39950
20240205,09:34:18,12.2,50,40600
20240205,09:34:40,12.1,50,40600
20240205,09:34:55,12.0,100,40600
20240205,09:35:02,11.95,100,40600
20240205,09:35:09,12.25,100,40600
20240205,09:35:23,11.9,200,40600
20240205,09:35:39,12.3,150,40600
20240205,09:36:27,12.4,50,40600
20240205,09:37:09,12.7,150,40600
20240205,09:37:24,12.85,50,40450
20240205,09:37:53,12.95,50,40450
20240205,09:38:29,13.2,350,40450
20240205,09:38:36,13.25,50,40450
20240205,09:38:43,13.15,50,40450
20240205,09:38:51,13.1,100,40450
20240205,09:39:21,13.15,50,40450
20240205,09:39:28,13.25,50,40450
20240205,09:39:43,13.45,150,40450
20240205,09:40:05,13.6,100,40450
20240205,09:40:13,13.95,150,40450
20240205,09:40:30,13.95,400,40550
20240205,09:40:37,14.15,150,40550
20240205,09:40:45,14.2,100,40550
20240205,09:41:46,13.2,200,40550
20240205,09:41:54,13.0,250,40550
20240205,09:42:09,12.85,50,40550
20240205,09:42:16,12.9,250,40550
20240205,09:43:07,14.0,200,40550
20240205,09:43:14,14.05,50,40550
20240205,09:43:28,13.9,150,40100
20240205,09:44:23,13.45,50,40100
20240205,09:44:29,13.45,50,40100
20240205,09:44:42,13.5,50,40100
20240205,09:45:10,13.45,100,40100
20240205,09:45:18,13.25,50,40100
20240205,09:46:29,13.75,100,39750
20240205,09:48:10,14.2,150,39750
20240205,09:48:18,14.45,400,39750
20240205,09:48:41,14.9,250,39750
20240205,09:48:49,14.95,50,39750
20240205,09:49:03,14.95,100,39750
20240205,09:49:49,15.2,100,40350
20240205,09:49:55,15.2,50,40350
20240205,09:50:02,15.4,50,40350
20240205,09:50:09,15.45,50,40350
20240205,09:50:16,15.6,150,40350
20240205,09:50:24,16.15,150,40350
20240205,09:50:34,16.8,650,40350
20240205,09:50:43,16.8,600,40350
20240205,09:50:51,16.55,1000,40350
20240205,09:51:01,16.65,150,40350
20240205,09:51:11,16.45,100,40350
20240205,09:51:19,16.5,250,40350
20240205,09:51:46,16.5,150,40350
20240205,09:52:07,16.45,750,40350
20240205,09:52:37,16.9,50,39350
20240205,09:53:03,17.6,250,39350
20240205,09:53:13,17.65,200,39350
20240205,09:53:20,17.8,250,39350
20240205,09:53:27,17.8,150,39350
20240205,09:53:36,17.55,200,39350
20240205,09:53:44,17.1,100,39350
20240205,09:53:52,16.9,100,39350
20240205,09:53:59,16.9,300,39350
20240205,09:54:04,17.05,50,39350
20240205,09:54:06,17.1,100,39350
20240205,09:54:11,17.1,50,39350
20240205,09:54:17,16.75,100,39350
20240205,09:54:27,16.75,50,39350
20240205,09:54:32,16.8,50,39350
20240205,09:54:36,16.85,50,39350
20240205,09:54:37,17.0,100,39350
20240205,09:54:41,17.0,50,39350
20240205,09:54:44,17.15,100,39350
20240205,09:54:55,16.75,50,39350
20240205,09:54:57,16.65,1000,39350
20240205,09:55:00,16.85,150,39350
20240205,09:55:19,16.35,100,40050
20240205,09:55:22,16.45,100,40050
20240205,09:55:29,16.1,50,40050
20240205,09:55:40,15.95,50,40050
20240205,09:55:48,15.9,300,40050
20240205,09:55:57,15.25,150,40050
20240205,09:56:02,15.25,150,40050
20240205,09:56:03,15.35,350,40050
20240205,09:56:18,16.0,50,40050
20240205,09:56:22,16.05,750,40050
20240205,09:56:25,16.05,100,40050
20240205,09:56:52,16.1,100,40050
20240205,09:56:57,16.1,300,40050
20240205,09:57:03,16.0,50,40050
20240205,09:57:10,15.9,300,40050
20240205,09:57:17,15.95,100,40050
20240205,09:57:24,15.95,50,40050
20240205,09:57:37,15.55,50,40050
20240205,09:57:43,15.6,2150,40050
20240205,09:57:56,15.7,100,40050
20240205,09:58:01,15.85,250,40050
20240205,09:58:05,15.9,250,40050
20240205,09:58:13,16.05,50,40050
20240205,09:58:15,16.1,50,40050
20240205,09:58:18,16.35,200,41100
20240205,09:58:21,16.35,200,41100
20240205,09:58:43,16.45,50,41100
20240205,09:58:51,16.65,100,41100
20240205,09:58:53,16.55,50,41100
20240205,09:59:01,16.65,100,41100
20240205,09:59:06,16.5,100,41100
20240205,09:59:18,16.85,50,41100
20240205,09:59:23,16.7,50,41100
20240205,09:59:30,16.6,50,41100
20240205,09:59:31,16.65,50,41100
20240205,09:59:36,16.6,100,41100
20240205,09:59:50,16.65,200,41100
20240205,09:59:51,16.6,50,41100
20240205,09:59:58,16.75,300,41100
20240205,10:00:01,16.65,50,41100
20240205,10:00:05,16.6,50,41100
20240205,10:00:11,16.7,150,41100
20240205,10:00:37,16.3,50,41100
20240205,10:00:55,16.5,150,41100
20240205,10:01:01,16.4,100,41100
20240205,10:01:08,16.3,50,41100
20240205,10:01:14,16.35,100,41100
20240205,10:01:27,16.45,50,41250
20240205,10:01:34,16.65,50,41250
20240205,10:01:48,16.9,150,41250
20240205,10:02:05,17.5,150,41250
20240205,10:02:14,17.4,100,41250
20240205,10:02:49,16.65,50,41250
20240205,10:03:02,16.55,750,41250
20240205,10:03:10,16.4,50,41250
20240205,10:03:12,16.3,100,41250
20240205,10:03:25,16.35,100,41250
20240205,10:03:27,16.2,200,41250
20240205,10:03:35,16.3,50,41250
20240205,10:03:42,16.3,750,41250
20240205,10:03:53,16.3,50,41250
20240205,10:03:55,16.35,650,41250
20240205,10:03:58,16.35,150,41250
20240205,10:04:08,16.0,150,41250
20240205,10:04:16,15.75,150,41250
20240205,10:04:20,15.75,50,41250
20240205,10:04:25,15.5,50,40050
20240205,10:04:30,15.6,150,40050
20240205,10:04:33,15.55,50,40050
20240205,10:04:35,15.6,50,40050
20240205,10:04:41,15.25,100,40050
20240205,10:04:43,15.25,50,40050
20240205,10:04:45,15.3,350,40050
20240205,10:04:56,15.1,50,40050
20240205,10:04:58,15.15,250,40050
20240205,10:05:00,15.1,50,40050
20240205,10:05:01,15.2,50,40050
20240205,10:05:21,15.05,150,40050
20240205,10:05:35,15.6,100,40050
20240205,10:06:05,16.05,100,40050
20240205,10:06:23,15.35,50,40050
20240205,10:06:26,15.55,250,40050
20240205,10:06:33,15.75,50,40050
20240205,10:06:43,16.2,50,40050
20240205,10:07:09,16.25,50,40050
20240205,10:07:20,16.35,50,40950
20240205,10:07:36,16.5,250,40950
20240205,10:07:39,16.55,100,40950
20240205,10:07:41,16.65,50,40950
20240205,10:07:42,16.55,50,40950
20240205,10:07:44,16.55,50,40950
20240205,10:07:51,16.65,150,40950
20240205,10:07:52,16.55,50,40950
20240205,10:08:00,16.35,50,40950
20240205,10:08:43,16.5,50,40950
20240205,10:08:46,16.7,100,40950
20240205,10:08:54,16.65,250,40950
20240205,10:09:22,16.85,50,40950
20240205,10:11:38,16.25,100,40500
20240205,10:11:40,16.45,50,40500
20240205,10:11:53,16.2,50,40500
20240205,10:12:49,15.9,100,40500
20240205,10:12:58,15.8,50,40500
20240205,10:13:03,15.65,200,40500
20240205,10:13:19,16.0,50,40400
20240205,10:13:33,15.8,50,40400
20240205,10:13:34,15.7,50,40400
20240205,10:13:39,15.7,100,40400
20240205,10:13:43,15.65,50,40400
20240205,10:14:35,15.75,50,40400
20240205,10:15:06,15.35,50,40400
20240205,10:15:19,15.75,50,40400
20240205,10:15:25,15.75,50,40400
20240205,10:15:34,15.75,50,40400
20240205,10:15:38,15.75,50,40400
20240205,10:15:50,15.55,250,40400
20240205,10:15:56,15.5,50,40400
20240205,10:16:01,15.4,100,40400
20240205,10:16:03,15.35,50,40400
20240205,10:16:11,15.8,50,40400
20240205,10:16:15,15.8,50,40400
20240205,10:16:37,15.8,50,39700
20240205,10:16:42,15.75,50,39700
20240205,10:16:47,15.7,50,39700
20240205,10:16:48,15.65,50,39700
20240205,10:17:24,14.6,150,39700
20240205,10:17:26,14.7,150,39700
20240205,10:17:34,14.5,250,39700
20240205,10:17:39,14.15,50,39700
20240205,10:17:46,14.25,50,39700
20240205,10:17:47,13.95,50,39700
20240205,10:17:51,13.7,50,39700
20240205,10:17:54,13.7,50,39700
20240205,10:18:06,13.0,200,39700
20240205,10:18:16,13.2,300,39700
20240205,10:18:27,13.0,50,39700
20240205,10:18:38,12.85,550,39700
20240205,10:18:48,12.9,100,39700
20240205,10:18:58,12.65,250,39700
20240205,10:19:08,12.25,1650,39700
20240205,10:19:18,12.4,50,39700
20240205,10:19:29,12.05,450,39450
20240205,10:19:39,12.05,150,39450
20240205,10:19:49,12.05,100,39450
20240205,10:19:59,12.0,150,39450
20240205,10:20:19,11.95,250,39450
20240205,10:20:28,12.05,50,39450
20240205,10:20:39,12.15,100,39450
20240205,10:20:49,12.45,1700,39450
20240205,10:20:59,12.45,50,39450
20240205,10:21:08,12.05,1000,39450
20240205,10:21:18,12.15,1500,39450
20240205,10:21:28,12.45,150,39450
20240205,10:21:38,12.35,100,39450
20240205,10:21:48,12.35,50,39450
20240205,10:21:57,12.2,50,39450
20240205,10:22:38,12.4,50,39550
20240205,10:22:49,12.55,50,39550
20240205,10:23:56,12.5,350,39550
20240205,10:24:05,12.65,100,39550
20240205,10:24:33,12.7,100,39550
20240205,10:24:43,12.9,600,39550
20240205,10:24:53,13.0,50,39550
20240205,10:25:02,12.9,50,39550
20240205,10:25:12,13.0,200,39550
20240205,10:25:21,12.9,100,39550
20240205,10:25:37,13.0,100,39550
20240205,10:25:46,13.05,150,39550
20240205,10:26:04,13.35,500,39550
20240205,10:26:22,13.0,300,39550
20240205,10:26:30,13.2,100,39550
20240205,10:26:39,13.3,50,39550
20240205,10:26:48,13.0,50,39550
20240205,10:27:13,13.25,50,39550
20240205,10:27:40,13.1,200,39550
20240205,10:27:48,13.05,50,39550
20240205,10:27:55,13.0,50,39550
20240205,10:28:38,13.3,50,39700
20240205,10:28:46,13.25,50,39700
20240205,10:29:11,13.05,50,39700
20240205,10:29:27,13.2,50,39700
20240205,10:29:36,13.3,50,39700
20240205,10:29:45,13.1,50,39700
20240205,10:29:53,13.2,50,39700
20240205,10:31:15,12.75,150,39700
20240205,10:31:32,12.75,300,39900
20240205,10:32:05,12.55,200,39900
20240205,10:32:14,12.55,50,39900
20240205,10:32:23,12.4,150,39900
20240205,10:32:48,12.4,100,39900
20240205,10:33:05,12.4,250,39900
20240205,10:33:13,12.5,50,39900
20240205,10:33:45,12.5,200,39900
20240205,10:33:53,12.5,50,39900
20240205,10:34:08,12.65,50,39900
20240205,10:35:09,12.6,100,39700
20240205,10:36:04,12.45,50,39700
20240205,10:36:44,12.45,50,39700
20240205,10:36:52,12.5,50,39700
20240205,10:37:00,12.55,50,39700
20240205,10:37:17,12.6,250,39700
20240205,10:37:25,12.65,100,39650
20240205,10:37:49,12.65,50,39650
20240205,10:38:32,12.8,50,39650
20240205,10:38:41,12.75,50,39650
20240205,10:38:57,12.8,100,39650
20240205,10:39:28,12.9,150,39650
20240205,10:41:03,12.7,100,39700
20240205,10:41:34,12.75,250,39700
20240205,10:42:05,13.0,100,39700
20240205,10:42:29,12.65,100,39700
20240205,10:42:45,12.85,100,39700
20240205,10:42:52,12.9,100,39700
20240205,10:43:07,13.0,50,39700
20240205,10:43:21,13.0,50,39700
20240205,10:43:37,13.1,100,40000
20240205,10:43:54,13.35,50,40000
20240205,10:45:08,13.75,200,40000
20240205,10:45:34,14.05,100,40000
20240205,10:45:42,13.85,750,40000
20240205,10:45:51,14.05,200,40000
20240205,10:46:00,14.1,50,40000
20240205,10:46:08,14.15,50,40000
20240205,10:46:17,14.15,50,40000
20240205,10:46:43,14.4,50,39200
20240205,10:46:52,14.55,50,39200
20240205,10:47:00,14.5,100,39200
20240205,10:47:34,14.35,550,39200
20240205,10:47:50,14.4,100,39200
20240205,10:48:04,14.3,250,39200
20240205,10:48:12,14.1,50,39200
20240205,10:48:41,13.85,250,39200
20240205,10:48:55,14.0,400,39200
20240205,10:49:03,13.9,250,39200
20240205,10:49:10,14.0,300,39200
20240205,10:50:11,13.85,50,39100
20240205,10:50:18,13.9,50,39100
20240205,10:50:46,13.8,200,39100
20240205,10:50:53,13.75,300,39100
20240205,10:51:01,13.6,50,39100
20240205,10:51:16,13.45,50,39100
20240205,10:51:23,13.8,50,39100
20240205,10:51:31,13.4,50,39100
20240205,10:52:16,13.2,100,39100
20240205,10:52:54,13.05,100,39000
20240205,10:54:22,13.7,50,39000
20240205,10:55:37,14.1,50,39050
20240205,10:56:10,14.25,100,39050
20240205,10:56:39,14.1,50,39050
20240205,10:56:45,14.05,1800,39050
20240205,10:56:59,14.0,100,39050
20240205,10:57:21,14.15,150,39050
20240205,10:58:49,13.85,50,37850
20240205,10:59:16,13.6,150,37850
20240205,10:59:36,13.7,250,37850
20240205,11:00:02,13.6,150,37850
20240205,11:00:16,13.75,100,37850
20240205,11:01:07,13.8,50,37850
20240205,11:02:23,13.8,50,37500
20240205,11:02:40,13.85,50,37500
20240205,11:03:19,14.05,50,37500
20240205,11:07:08,13.25,300,37500
20240205,11:08:17,13.45,50,37200
20240205,11:08:28,13.4,50,37200
20240205,11:08:34,13.45,100,37200
20240205,11:08:40,13.45,50,37200
20240205,11:08:59,12.95,50,37200
20240205,11:10:10,13.25,450,37200
20240205,11:10:47,13.4,100,37300
20240205,11:11:30,13.5,50,37300
20240205,11:13:08,13.8,100,37300
20240205,11:13:41,13.85,450,37300
20240205,11:13:47,13.9,100,37300
20240205,11:14:25,13.8,50,37300
20240205,11:15:11,13.95,50,37300
20240205,11:17:22,14.6,100,36900
20240205,11:17:24,14.45,100,36900
20240205,11:17:35,14.65,150,36900
20240205,11:17:41,14.8,50,36900
20240205,11:19:07,13.9,100,36900
20240205,11:19:29,13.85,50,36900
20240205,11:19:57,13.55,50,36850
20240205,11:20:13,13.45,50,36850
20240205,11:20:59,13.75,200,36850
20240205,11:21:04,13.8,50,36850
20240205,11:21:16,13.95,50,36850
20240205,11:21:24,13.75,150,36850
20240205,11:22:28,13.6,50,36850
20240205,11:22:47,13.55,50,36900
20240205,11:23:38,13.25,200,36900
20240205,11:23:54,13.2,100,36900
20240205,11:23:59,13.35,50,36900
20240205,11:24:09,13.2,50,36900
20240205,11:24:28,13.25,50,36900
20240205,11:25:05,13.45,50,36900
20240205,11:25:24,13.25,150,36900
20240205,11:25:47,12.95,150,36800
20240205,11:25:52,12.9,50,36800
20240205,11:26:28,12.9,50,36800
20240205,11:26:33,12.95,100,36800
20240205,11:27:15,12.95,50,36800
20240205,11:27:21,12.8,50,36800
20240205,11:28:33,12.9,50,36600
20240205,11:29:15,13.05,50,36600
20240205,11:31:01,13.0,200,36600
20240205,11:31:08,13.05,50,36600
20240205,11:33:08,13.15,100,36650
20240205,11:34:21,13.1,100,36650
20240205,11:36:58,13.25,50,36650
20240205,11:37:26,13.25,50,36650
20240205,11:38:34,13.7,150,36650
20240205,11:38:42,13.8,50,36650
20240205,11:38:55,13.75,50,36650
20240205,11:39:05,13.55,50,36650
20240205,11:39:30,13.95,50,36650
20240205,11:39:37,13.8,100,36650
20240205,11:39:49,13.9,50,36650
20240205,11:39:54,13.9,50,36650
20240205,11:40:10,13.9,50,36650
20240205,11:40:31,14.15,50,36650
20240205,11:40:38,14.0,50,36800
20240205,11:40:44,13.95,50,36800
20240205,11:41:05,13.8,50,36800
20240205,11:41:17,13.7,50,36800
20240205,11:41:51,13.5,50,36800
20240205,11:41:57,13.6,50,36800
20240205,11:44:06,13.25,50,36850
20240205,11:44:26,13.15,50,36850
20240205,11:45:05,13.05,50,36850
20240205,11:45:24,13.2,50,36850
20240205,11:45:38,13.2,50,36850
20240205,11:46:30,12.55,50,36850
20240205,11:46:38,12.75,50,36650
20240205,11:47:13,12.95,50,36650
20240205,11:48:25,12.95,50,36650
20240205,11:48:31,12.95,50,36650
20240205,11:49:22,13.25,50,36650
20240205,11:49:50,13.25,50,36700
20240205,11:50:07,13.25,50,36700
20240205,11:50:22,13.25,50,36700
20240205,11:51:27,12.8,50,36700
20240205,11:53:32,12.85,50,36600
20240205,11:57:22,12.85,50,36700
20240205,11:57:25,12.85,50,36700
20240205,11:58:55,12.85,50,36700
20240205,11:59:05,12.9,50,36700
20240205,11:59:12,12.95,50,36700
20240205,11:59:31,12.95,50,36700
20240205,11:59:41,13.05,50,36700
20240205,11:59:46,13.05,50,36700
20240205,11:59:48,13.1,50,36700
20240205,11:59:55,13.1,50,36700
20240205,12:00:00,12.95,100,36700
20240205,12:00:01,12.95,100,36700
20240205,12:00:05,13.1,50,36700
20240205,12:00:06,13.1,50,36700
20240205,12:00:19,12.95,50,36700
20240205,12:01:37,12.75,200,37000
20240205,12:03:19,12.6,100,37000
20240205,12:04:28,12.35,450,37000
20240205,12:04:47,12.4,50,37100
20240205,12:04:51,12.45,50,37100
20240205,12:05:07,12.3,50,37100
20240205,12:05:22,12.4,50,37100
20240205,12:07:43,12.15,50,37000
20240205,12:07:51,12.15,100,37000
20240205,12:07:56,12.15,100,37000
20240205,12:08:52,11.65,50,37000
20240205,12:09:22,11.45,50,37000
20240205,12:10:13,11.75,100,37000
20240205,12:10:36,11.75,50,36550
20240205,12:12:29,11.8,100,36550
20240205,12:12:49,11.7,100,36550
20240205,12:13:04,11.95,50,36550
20240205,12:13:32,12.05,50,36550
20240205,12:13:50,12.15,500,36650
20240205,12:14:04,12.1,100,36650
20240205,12:14:36,12.25,100,36650
20240205,12:16:10,12.45,50,36650
20240205,12:16:19,12.3,50,36650
20240205,12:16:24,12.2,50,36650
20240205,12:16:47,12.35,50,36800
20240205,12:17:01,12.4,50,36800
20240205,12:17:18,12.45,50,36800
20240205,12:17:32,12.45,50,36800
20240205,12:18:05,12.45,100,36800
20240205,12:18:10,12.6,50,36800
20240205,12:18:16,12.65,50,36800
20240205,12:18:29,12.7,150,36800
20240205,12:18:36,12.75,50,36800
20240205,12:20:06,12.95,50,37200
20240205,12:20:21,12.85,50,37200
20240205,12:21:17,12.5,50,37200
20240205,12:21:31,12.5,50,37200
20240205,12:22:11,12.75,50,37200
20240205,12:23:40,12.9,50,37300
20240205,12:25:09,12.5,50,37300
20240205,12:25:36,12.2,100,37300
20240205,12:25:41,12.1,50,37100
20240205,12:25:46,12.1,50,37100
20240205,12:27:15,11.9,50,37100
20240205,12:28:19,11.75,50,37100
20240205,12:28:42,11.65,500,37100
20240205,12:28:58,11.55,150,37100
20240205,12:31:08,11.65,50,37100
20240205,12:31:32,11.8,50,37100
20240205,12:33:03,11.4,450,36800
20240205,12:33:08,11.55,50,36800
20240205,12:33:13,11.4,50,36800
20240205,12:33:18,11.6,50,36800
20240205,12:34:09,11.5,50,36800
20240205,12:37:34,11.9,50,36800
20240205,12:37:43,11.8,200,36800
20240205,12:41:18,12.15,50,36800
20240205,12:41:42,11.95,50,36800
20240205,12:43:08,12.0,50,36800
20240205,12:43:17,12.15,50,36800
20240205,12:43:22,12.1,50,36800
20240205,12:43:26,11.95,50,36800
20240205,12:44:13,12.15,50,36950
20240205,12:44:25,12.15,500,36950
20240205,12:45:40,12.1,50,36950
20240205,12:46:14,11.85,50,36950
20240205,12:47:03,11.9,50,37550
20240205,12:50:58,11.8,100,37500
20240205,12:51:11,11.7,50,37500
20240205,12:53:50,11.95,100,37500
20240205,12:55:09,12.15,50,37600
20240205,12:57:40,12.5,50,37250
20240205,12:58:57,12.5,50,37200
20240205,12:59:05,12.4,100,37200
20240205,13:00:22,12.55,50,37200
20240205,13:01:01,12.6,100,37200
20240205,13:02:17,12.6,50,37200
20240205,13:02:28,12.55,50,37200
20240205,13:03:03,12.55,100,37200
20240205,13:03:37,12.4,50,37200
20240205,13:05:37,12.3,50,37200
20240205,13:06:36,12.7,50,37200
20240205,13:06:46,13.0,50,37200
20240205,13:07:10,12.9,50,37200
20240205,13:07:19,13.0,250,37200
20240205,13:07:56,13.0,50,37250
20240205,13:09:04,13.25,50,37250
20240205,13:09:12,13.2,100,37250
20240205,13:09:33,13.15,100,37250
20240205,13:09:44,13.0,50,37250
20240205,13:10:01,13.05,50,37250
20240205,13:10:07,13.05,50,37250
20240205,13:10:49,13.05,150,37050
20240205,13:10:56,13.05,50,37050
20240205,13:11:07,12.95,350,37050
20240205,13:13:25,12.9,50,37050
20240205,13:13:33,12.75,300,37050
20240205,13:13:36,12.75,250,37050
20240205,13:13:40,12.75,50,37050
20240205,13:13:56,12.75,150,36500
20240205,13:13:59,12.75,50,36500
20240205,13:14:02,12.75,200,36500
20240205,13:14:24,12.6,50,36500
20240205,13:14:38,12.55,50,36500
20240205,13:16:11,12.8,900,36500
20240205,13:17:25,12.5,50,36250
20240205,13:18:01,12.3,50,36250
20240205,13:18:06,12.35,50,36250
20240205,13:18:54,12.5,50,36250
20240205,13:23:48,12.75,50,36450
20240205,13:23:53,12.9,100,36450
20240205,13:24:07,12.65,50,36450
20240205,13:25:24,12.15,50,36450
20240205,13:25:29,12.1,50,36450
20240205,13:25:36,12.05,50,36450
20240205,13:25:39,11.95,50,36450
20240205,13:25:58,11.8,50,36500
20240205,13:26:14,11.75,50,36500
20240205,13:28:30,11.7,50,36500
20240205,13:28:43,11.7,100,36500
20240205,13:29:17,11.3,50,36550
20240205,13:29:22,11.2,50,36550
20240205,13:29:39,11.2,50,36550
20240205,13:29:52,11.1,50,36550
20240205,13:30:05,11.1,250,36550
20240205,13:32:53,11.8,100,36550
20240205,13:33:00,11.85,50,36550
20240205,13:33:21,11.9,50,36550
20240205,13:34:15,12.0,50,36550
20240205,13:37:41,12.05,50,36350
20240205,13:40:02,11.75,50,36350
20240205,13:40:41,11.8,100,36350
20240205,13:44:18,11.8,50,36350
20240205,13:44:39,11.95,50,36350
20240205,13:44:54,11.85,50,36350
20240205,13:45:03,11.85,50,36350
20240205,13:45:11,11.75,100,36350
20240205,13:48:24,11.85,50,36300
20240205,13:48:37,11.8,50,36300
20240205,13:50:04,11.95,50,36500
20240205,13:50:22,12.05,50,36500
20240205,13:51:59,12.05,100,36500
20240205,13:52:09,12.05,50,36500
20240205,13:52:17,12.05,100,36500
20240205,13:53:20,12.15,50,36550
20240205,13:53:50,12.25,50,36550
20240205,13:54:18,12.25,100,36550
20240205,13:54:44,12.25,50,36550
20240205,13:54:47,12.25,50,36550
20240205,13:55:38,12.25,50,36550
20240205,13:56:11,12.1,50,36600
20240205,13:56:23,11.95,50,36600
20240205,13:57:32,11.7,200,36600
20240205,13:57:56,11.75,50,36600
20240205,13:58:15,12.0,50,36600
20240205,13:59:09,12.0,50,36700
20240205,13:59:12,12.0,100,36700
20240205,13:59:15,12.0,150,36700
20240205,13:59:33,12.05,50,36700
20240205,14:06:18,11.4,100,36500
20240205,14:06:40,11.25,50,36500
20240205,14:06:52,11.1,50,36500
20240205,14:06:58,11.25,50,36500
20240205,14:07:27,11.25,50,36500
20240205,14:09:08,10.9,100,36500
20240205,14:09:09,10.75,100,36500
20240205,14:10:19,10.75,50,36500
20240205,14:10:44,10.5,300,36500
20240205,14:10:59,10.45,650,36350
20240205,14:11:07,10.55,150,36350
20240205,14:11:20,10.4,250,36350
20240205,14:11:28,10.2,500,36350
20240205,14:11:34,10.2,50,36350
20240205,14:11:40,10.15,50,36350
20240205,14:11:47,10.0,300,36350
20240205,14:12:01,10.0,1200,36350
20240205,14:12:08,10.2,100,36350
20240205,14:12:30,10.3,200,36350
20240205,14:12:37,10.3,100,36350
20240205,14:12:43,10.3,150,36350
20240205,14:13:26,10.75,50,36350
20240205,14:13:51,10.85,50,36350
20240205,14:13:57,10.9,150,34350
20240205,14:14:44,11.2,50,34350
20240205,14:15:00,11.25,450,34350
20240205,14:15:06,11.25,100,34350
20240205,14:15:19,11.15,100,34350
20240205,14:15:24,11.3,400,34350
20240205,14:15:30,11.1,100,34350
20240205,14:15:58,10.95,50,34350
20240205,14:16:09,11.05,50,34350
20240205,14:16:14,11.1,200,34350
20240205,14:16:50,11.15,800,34350
20240205,14:17:18,11.15,150,34000
20240205,14:17:39,11.25,250,34000
20240205,14:17:44,11.25,150,34000
20240205,14:17:48,11.3,100,34000
20240205,14:18:01,11.25,50,34000
20240205,14:18:05,11.15,100,34000
20240205,14:18:28,11.2,100,34000
20240205,14:18:36,11.25,50,34000
20240205,14:18:41,11.3,50,34000
20240205,14:19:46,11.15,100,34000
20240205,14:20:00,11.15,800,33250
20240205,14:20:03,11.3,150,33250
20240205,14:20:11,11.3,150,33250
20240205,14:20:35,11.05,150,33250
20240205,14:20:43,11.2,50,33250
20240205,14:20:52,11.05,100,33250
20240205,14:21:02,11.0,50,33250
20240205,14:21:08,11.0,500,33250
20240205,14:21:13,11.1,850,33250
20240205,14:21:23,11.05,100,33250
20240205,14:21:28,10.9,50,33250
20240205,14:21:35,10.95,150,33250
20240205,14:21:41,10.95,100,33250
20240205,14:22:28,10.95,150,33250
20240205,14:22:45,10.9,150,33250
20240205,14:23:40,10.95,100,32850
20240205,14:23:55,10.9,450,32850
20240205,14:24:16,10.75,300,32850
20240205,14:24:23,10.75,50,32850
20240205,14:24:30,10.8,100,32850
20240205,14:24:38,10.8,100,32850
20240205,14:24:44,10.75,350,32850
20240205,14:24:51,10.75,400,32850
20240205,14:25:03,10.9,300,32850
20240205,14:25:09,10.9,150,32850
20240205,14:25:15,10.9,250,32850
20240205,14:25:23,10.9,100,32850
20240205,14:25:31,10.9,200,32850
20240205,14:25:50,10.9,150,32850
20240205,14:25:56,10.9,100,33200
20240205,14:26:02,11.05,150,33200
20240205,14:26:20,11.05,150,33200
20240205,14:26:26,10.95,100,33200
20240205,14:26:32,10.95,50,33200
20240205,14:26:38,10.95,250,33200
20240205,14:26:49,10.95,100,33200
20240205,14:27:19,10.95,50,33200
20240205,14:27:46,10.65,500,33200
20240205,14:27:53,10.8,150,33200
20240205,14:28:08,10.85,500,33200
20240205,14:28:14,10.85,350,33200
20240205,14:28:32,10.8,750,33200
20240205,14:29:36,10.95,50,33050
20240205,14:29:53,10.95,200,33050
20240205,14:30:06,11.1,50,33050
20240205,14:30:39,11.25,50,33050
20240205,14:30:51,11.15,50,33050
20240205,14:31:07,11.15,50,33050
20240205,14:31:18,11.15,50,33050
20240205,14:31:36,11.0,50,33050
20240205,14:31:43,10.95,50,33050
20240205,14:31:56,10.9,50,33050
20240205,14:32:04,10.95,50,32750
20240205,14:32:21,10.6,200,32750
20240205,14:32:31,10.7,350,32750
20240205,14:32:40,10.5,150,32750
20240205,14:33:05,10.35,100,32750
20240205,14:33:14,10.25,100,32750
20240205,14:33:32,10.35,100,32750
20240205,14:33:41,10.25,100,32750
20240205,14:34:49,10.05,50,32750
20240205,14:34:57,9.9,1300,31850
20240205,14:35:05,10.15,150,31850
20240205,14:35:22,10.1,450,31850
20240205,14:35:30,10.1,50,31850
20240205,14:35:47,9.7,350,31850
20240205,14:35:57,9.7,300,31850
20240205,14:36:15,9.8,50,31850
20240205,14:36:24,9.7,50,31850
20240205,14:36:43,9.85,200,31850
20240205,14:37:03,9.7,200,31850
20240205,14:37:13,9.6,250,31850
20240205,14:37:22,9.75,50,31850
20240205,14:37:31,9.7,50,31850
20240205,14:37:40,9.8,50,31850
20240205,14:37:50,9.6,100,31850
20240205,14:37:59,9.6,100,31850
20240205,14:38:08,9.75,50,31750
20240205,14:38:17,9.85,50,31750
20240205,14:38:26,9.8,100,31750
20240205,14:38:54,9.55,150,31750
20240205,14:39:03,9.4,300,31750
20240205,14:39:12,9.55,400,31750
20240205,14:39:22,9.5,200,31750
20240205,14:39:31,9.6,100,31750
20240205,14:39:49,9.65,100,31750
20240205,14:39:58,9.65,50,31750
20240205,14:40:06,9.55,150,31750
20240205,14:40:24,9.55,50,31750
20240205,14:40:42,9.75,50,31750
20240205,14:41:08,9.65,50,32000
20240205,14:41:16,9.7,100,32000
20240205,14:41:25,9.65,150,32000
20240205,14:41:43,9.65,400,32000
20240205,14:41:51,9.7,400,32000
20240205,14:42:21,9.55,150,32000
20240205,14:42:31,9.5,250,32000
20240205,14:42:44,9.5,150,32000
20240205,14:42:55,9.25,450,32000
20240205,14:43:04,9.25,50,32000
20240205,14:43:15,9.55,950,32000
20240205,14:43:25,9.55,50,32000
20240205,14:43:34,9.4,350,32000
20240205,14:43:55,9.15,400,32000
20240205,14:44:05,9.15,250,30750
20240205,14:44:15,9.1,300,30750
20240205,14:44:26,9.2,350,30750
20240205,14:44:37,9.4,400,30750
20240205,14:44:47,9.35,600,30750
20240205,14:45:07,9.3,100,30750
20240205,14:45:17,9.15,300,30750
20240205,14:45:29,9.05,50,30750
20240205,14:45:41,9.0,200,30750
20240205,14:45:52,8.8,50,30750
20240205,14:46:03,8.75,150,30750
20240205,14:46:14,8.6,250,30750
20240205,14:46:24,8.6,100,30750
20240205,14:46:34,8.85,100,30750
20240205,14:46:45,8.8,50,30750
20240205,14:47:04,8.75,100,30750
20240205,14:47:25,8.9,50,30550
20240205,14:47:35,8.75,50,30550
20240205,14:47:45,8.75,50,30550
20240205,14:47:56,8.9,150,30550
20240205,14:48:18,8.95,100,30550
20240205,14:48:28,9.0,100,30550
20240205,14:48:38,9.0,250,30550
20240205,14:48:48,8.95,50,30550
20240205,14:48:57,8.85,1550,30550
20240205,14:49:08,8.8,400,30550
20240205,14:49:18,9.05,200,30550
20240205,14:49:28,9.0,400,30550
20240205,14:49:38,9.1,50,30550
20240205,14:50:07,9.0,150,31300
20240205,14:50:17,9.0,150,31300
20240205,14:50:27,8.95,350,31300
20240205,14:50:37,9.0,300,31300
20240205,14:50:47,8.75,450,31300
20240205,14:50:57,8.95,600,31300
20240205,14:51:07,9.0,200,31300
20240205,14:51:36,8.75,150,31300
20240205,14:52:31,8.85,400,31300
20240205,14:53:01,8.8,50,31700
20240205,14:53:11,8.75,50,31700
20240205,14:53:21,8.75,100,31700
20240205,14:53:40,8.85,450,31700
20240205,14:53:49,8.85,50,31700
20240205,14:53:59,8.8,100,31700
20240205,14:54:09,8.7,150,31700
20240205,14:54:27,8.7,50,31700
20240205,14:54:37,8.65,50,31700
20240205,14:54:46,8.3,7250,31700
20240205,14:54:56,8.15,3050,31700
20240205,14:55:05,8.5,100,31700
20240205,14:55:14,8.5,250,31700
20240205,14:55:32,8.35,150,31700
20240205,14:56:03,8.3,350,29700
20240205,14:56:21,8.25,50,29700
20240205,14:56:30,8.3,50,29700
20240205,14:56:39,8.25,200,29700
20240205,14:57:00,8.15,200,29700
20240205,14:57:11,8.3,100,29700
20240205,14:58:00,8.2,50,29700
20240205,14:58:47,8.1,600,29700
20240205,14:58:56,8.1,50,29700
20240205,14:59:33,8.1,50,29800
20240205,15:00:08,8.05,1500,29800
20240205,15:00:17,8.05,50,29800
20240205,15:00:37,8.05,50,29800
20240205,15:00:56,8.1,600,29800
20240205,15:01:05,8.1,50,29800
20240205,15:01:15,8.25,100,29800
20240205,15:01:25,8.35,50,29800
20240205,15:01:34,8.3,50,29800
20240205,15:02:00,8.3,1500,29800
20240205,15:02:18,8.4,50,29950
20240205,15:02:27,8.35,50,29950
20240205,15:02:44,8.4,150,29950
20240205,15:03:20,8.45,100,29950
20240205,15:04:05,8.55,200,29950
20240205,15:05:28,8.7,100,29700
20240205,15:06:28,8.85,100,29700
20240205,15:06:49,8.6,50,29700
20240205,15:07:56,9.0,100,29700
20240205,15:08:23,9.05,100,29700
20240205,15:09:43,9.25,50,29700
20240205,15:10:37,9.2,100,29700
20240205,15:10:56,9.2,50,29700
20240205,15:11:57,9.1,300,29700
20240205,15:12:07,8.95,50,29700
20240205,15:12:46,8.7,800,29700
20240205,15:13:44,8.6,150,29700
20240205,15:14:11,8.55,50,29800
20240205,15:14:29,8.6,600,29800
20240205,15:15:06,8.55,300,29800
20240205,15:16:34,8.7,50,29800
20240205,15:16:53,8.7,50,29800
20240205,15:17:22,8.65,50,29400
20240205,15:17:41,8.65,100,29400
20240205,15:19:05,8.6,50,29400
20240205,15:19:33,8.55,50,29400
20240205,15:19:59,8.55,1000,29400
20240205,15:20:17,8.6,100,30400
20240205,15:20:35,8.65,250,30400
20240205,15:21:40,8.5,100,30400
20240205,15:21:49,8.5,50,30400
20240205,15:22:16,8.5,150,30400
20240205,15:22:25,8.45,250,30400
20240205,15:22:35,8.4,550,30400
20240205,15:22:44,8.45,500,30400
20240205,15:22:53,8.35,150,30400
20240205,15:23:03,8.4,300,30400
20240205,15:23:11,8.35,100,29400
20240205,15:23:56,8.4,50,29400
20240205,15:24:11,8.4,50,29400
20240205,15:24:29,8.5,450,29400
20240205,15:25:12,8.4,100,29400
20240205,15:25:39,8.35,100,29400
20240205,15:25:48,8.1,100,29400
20240205,15:26:06,8.3,200,29400
20240205,15:26:31,8.15,150,29050
20240205,15:26:39,8.15,50,29050
20240205,15:26:48,8.25,100,29050
20240205,15:27:15,8.25,50,29050
20240205,15:27:24,8.15,100,29050
20240205,15:27:32,8.05,400,29050
20240205,15:27:41,8.2,250,29050
20240205,15:27:58,8.1,500,29050
20240205,15:28:06,8.15,50,29050
20240205,15:28:17,8.0,450,29050
20240205,15:28:54,8.0,50,29050
20240205,15:28:57,8.05,50,29050
20240205,15:29:10,8.1,150,28400
20240205,15:29:19,8.05,400,28400
20240205,15:29:36,8.1,150,28400
20240205,15:29:45,8.6,1100,28400
20240205,15:29:55,8.2,200,28400
20240205,15:30:02,8.05,250,28400
20240206,09:15:17,8.4,1,27350
20240206,09:15:17,8.4,50,27350
20240206,09:15:59,8.7,50,27350
20240206,09:16:53,8.7,350,27400
20240206,09:17:46,8.1,50,27400
20240206,09:18:15,8.1,150,27400
20240206,09:18:34,7.55,300,27400
20240206,09:19:13,7.55,50,27400
20240206,09:20:00,8.1,50,27400
20240206,09:20:46,7.85,50,27400
20240206,09:25:13,7.95,150,27400
20240206,09:25:36,7.95,100,27350
20240206,09:27:33,8.25,50,27350
20240206,09:28:07,8.1,100,27350
20240206,09:28:19,8.1,100,27350
20240206,09:28:30,8.3,50,27350
20240206,09:29:14,7.95,50,27400
20240206,09:29:24,7.9,50,27400
20240206,09:29:35,7.9,100,27400
20240206,09:30:06,8.0,100,27400
20240206,09:31:24,8.0,50,27400
20240206,09:31:56,8.05,150,27550
20240206,09:32:17,8.05,50,27550
20240206,09:32:28,8.15,50,27550
20240206,09:34:01,8.0,50,27550
20240206,09:35:38,8.3,100,27600
20240206,09:36:09,8.3,50,27600
20240206,09:36:29,8.3,50,27600
20240206,09:36:40,8.45,50,27600
20240206,09:37:20,8.45,50,27600
20240206,09:37:39,8.5,50,27450
20240206,09:38:01,8.6,400,27450
20240206,09:38:13,8.8,800,27450
20240206,09:38:27,8.9,100,27450
20240206,09:38:50,9.1,150,27450
20240206,09:39:02,9.2,100,27450
20240206,09:39:14,9.3,50,27450
20240206,09:39:39,9.3,50,27450
20240206,09:40:36,8.95,50,27450
20240206,09:42:19,8.9,50,28000
20240206,09:42:41,8.9,50,28000
20240206,09:43:02,8.7,400,28000
20240206,09:43:44,8.8,50,27700
20240206,09:43:54,8.8,50,27700
20240206,09:45:05,8.8,350,27700
20240206,09:45:16,8.95,50,27700
20240206,09:45:27,8.7,1350,27700
20240206,09:45:38,8.7,50,27700
20240206,09:45:49,8.9,300,27700
20240206,09:46:01,8.85,150,27700
20240206,09:46:13,8.75,200,27700
20240206,09:46:25,8.8,550,27700
20240206,09:46:36,8.7,200,25900
20240206,09:47:07,8.45,150,25900
20240206,09:47:28,8.55,100,25900
20240206,09:47:49,8.7,50,25900
20240206,09:48:00,8.5,50,25900
20240206,09:48:11,8.65,350,25900
20240206,09:48:21,8.6,200,25900
20240206,09:48:32,8.6,100,25900
20240206,09:49:22,8.6,450,25900
20240206,09:49:55,8.9,50,25250
20240206,09:50:09,8.85,150,25250
20240206,09:50:21,8.85,450,25250
20240206,09:50:31,8.7,200,25250
20240206,09:50:52,8.8,100,25250
20240206,09:51:14,8.8,150,25250
20240206,09:52:09,8.8,400,25250
20240206,09:53:52,8.75,50,25550
20240206,09:54:03,8.8,50,25550
20240206,09:54:14,8.65,50,25550
20240206,09:54:24,8.75,50,25550
20240206,09:55:49,8.4,50,25550
20240206,09:56:52,8.6,50,25550
20240206,09:58:03,8.65,50,25550
20240206,09:58:26,8.85,50,25550
20240206,09:58:50,8.85,300,25550
20240206,09:59:23,8.95,50,25550
20240206,10:00:05,8.8,100,25550
20240206,10:00:57,8.85,50,25550
20240206,10:01:07,8.9,3200,25550
20240206,10:01:17,9.0,4250,25550
20240206,10:01:27,9.0,1000,25550
20240206,10:01:37,9.1,1200,32050
20240206,10:01:46,9.25,1700,32050
20240206,10:02:04,9.15,200,32050
20240206,10:02:24,9.15,100,32050
20240206,10:02:34,9.2,850,32050
20240206,10:02:55,9.3,1850,32050
20240206,10:03:07,9.3,200,32050
20240206,10:03:20,9.35,1900,32050
20240206,10:03:32,9.35,100,32050
20240206,10:03:44,9.5,3700,32050
20240206,10:03:56,9.5,3350,32050
20240206,10:04:07,9.55,700,32050
20240206,10:04:18,9.65,50,32050
20240206,10:04:29,9.65,1950,32050
20240206,10:04:40,9.5,650,46550
20240206,10:04:51,9.55,550,46550
20240206,10:05:03,9.5,1100,46550
20240206,10:05:15,9.4,250,46550
20240206,10:05:37,9.25,50,46550
20240206,10:05:49,9.1,250,46550
20240206,10:06:00,9.15,1200,46550
20240206,10:06:22,9.15,250,46550
20240206,10:06:33,9.1,100,46550
20240206,10:06:54,9.2,50,46550
20240206,10:07:04,9.15,250,46550
20240206,10:08:05,9.0,150,49500
20240206,10:08:26,8.95,50,49500
20240206,10:08:37,8.95,1250,49500
20240206,10:08:57,8.85,100,49500
20240206,10:09:07,9.0,550,49500
20240206,10:09:18,8.95,50,49500
20240206,10:10:18,9.0,50,49500
20240206,10:10:27,9.1,50,49500
20240206,10:10:38,9.05,100,49500
20240206,10:10:48,9.05,100,49550
20240206,10:11:07,9.0,200,49550
20240206,10:11:18,9.1,150,49550
20240206,10:11:28,9.15,50,49550
20240206,10:11:39,9.1,300,49550
20240206,10:12:19,9.05,150,49550
20240206,10:12:49,9.0,600,49550
20240206,10:12:59,9.0,150,49550
20240206,10:13:09,9.1,150,49550
20240206,10:13:18,9.1,50,49550
20240206,10:15:09,9.05,100,48950
20240206,10:15:20,8.95,150,48950
20240206,10:15:31,8.85,50,48950
20240206,10:15:42,8.95,50,48950
20240206,10:16:04,8.85,200,48950
20240206,10:16:15,9.05,1300,48950
20240206,10:16:58,8.8,150,50500
20240206,10:17:08,8.9,50,50500
20240206,10:17:38,8.9,150,50500
20240206,10:18:24,9.1,50,50500
20240206,10:18:50,8.95,50,50500
20240206,10:19:29,8.7,50,50500
20240206,10:20:00,8.75,50,50350
20240206,10:20:10,8.65,350,50350
20240206,10:20:31,8.7,450,50350
20240206,10:20:50,8.85,100,50350
20240206,10:21:37,8.7,50,50350
20240206,10:22:04,8.75,100,50350
20240206,10:23:00,8.8,50,50750
20240206,10:23:09,8.7,150,50750
20240206,10:23:47,8.65,150,50750
20240206,10:25:04,8.35,150,50750
20240206,10:25:14,8.3,300,50750
20240206,10:25:24,8.25,200,50750
20240206,10:25:35,8.15,100,50750
20240206,10:25:56,8.05,50,51450
20240206,10:26:17,8.05,200,51450
20240206,10:26:27,8.05,600,51450
20240206,10:26:37,7.9,50,51450
20240206,10:27:18,8.0,200,51450
20240206,10:28:03,7.85,250,51450
20240206,10:28:40,7.75,50,51450
20240206,10:28:50,7.65,150,51950
20240206,10:29:00,7.6,300,51950
20240206,10:29:11,7.6,350,51950
20240206,10:29:32,7.5,50,51950
20240206,10:29:43,7.45,1350,51950
20240206,10:30:03,7.45,150,51950
20240206,10:30:13,7.5,450,51950
20240206,10:30:35,7.35,400,51950
20240206,10:30:55,7.3,300,51950
20240206,10:31:05,7.45,50,51950
20240206,10:31:36,7.45,750,51950
20240206,10:31:57,7.6,350,51750
20240206,10:32:25,7.25,100,51750
20240206,10:33:13,7.15,150,51750
20240206,10:33:30,7.1,300,51750
20240206,10:33:40,7.05,200,51750
20240206,10:33:49,7.05,250,51750
20240206,10:34:08,7.2,450,51750
20240206,10:34:37,7.25,250,51750
20240206,10:34:56,7.35,50,52350
20240206,10:35:15,7.3,50,52350
20240206,10:36:30,7.5,50,52350
20240206,10:36:49,7.6,50,52350
20240206,10:37:45,7.4,400,52450
20240206,10:37:55,7.55,3550,52450
20240206,10:38:24,7.45,300,52450
20240206,10:38:32,7.45,750,52450
20240206,10:38:50,7.45,800,52450
20240206,10:39:08,7.45,300,52450
20240206,10:39:28,7.45,50,52450
20240206,10:40:45,7.45,350,52450
20240206,10:41:01,7.5,50,52450
20240206,10:42:19,7.4,50,52450
20240206,10:42:37,7.35,250,52450
20240206,10:42:55,7.5,500,52450
20240206,10:45:04,7.55,700,52400
20240206,10:45:25,7.55,100,52400
20240206,10:46:03,7.55,50,52400
20240206,10:47:12,7.5,150,52450
20240206,10:47:53,7.5,500,52450
20240206,10:48:55,7.55,50,52450
20240206,10:50:45,7.4,150,52450
20240206,10:52:08,7.55,150,52450
20240206,10:52:38,7.5,50,52450
20240206,10:52:46,7.6,250,52450
20240206,10:53:03,7.6,100,52700
20240206,10:54:06,7.55,150,52700
20240206,10:54:26,7.6,250,52700
20240206,10:55:01,7.6,100,52700
20240206,10:55:27,7.6,200,52700
20240206,10:55:37,7.6,250,52700
20240206,10:59:45,7.8,50,52900
20240206,10:59:55,7.9,150,52900
20240206,11:00:15,8.0,1000,52900
20240206,11:00:48,8.1,150,52900
20240206,11:02:07,7.95,250,53100
20240206,11:04:00,7.7,500,53100
20240206,11:05:00,7.5,100,53600
20240206,11:05:35,7.5,50,53600
20240206,11:07:55,7.45,1800,53750
20240206,11:10:32,8.0,50,53750
20240206,11:15:04,7.6,150,53800
20240206,11:15:32,7.7,150,53800
20240206,11:15:41,7.65,100,53800
20240206,11:15:58,7.6,50,53800
20240206,11:16:51,7.7,50,54000
20240206,11:17:01,7.65,50,54000
20240206,11:18:14,7.65,50,54000
20240206,11:20:44,7.55,400,54050
20240206,11:21:09,7.45,200,54050
20240206,11:26:02,7.45,700,54050
20240206,11:26:58,7.55,200,54050
20240206,11:27:37,7.5,200,54050
20240206,11:29:04,7.35,50,53350
20240206,11:31:21,7.5,250,53350
20240206,11:32:04,7.5,500,53350
20240206,11:32:28,7.6,50,53350
20240206,11:32:56,7.7,50,53350
20240206,11:33:07,7.7,150,53350
20240206,11:33:22,7.8,950,53350
20240206,11:33:49,7.75,100,53350
20240206,11:34:01,7.6,1100,53350
20240206,11:34:15,7.75,100,53350
20240206,11:34:44,7.8,800,53350
20240206,11:35:10,8.45,50,53950
20240206,11:35:25,8.4,200,53950
20240206,11:35:50,8.25,250,53950
20240206,11:36:02,7.9,50,53950
20240206,11:36:15,8.0,50,53950
20240206,11:36:40,7.75,50,53950
20240206,11:37:04,7.7,200,53950
20240206,11:37:16,7.8,400,53950
20240206,11:39:00,7.8,400,54050
20240206,11:39:45,8.0,200,54050
20240206,11:40:18,7.9,250,54050
20240206,11:40:39,7.9,250,54050
20240206,11:40:50,7.9,50,54050
20240206,11:41:22,7.65,50,54300
20240206,11:43:38,7.8,250,54300
20240206,11:43:50,7.6,450,54300
20240206,11:44:01,7.7,250,53800
20240206,11:44:23,7.65,250,53800
20240206,11:45:03,7.6,500,53800
20240206,11:45:23,7.6,50,53800
20240206,11:45:33,7.65,100,53800
20240206,11:45:53,7.6,350,53800
20240206,11:46:03,7.6,700,53800
20240206,11:46:45,7.65,300,53800
20240206,11:46:54,7.65,100,53800
20240206,11:47:15,7.6,600,53400
20240206,11:47:25,7.75,750,53400
20240206,11:47:44,7.7,250,53400
20240206,11:48:23,7.65,400,53400
20240206,11:48:51,7.8,400,53400
20240206,11:49:07,7.85,150,53400
20240206,11:49:15,7.85,500,53400
20240206,11:50:06,7.8,50,53050
20240206,11:50:23,7.8,300,53050
20240206,11:50:46,7.9,300,53050
20240206,11:52:21,7.8,250,53050
20240206,11:52:30,7.75,50,53050
20240206,11:53:03,7.8,200,53000
20240206,11:54:03,8.0,300,53000
20240206,11:55:46,8.0,150,53000
20240206,11:56:18,8.05,250,53100
20240206,11:56:26,8.0,250,53100
20240206,11:56:55,8.0,100,53100
20240206,11:57:03,8.0,100,53100
20240206,11:57:10,8.0,50,53100
20240206,11:57:38,8.0,100,53100
20240206,11:57:47,8.05,800,53100
20240206,11:58:00,8.15,150,53100
20240206,11:58:13,8.15,200,53100
20240206,11:59:14,8.15,200,53450
20240206,11:59:48,8.25,250,53450
20240206,12:00:36,8.25,200,53450
20240206,12:01:11,8.15,50,53450
20240206,12:01:34,8.1,500,53450
20240206,12:02:10,8.15,350,54050
20240206,12:02:22,8.1,550,54050
20240206,12:02:34,8.05,250,54050
20240206,12:02:44,8.1,1000,54050
20240206,12:03:53,7.9,200,54050
20240206,12:05:08,7.8,50,55000
20240206,12:05:20,7.95,1450,55000
20240206,12:05:42,7.95,700,55000
20240206,12:05:53,8.0,250,55000
20240206,12:06:18,7.95,50,55000
20240206,12:06:51,7.85,150,55000
20240206,12:07:18,7.85,700,55000
20240206,12:07:45,7.95,600,55000
20240206,12:08:17,7.9,150,55650
20240206,12:08:26,8.0,500,55650
20240206,12:09:36,7.9,50,55650
20240206,12:10:14,8.05,1000,55650
20240206,12:10:39,8.1,300,55650
20240206,12:11:28,8.35,1250,56900
20240206,12:11:40,8.4,750,56900
20240206,12:11:51,8.55,50,56900
20240206,12:12:58,8.65,650,56900
20240206,12:13:33,8.55,300,56900
20240206,12:13:43,8.5,50,56900
20240206,12:13:51,8.45,200,56900
20240206,12:13:59,8.35,100,56700
20240206,12:14:31,8.45,150,56700
20240206,12:15:41,8.6,150,56700
20240206,12:16:39,8.6,250,56700
20240206,12:16:58,8.4,50,56700
20240206,12:17:11,8.45,300,56700
20240206,12:17:34,8.4,50,56700
20240206,12:18:35,8.3,350,56700
20240206,12:18:45,8.35,400,56700
20240206,12:20:51,8.5,350,56700
20240206,12:21:21,8.6,50,56700
20240206,12:21:54,8.55,300,56700
20240206,12:22:07,8.5,50,56700
20240206,12:22:38,8.45,50,56700
20240206,12:24:07,8.45,50,56850
20240206,12:24:43,8.25,50,56850
20240206,12:24:51,8.15,50,56850
20240206,12:25:09,7.95,150,56850
20240206,12:25:19,7.7,250,56850
20240206,12:25:27,7.8,100,56850
20240206,12:25:35,7.65,50,56850
20240206,12:26:02,7.75,100,56950
20240206,12:26:20,7.8,950,56950
20240206,12:26:46,7.9,50,56950
20240206,12:26:53,7.9,300,56950
20240206,12:27:58,7.65,150,56950
20240206,12:33:12,8.0,250,57200
20240206,12:33:21,8.1,550,57200
20240206,12:35:04,8.45,150,58000
20240206,12:35:42,8.55,2300,58000
20240206,12:35:56,8.55,250,58000
20240206,12:36:06,8.65,200,58000
20240206,12:36:15,8.55,200,58000
20240206,12:36:23,8.55,300,58000
20240206,12:36:45,8.7,500,58000
20240206,12:37:41,9.25,50,58000
20240206,12:38:12,9.05,100,60200
20240206,12:38:25,9.05,50,60200
20240206,12:38:32,8.85,250,60200
20240206,12:38:58,8.65,50,60200
20240206,12:39:06,8.55,150,60200
20240206,12:39:14,8.55,700,60200
20240206,12:39:22,8.55,50,60200
20240206,12:39:41,8.55,500,60200
20240206,12:39:53,8.6,250,60200
20240206,12:40:00,8.6,50,60200
20240206,12:40:06,8.5,50,60200
20240206,12:40:21,8.4,50,60200
20240206,12:40:40,8.4,500,60200
20240206,12:42:05,8.4,250,61550
20240206,12:42:10,8.4,400,61550
20240206,12:42:15,8.4,100,61550
20240206,12:44:31,8.3,250,62000
20240206,12:45:04,8.35,100,62000
20240206,12:45:16,8.5,50,62000
20240206,12:45:22,8.55,250,62000
20240206,12:45:35,8.65,100,62000
20240206,12:47:10,8.8,50,62050
20240206,12:47:29,8.7,100,62050
20240206,12:48:16,8.5,50,62050
20240206,12:48:24,8.4,200,62050
20240206,12:48:32,8.5,150,62050
20240206,12:48:43,8.2,700,62050
20240206,12:49:21,8.25,700,62050
20240206,12:49:35,8.2,250,62050
20240206,12:49:50,8.2,50,62050
20240206,12:50:33,8.2,50,61550
20240206,12:50:40,8.25,100,61550
20240206,12:51:22,8.35,400,61550
20240206,12:52:20,8.2,50,61550
20240206,12:52:34,8.1,500,61550
20240206,12:53:03,8.15,200,61550
20240206,12:53:26,8.0,350,61300
20240206,12:54:06,7.65,50,61300
20240206,12:54:22,7.9,50,61300
20240206,12:55:52,7.85,500,61300
20240206,12:57:52,7.75,50,60800
20240206,12:57:58,7.85,50,60800
20240206,12:58:11,7.75,150,60800
20240206,12:58:26,7.65,50,60800
20240206,12:58:49,7.7,200,60800
20240206,13:00:11,7.8,50,60500
20240206,13:00:20,7.9,50,60500
20240206,13:00:28,7.9,100,60500
20240206,13:01:17,7.95,100,60500
20240206,13:01:30,8.0,100,60500
20240206,13:02:43,8.1,500,60500
20240206,13:02:49,8.1,250,60500
20240206,13:03:30,8.0,50,60500
20240206,13:03:40,7.95,50,60500
20240206,13:05:31,8.15,50,61250
20240206,13:05:37,8.1,50,61250
20240206,13:11:56,8.25,150,61200
20240206,13:15:06,8.3,50,61200
20240206,13:15:20,8.35,200,61200
20240206,13:19:45,8.15,200,61200
20240206,13:20:24,8.2,100,61200
20240206,13:22:10,8.45,50,61200
20240206,13:22:26,8.4,300,61200
20240206,13:22:29,8.35,200,61200
20240206,13:25:27,8.55,650,61000
20240206,13:25:34,8.55,950,61000
20240206,13:25:55,8.75,50,61000
20240206,13:26:58,8.6,100,61050
20240206,13:27:40,8.65,50,61050
20240206,13:28:06,8.55,50,61050
20240206,13:28:11,8.6,250,61050
20240206,13:28:39,8.7,200,61050
20240206,13:30:07,8.75,100,61400
20240206,13:31:45,8.8,150,61400
20240206,13:31:56,8.65,100,61400
20240206,13:32:04,8.7,700,61400
20240206,13:32:20,8.7,250,61700
20240206,13:32:51,8.8,350,61700
20240206,13:33:55,8.8,750,61700
20240206,13:34:07,8.8,250,61700
20240206,13:34:19,8.65,750,61700
20240206,13:34:27,8.7,50,61700
20240206,13:34:32,8.65,150,61700
20240206,13:34:51,8.6,100,61700
20240206,13:34:58,8.5,1000,61700
20240206,13:35:13,8.35,600,61900
20240206,13:35:19,8.3,250,61900
20240206,13:35:23,8.25,1750,61900
20240206,13:36:47,7.85,50,61900
20240206,13:36:59,7.5,100,61900
20240206,13:37:10,7.45,50,61900
20240206,13:37:32,7.35,50,61900
20240206,13:37:41,7.4,1150,61900
20240206,13:37:49,7.5,50,61900
20240206,13:37:58,7.5,350,61900
20240206,13:38:56,7.65,50,62200
20240206,13:39:04,7.65,50,62200
20240206,13:39:12,7.7,50,62200
20240206,13:39:57,7.6,800,62200
20240206,13:41:13,7.9,50,62200
20240206,13:42:16,8.2,500,62050
20240206,13:42:27,8.1,50,62050
20240206,13:42:45,8.15,50,62050
20240206,13:43:50,8.1,50,62050
20240206,13:43:58,8.1,50,62050
20240206,13:45:09,8.1,300,62150
20240206,13:45:18,8.2,50,62150
20240206,13:46:06,8.15,50,62150
20240206,13:47:12,7.7,300,62150
20240206,13:47:37,7.7,350,62150
20240206,13:48:26,7.75,200,62150
20240206,13:48:35,7.7,300,62150
20240206,13:48:58,7.6,100,62150
20240206,13:51:28,7.9,150,62450
20240206,13:52:36,8.2,50,62450
20240206,13:52:45,8.05,1100,62450
20240206,13:52:55,8.1,50,62450
20240206,13:53:33,8.3,200,62550
20240206,13:55:07,8.0,50,62550
20240206,13:57:51,7.95,150,62700
20240206,13:58:15,8.05,500,62700
20240206,13:58:22,8.05,150,62700
20240206,13:58:31,8.05,600,62700
20240206,13:58:39,8.05,300,62700
20240206,14:01:36,8.4,150,62600
20240206,14:02:01,8.25,50,62600
20240206,14:03:13,8.25,100,62600
20240206,14:03:53,8.3,600,62600
20240206,14:04:03,8.35,550,62600
20240206,14:04:33,8.45,1000,62600
20240206,14:05:22,8.8,3250,62600
20240206,14:05:32,8.8,50,62600
20240206,14:05:50,8.7,300,62600
20240206,14:06:08,8.5,250,62600
20240206,14:06:27,8.45,450,62600
20240206,14:06:36,8.35,400,62600
20240206,14:06:46,8.3,350,62600
20240206,14:07:03,8.3,200,62600
20240206,14:07:12,8.2,100,62600
20240206,14:07:20,8.2,400,62600
20240206,14:07:29,8.1,1000,62600
20240206,14:07:54,8.35,50,62600
20240206,14:08:28,8.2,200,62350
20240206,14:09:18,8.2,50,62350
20240206,14:09:27,8.3,100,62350
20240206,14:09:35,8.3,50,62350
20240206,14:10:12,8.4,100,62350
20240206,14:12:05,8.0,100,62250
20240206,14:12:23,8.15,50,62250
20240206,14:12:32,8.0,50,62250
20240206,14:12:51,8.05,100,62250
20240206,14:13:02,8.0,250,62250
20240206,14:13:11,7.95,450,62250
20240206,14:13:34,7.85,250,62250
20240206,14:13:46,7.8,200,62250
20240206,14:14:19,8.0,50,61600
20240206,14:14:57,8.15,500,61600
20240206,14:15:17,8.1,300,61600
20240206,14:15:36,8.1,250,61600
20240206,14:15:53,8.2,100,61600
20240206,14:16:39,8.1,50,61600
20240206,14:16:48,8.1,100,61600
20240206,14:18:24,8.3,100,61600
20240206,14:18:39,8.3,100,61600
20240206,14:18:47,8.3,50,61600
20240206,14:19:10,8.2,50,61600
20240206,14:20:37,7.95,250,61550
20240206,14:21:21,8.0,50,61550
20240206,14:23:10,8.05,50,61550
20240206,14:24:41,8.2,300,61650
20240206,14:26:47,8.2,50,61650
20240206,14:27:38,8.25,50,61650
20240206,14:28:02,8.3,50,61650
20240206,14:29:07,8.2,200,61650
20240206,14:29:52,8.15,50,61350
20240206,14:30:58,8.3,50,61350
20240206,14:31:40,8.35,200,61350
20240206,14:35:23,8.5,50,61250
20240206,14:37:21,8.6,300,61250
20240206,14:37:27,8.5,200,61250
20240206,14:38:26,8.85,250,61500
20240206,14:38:35,8.9,50,61500
20240206,14:38:53,8.95,550,61500
20240206,14:39:33,9.15,50,61500
20240206,14:40:13,8.75,50,61500
20240206,14:40:37,8.55,550,61500
20240206,14:41:25,8.6,50,61800
20240206,14:43:20,9.0,450,61800
20240206,14:43:31,9.0,50,61800
20240206,14:43:42,8.9,50,61800
20240206,14:44:20,8.75,50,61800
20240206,14:45:03,8.8,250,62200
20240206,14:45:13,8.8,50,62200
20240206,14:45:21,8.75,350,62200
20240206,14:45:30,8.65,250,62200
20240206,14:45:47,8.7,300,62200
20240206,14:46:03,8.6,50,62200
20240206,14:46:25,8.75,50,62200
20240206,14:47:05,8.7,50,62200
20240206,14:48:25,8.7,100,61250
20240206,14:48:40,8.75,50,61250
20240206,14:49:07,8.6,50,61250
20240206,14:49:13,8.6,600,61250
20240206,14:49:19,8.6,600,61250
20240206,14:49:32,8.4,300,61250
20240206,14:49:39,8.35,300,61250
20240206,14:49:52,8.15,600,61250
20240206,14:49:59,8.05,650,61250
20240206,14:50:07,8.05,300,61250
20240206,14:50:13,8.1,300,61250
20240206,14:50:26,8.3,350,61450
20240206,14:50:46,8.3,600,61450
20240206,14:50:53,8.3,350,61450
20240206,14:51:01,8.2,350,61450
20240206,14:51:06,8.2,600,61450
20240206,14:51:12,8.1,600,61450
20240206,14:51:19,8.15,1300,61450
20240206,14:51:28,8.25,100,61450
20240206,14:51:55,8.25,50,61450
20240206,14:52:15,8.2,100,61450
20240206,14:52:21,8.1,1550,61450
20240206,14:52:27,8.05,1350,61450
20240206,14:52:36,8.1,1600,61450
20240206,14:52:42,8.05,1250,61450
20240206,14:52:47,7.95,300,61450
20240206,14:52:52,7.95,550,61450
20240206,14:52:58,7.95,300,61450
20240206,14:53:04,8.05,500,61450
20240206,14:53:10,7.9,1450,61450
20240206,14:53:38,7.85,100,62100
20240206,14:53:50,7.8,300,62100
20240206,14:53:57,7.9,400,62100
20240206,14:54:09,7.7,650,62100
20240206,14:54:15,7.65,2750,62100
20240206,14:54:22,7.5,300,62100
20240206,14:54:38,7.5,300,62100
20240206,14:54:51,7.65,950,62100
20240206,14:55:28,7.4,900,62100
20240206,14:55:36,7.5,1750,62100
20240206,14:55:44,7.6,750,62100
20240206,14:55:53,7.55,150,62100
20240206,14:55:59,7.55,150,62100
20240206,14:56:07,7.6,50,62100
20240206,14:56:14,7.65,50,62100
20240206,14:56:21,7.7,4650,62100
20240206,14:56:27,7.7,250,61500
20240206,14:56:34,7.7,50,61500
20240206,14:56:40,7.65,300,61500
20240206,14:56:47,7.7,100,61500
20240206,14:56:53,7.7,50,61500
20240206,14:57:04,7.7,50,61500
20240206,14:57:10,7.7,250,61500
20240206,14:57:16,7.75,950,61500
20240206,14:57:23,7.8,5650,61500
20240206,14:57:44,7.75,250,61500
20240206,14:57:53,7.7,5400,61500
20240206,14:58:05,7.7,50,61500
20240206,14:58:46,7.7,200,61500
20240206,14:59:03,7.65,1500,61500
20240206,14:59:13,7.55,250,61500
20240206,14:59:41,7.5,150,71400
20240206,14:59:48,7.55,500,71400
20240206,15:00:14,7.55,250,71400
20240206,15:00:21,7.6,150,71400
20240206,15:01:20,7.75,200,71400
20240206,15:01:35,7.7,800,71400
20240206,15:02:05,7.65,50,71400
20240206,15:02:13,7.55,1000,71400
20240206,15:02:38,7.8,50,70950
20240206,15:04:05,7.65,50,70950
20240206,15:04:28,7.65,250,70950
20240206,15:04:43,7.6,300,70950
20240206,15:04:56,7.55,100,70950
20240206,15:05:02,7.5,250,70950
20240206,15:05:09,7.55,4000,70950
20240206,15:05:33,7.6,50,73100
20240206,15:05:50,7.7,250,73100
20240206,15:05:55,7.75,850,73100
20240206,15:06:00,7.75,1350,73100
20240206,15:06:06,7.75,250,73100
20240206,15:06:11,7.8,1050,73100
20240206,15:06:21,7.95,200,73100
20240206,15:07:22,7.85,300,73100
20240206,15:07:29,7.75,850,73100
20240206,15:07:35,7.7,50,73100
20240206,15:07:46,7.65,300,73100
20240206,15:07:52,7.65,850,73100
20240206,15:08:00,7.65,1900,73100
20240206,15:08:06,7.7,1000,73100
20240206,15:08:14,7.7,400,73100
20240206,15:08:20,7.65,200,73100
20240206,15:09:03,7.6,100,76050
20240206,15:09:08,7.7,100,76050
20240206,15:09:14,7.7,50,76050
20240206,15:09:39,7.7,1000,76050
20240206,15:09:50,7.65,1700,76050
20240206,15:10:34,7.85,50,76050
20240206,15:10:44,7.85,1050,76050
20240206,15:10:50,7.85,900,76050
20240206,15:10:55,7.8,550,76050
20240206,15:11:05,7.75,1050,76050
20240206,15:11:24,7.75,50,76050
20240206,15:13:01,7.8,200,78350
20240206,15:13:10,7.8,100,78350
20240206,15:13:25,7.75,200,78350
20240206,15:13:38,7.7,50,78350
20240206,15:13:44,7.7,200,78350
20240206,15:14:06,7.75,300,78350
20240206,15:14:15,7.8,300,78350
20240206,15:14:23,7.8,500,78350
20240206,15:14:46,7.65,450,79100
20240206,15:14:52,7.6,50,79100
20240206,15:14:59,7.6,150,79100
20240206,15:15:08,7.55,1050,79100
20240206,15:15:15,7.5,200,79100
20240206,15:15:23,7.5,600,79100
20240206,15:15:32,7.6,600,79100
20240206,15:15:41,7.65,450,79100
20240206,15:15:47,7.6,250,79100
20240206,15:16:00,7.7,600,79100
20240206,15:16:06,7.65,650,79100
20240206,15:16:12,7.7,700,79100
20240206,15:16:20,7.7,1000,79100
20240206,15:16:26,7.7,50,79100
20240206,15:16:31,7.7,450,79100
20240206,15:16:37,7.65,350,79100
20240206,15:16:43,7.7,100,79100
20240206,15:16:50,7.65,50,79100
20240206,15:16:58,7.75,250,79100
20240206,15:17:05,7.75,500,79100
20240206,15:17:12,7.75,650,79100
20240206,15:17:36,7.7,250,83300
20240206,15:17:42,7.65,50,83300
20240206,15:17:58,7.6,100,83300
20240206,15:18:03,7.6,100,83300
20240206,15:18:08,7.55,250,83300
20240206,15:18:14,7.6,600,83300
20240206,15:18:20,7.6,50,83300
20240206,15:18:26,7.65,300,83300
20240206,15:18:31,7.65,100,83300
20240206,15:18:36,7.55,350,83300
20240206,15:18:43,7.55,150,83300
20240206,15:18:50,7.55,800,83300
20240206,15:18:56,7.5,600,83300
20240206,15:19:06,7.55,150,83300
20240206,15:19:11,7.45,1850,83300
20240206,15:19:20,7.5,50,83300
20240206,15:19:28,7.6,400,83300
20240206,15:19:34,7.55,50,83300
20240206,15:19:39,7.65,650,83300
20240206,15:19:44,7.65,150,83300
20240206,15:19:55,7.75,350,83300
20240206,15:19:59,7.65,50,83300
20240206,15:20:05,7.7,350,83300
20240206,15:20:10,7.65,100,83300
20240206,15:20:15,7.7,200,83300
20240206,15:20:20,7.8,450,83300
20240206,15:20:37,7.8,100,87850
20240206,15:21:12,7.85,600,87850
20240206,15:21:19,8.0,100,87850
20240206,15:21:27,8.0,50,87850
20240206,15:21:44,8.0,150,87850
20240206,15:21:56,8.0,650,87850
20240206,15:22:01,8.0,100,87850
20240206,15:22:43,8.2,50,87850
20240206,15:23:00,8.05,200,87850
20240206,15:24:40,8.25,350,88150
20240206,15:25:03,8.25,100,88150
20240206,15:25:30,8.4,100,88150
20240206,15:25:41,8.4,1050,88150
20240206,15:25:52,8.4,1150,88150
20240206,15:26:03,8.4,900,88150
20240206,15:26:14,8.4,100,88150
20240206,15:26:24,8.5,800,88150
20240206,15:26:33,8.5,450,90900
20240206,15:26:44,8.6,200,90900
20240206,15:26:56,8.6,1200,90900
20240206,15:27:08,8.55,1100,90900
20240206,15:27:17,8.6,350,90900
20240206,15:27:24,8.65,600,90900
20240206,15:27:31,8.5,50,90900
20240206,15:27:49,8.6,50,90900
20240206,15:28:08,8.55,150,90900
20240206,15:28:18,8.5,50,90900
20240206,15:28:39,8.6,50,90900
20240206,15:29:03,8.65,200,90900
20240206,15:29:16,8.55,850,90900
20240206,15:29:30,8.8,250,94150
20240206,15:29:43,8.65,150,94150
20240206,15:29:55,8.3,100,94150
20240206,15:30:03,8.8,50,94150
20240207,09:15:15,10.2,1,94150
20240207,09:15:15,11.3,1,94150
20240207,09:15:15,10.45,450,94150
20240207,09:15:27,10.4,150,94150
20240207,09:15:38,10.9,2800,94150
20240207,09:15:54,10.85,550,94150
20240207,09:16:07,10.9,1400,94150
20240207,09:16:22,11.0,750,94150
20240207,09:16:35,11.2,850,94000
20240207,09:16:48,11.1,1100,94000
20240207,09:17:00,11.5,1850,94000
20240207,09:17:11,11.2,950,94000
20240207,09:17:23,11.2,100,94000
20240207,09:17:35,11.35,2450,94000
20240207,09:17:47,11.15,100,94000
20240207,09:17:59,11.05,400,94000
20240207,09:18:08,11.3,100,94000
20240207,09:18:12,11.25,50,94000
20240207,09:18:15,11.3,50,94000
20240207,09:18:17,11.3,50,94000
20240207,09:18:18,11.3,50,94000
20240207,09:18:20,11.3,200,94000
20240207,09:18:22,11.25,150,94000
20240207,09:18:25,11.1,50,94000
20240207,09:18:28,10.95,50,94000
20240207,09:18:30,10.9,150,94000
20240207,09:18:33,10.7,1050,94000
20240207,09:18:35,10.7,150,94000
20240207,09:18:37,10.7,650,94000
20240207,09:18:38,10.8,250,94000
20240207,09:18:40,10.75,50,94000
20240207,09:18:42,10.75,350,94000
20240207,09:18:43,10.7,600,94000
20240207,09:18:45,10.7,650,94000
20240207,09:18:48,10.75,100,94000
20240207,09:18:50,10.7,200,94000
20240207,09:18:52,10.65,350,94000
20240207,09:18:53,10.55,1600,94000
20240207,09:18:55,10.5,50,94000
20240207,09:18:57,10.6,50,94000
20240207,09:19:07,10.6,100,94000
20240207,09:19:15,10.65,50,94000
20240207,09:19:23,10.6,600,94000
20240207,09:19:29,10.6,50,93350
20240207,09:19:31,10.75,150,93350
20240207,09:19:33,10.8,100,93350
20240207,09:19:38,10.75,200,93350
20240207,09:19:39,10.75,300,93350
20240207,09:19:41,10.7,450,93350
20240207,09:19:44,10.8,100,93350
20240207,09:19:46,10.9,450,93350
20240207,09:19:49,10.75,200,93350
20240207,09:19:51,11.0,100,93350
20240207,09:19:52,10.85,500,93350
20240207,09:19:57,11.0,200,93350
20240207,09:19:59,11.0,200,93350
20240207,09:20:00,10.95,150,93350
20240207,09:20:02,11.0,200,93350
20240207,09:20:04,11.1,50,93350
20240207,09:20:05,11.0,100,93350
20240207,09:20:07,10.9,50,93350
20240207,09:20:08,10.85,150,93350
