date,time,tick_price,volume,open_interest
20240201,12:17:52,2.1,150,1400
20240201,12:18:01,2.1,650,1400
20240201,12:19:24,2.15,250,1400
20240201,12:19:42,2.25,550,1400
20240201,12:19:50,2.25,300,1400
20240201,12:19:58,2.25,150,1400
20240201,12:20:34,2.25,200,1400
20240201,12:20:43,2.25,50,1400
20240201,12:21:44,2.3,400,1400
20240201,12:22:19,2.35,250,1400
20240201,12:23:04,2.35,50,1400
20240201,12:23:57,2.45,100,1750
20240201,12:24:05,2.5,150,1750
20240201,12:24:14,2.5,200,1750
20240201,12:26:37,2.3,350,1750
20240201,12:28:34,2.3,1800,2200
20240201,12:28:42,2.3,3350,2200
20240201,12:29:44,2.3,850,2200
20240201,12:30:58,2.3,250,7950
20240201,12:31:15,2.3,50,7950
20240201,12:31:41,2.3,50,7950
20240201,12:31:57,2.25,1500,7950
20240201,12:32:06,2.3,250,7950
20240201,12:32:41,2.3,300,7950
20240201,12:33:17,2.25,250,10350
20240201,12:34:07,2.35,100,10350
20240201,12:34:35,2.25,1800,10350
20240201,12:35:35,2.35,50,10350
20240201,12:36:53,2.25,50,12000
20240201,12:38:25,2.2,750,12000
20240201,12:39:00,2.2,1500,12000
20240201,12:39:08,2.2,1000,12000
20240201,12:40:41,2.25,50,12000
20240201,12:40:58,2.25,100,12000
20240201,12:42:38,2.2,1500,14550
20240201,12:42:54,2.2,1000,14550
20240201,12:46:29,2.15,500,16950
20240201,12:49:09,2.15,150,16950
20240201,12:50:49,2.25,50,16950
20240201,12:51:36,2.15,100,16800
20240201,12:52:47,2.05,350,16800
20240201,12:55:42,2.25,8950,16750
20240201,12:55:51,2.25,50,16750
20240201,12:56:00,2.2,4650,16750
20240201,12:56:37,2.2,100,16750
20240201,12:56:46,2.2,300,16750
20240201,12:57:03,2.2,100,16750
20240201,12:58:53,2.2,50,28750
20240201,12:59:27,2.25,50,28750
20240201,13:00:10,2.2,1200,28750
20240201,13:00:18,2.2,2400,28750
20240201,13:00:53,2.2,200,28750
20240201,13:01:03,2.2,3600,28750
20240201,13:01:13,2.15,1000,28750
20240201,13:01:22,2.1,7800,28750
20240201,13:02:21,2.05,200,28750
20240201,13:02:30,2.1,1050,28750
20240201,13:10:25,2.1,450,36950
20240201,13:13:30,2.0,1250,37300
20240201,13:13:52,2.05,250,37300
20240201,13:14:07,2.0,1300,37300
20240201,13:14:14,2.0,50,37300
20240201,13:15:33,2.05,1800,38500
20240201,13:15:58,2.05,200,38500
20240201,13:16:42,2.0,250,38500
20240201,13:16:49,2.0,100,38500
20240201,13:16:56,2.0,1000,38500
20240201,13:17:41,2.0,150,38500
20240201,13:17:55,2.05,1500,38500
20240201,13:18:09,2.1,300,42000
20240201,13:18:53,2.1,200,42000
20240201,13:19:10,2.05,50,42000
20240201,13:20:14,2.0,50,42000
20240201,13:20:30,1.9,1750,42000
20240201,13:20:37,1.9,1800,42000
20240201,13:20:52,1.9,400,42000
20240201,13:21:37,1.9,250,40600
20240201,13:21:51,2.0,100,40600
20240201,13:21:58,2.0,50,40600
20240201,13:22:13,2.0,400,40600
20240201,13:22:45,2.0,100,40600
20240201,13:22:53,2.0,250,40600
20240201,13:23:37,2.0,50,40600
20240201,13:24:25,2.0,50,40300
20240201,13:24:41,2.0,50,40300
20240201,13:25:22,2.0,450,40300
20240201,13:28:56,1.95,700,40500
20240201,13:29:03,1.85,1000,40500
20240201,13:29:11,1.85,700,40500
20240201,13:29:19,1.85,150,40500
20240201,13:29:26,1.9,50,40500
20240201,13:29:33,1.85,500,40500
20240201,13:29:41,1.85,1300,40500
20240201,13:29:47,1.9,50,40500
20240201,13:29:55,1.9,250,40500
20240201,13:30:15,1.9,650,42950
20240201,13:31:19,1.9,1500,42950
20240201,13:31:26,1.95,3300,42950
20240201,13:31:59,2.05,8350,42950
20240201,13:32:50,1.95,1500,42950
20240201,13:32:57,2.05,200,42950
20240201,13:33:11,2.05,3400,51150
20240201,13:36:24,2.1,3350,52950
20240201,13:36:31,2.1,50,52950
20240201,13:37:33,2.05,50,52950
20240201,13:37:46,2.05,50,52950
20240201,13:38:00,2.05,50,52950
20240201,13:38:41,2.1,1050,52950
20240201,13:38:49,2.1,900,52950
20240201,13:40:06,2.1,50,56850
20240201,13:40:13,2.1,100,56850
20240201,13:40:21,2.1,50,56850
20240201,13:40:27,2.1,650,56850
20240201,13:42:32,2.1,1500,56800
20240201,13:42:56,2.1,50,56800
20240201,13:43:47,2.15,2950,56800
20240201,13:44:15,2.15,50,56800
20240201,13:46:32,2.1,650,59800
20240201,13:46:52,2.15,2450,59800
20240201,13:47:37,2.1,550,59800
20240201,13:48:32,2.1,50,62500
20240201,13:48:39,2.1,250,62500
20240201,13:48:46,2.1,300,62500
20240201,13:48:54,2.1,50,62500
20240201,13:49:23,2.1,400,62500
20240201,13:49:30,2.15,2050,62500
20240201,13:49:43,2.15,4300,62500
20240201,13:53:24,2.1,50,69400
20240201,13:53:54,2.1,50,69400
20240201,13:54:24,2.1,3550,69500
20240201,13:54:31,2.1,1650,69500
20240201,13:54:38,2.1,100,69500
20240201,13:54:52,2.05,2150,69500
20240201,13:55:00,2.0,2400,69500
20240201,13:55:07,2.05,1300,69500
20240201,13:55:13,2.05,1100,69500
20240201,13:55:21,2.0,12750,69500
20240201,13:55:28,2.0,19900,69500
20240201,13:55:36,1.95,3050,69500
20240201,13:55:43,1.95,600,69500
20240201,13:55:50,1.95,100,69500
20240201,13:55:57,1.95,600,69500
20240201,13:56:04,2.0,6300,69500
20240201,13:56:17,1.95,500,69500
20240201,13:56:46,1.95,5450,69500
20240201,13:56:54,1.9,250,69500
20240201,13:57:01,1.9,2750,69500
20240201,13:57:15,1.9,50,96000
20240201,13:57:36,1.95,100,96000
20240201,13:58:34,1.95,7850,96000
20240201,13:58:42,1.95,2150,96000
20240201,13:58:50,1.95,15900,96000
20240201,13:59:04,1.9,750,96000
20240201,13:59:13,2.0,23850,96000
20240201,13:59:28,2.0,50,96000
20240201,13:59:36,2.05,4700,96000
20240201,13:59:58,2.0,250,96000
20240201,14:00:05,2.0,250,96000
20240201,14:00:20,2.0,1050,140800
20240201,14:00:28,2.0,1400,140800
20240201,14:00:41,2.0,500,140800
20240201,14:00:56,2.05,50,140800
20240201,14:01:10,2.0,2900,140800
20240201,14:01:17,2.0,50,140800
20240201,14:01:23,2.0,1050,140800
20240201,14:01:30,2.0,600,140800
20240201,14:01:37,2.05,2800,140800
20240201,14:01:43,2.0,200,140800
20240201,14:01:50,2.0,50,140800
20240201,14:02:30,2.0,1100,140800
20240201,14:02:36,1.95,100,140800
20240201,14:02:43,2.0,850,140800
20240201,14:02:50,1.95,100,140800
20240201,14:03:15,1.95,50,146200
20240201,14:03:21,2.0,2050,146200
20240201,14:03:40,1.95,1550,146200
20240201,14:03:47,1.95,500,146200
20240201,14:03:55,1.95,500,146200
20240201,14:04:01,2.0,2050,146200
20240201,14:04:24,1.95,1100,146200
20240201,14:04:31,2.0,4050,146200
20240201,14:04:50,1.95,100,146200
20240201,14:05:24,2.0,650,146200
20240201,14:05:37,1.95,200,146200
20240201,14:05:43,1.95,1600,146200
20240201,14:05:50,2.0,2250,146200
20240201,14:05:57,1.95,1500,146200
20240201,14:06:05,2.0,2350,146200
20240201,14:06:12,1.95,1600,155750
20240201,14:06:19,1.95,1100,155750
20240201,14:06:26,1.95,250,155750
20240201,14:06:38,1.95,50,155750
20240201,14:06:57,2.0,50,155750
20240201,14:07:17,1.9,300,155750
20240201,14:07:24,1.9,1100,155750
20240201,14:07:53,1.9,100,155750
20240201,14:08:28,1.9,1850,155750
20240201,14:08:35,1.9,4750,155750
20240201,14:09:07,1.95,3050,155750
20240201,14:10:01,1.9,800,163400
20240201,14:11:00,1.9,200,163400
20240201,14:11:38,1.95,13350,163400
20240201,14:12:12,1.9,50,176700
20240201,14:12:19,1.9,200,176700
20240201,14:12:26,1.9,50,176700
20240201,14:12:52,1.9,1500,176700
20240201,14:13:00,1.95,2650,176700
20240201,14:13:09,1.9,500,176700
20240201,14:14:03,1.95,3050,176700
20240201,14:14:11,1.95,2200,176700
20240201,14:14:19,1.95,2050,176700
20240201,14:14:26,1.95,350,176700
20240201,14:14:33,1.95,250,176700
20240201,14:15:17,1.9,2000,188050
20240201,14:15:25,1.9,600,188050
20240201,14:16:07,1.95,250,188050
20240201,14:16:47,1.9,250,188050
20240201,14:16:53,1.9,650,188050
20240201,14:17:08,1.9,250,188050
20240201,14:17:15,1.9,250,188050
20240201,14:17:35,1.9,100,188050
20240201,14:18:01,1.9,50,188050
20240201,14:18:32,1.95,300,191350
20240201,14:18:58,1.9,100,191350
20240201,14:19:10,1.9,100,191350
20240201,14:19:27,1.9,250,191350
20240201,14:20:16,1.85,10600,191350
20240201,14:20:29,1.85,1250,191350
20240201,14:21:05,1.85,1000,191350
20240201,14:22:24,1.85,200,202100
20240201,14:22:35,1.85,200,202100
20240201,14:23:11,1.85,200,202100
20240201,14:23:17,1.9,7200,202100
20240201,14:23:46,1.95,100,202100
20240201,14:24:59,1.9,2000,202450
20240201,14:25:06,1.9,1500,202450
20240201,14:25:12,1.9,1200,202450
20240201,14:25:19,1.9,1000,202450
20240201,14:25:50,1.9,200,202450
20240201,14:25:56,1.9,100,202450
20240201,14:27:00,1.9,200,202450
20240201,14:27:35,1.85,1200,203000
20240201,14:27:46,1.8,50,203000
20240201,14:27:51,1.8,150,203000
20240201,14:28:07,1.85,50,203000
20240201,14:28:14,1.85,50,203000
20240201,14:28:20,1.85,50,203000
20240201,14:28:48,1.85,50,203000
20240201,14:28:56,1.9,250,203000
20240201,14:29:17,1.85,100,203000
20240201,14:30:38,1.85,150,203500
20240201,14:31:24,1.85,50,203500
20240201,14:31:30,1.85,50,203500
20240201,14:33:34,1.8,100,203550
20240201,14:33:40,1.8,1100,203550
20240201,14:35:20,1.8,2400,203550
20240201,14:36:46,1.85,200,205950
20240201,14:36:59,1.85,150,205950
20240201,14:37:35,1.85,100,205950
20240201,14:37:42,1.8,150,205950
20240201,14:38:59,1.8,50,205950
20240201,14:39:11,1.8,250,205750
20240201,14:39:17,1.8,100,205750
20240201,14:39:37,1.9,7200,205750
20240201,14:39:45,1.85,350,205750
20240201,14:40:44,1.8,1300,205750
20240201,14:40:51,1.8,150,205750
20240201,14:40:58,1.8,500,205750
20240201,14:41:16,1.8,2400,205750
20240201,14:41:28,1.85,50,205750
20240201,14:41:42,1.8,150,205750
20240201,14:41:48,1.8,200,205750
20240201,14:42:15,1.8,200,216000
20240201,14:42:21,1.8,400,216000
20240201,14:42:27,1.8,500,216000
20240201,14:42:39,1.8,3900,216000
20240201,14:43:44,1.75,100,216000
20240201,14:43:57,1.75,400,216000
20240201,14:44:04,1.75,600,216000
20240201,14:44:11,1.75,600,216000
20240201,14:44:48,1.75,50,216000
20240201,14:45:11,1.75,500,216000
20240201,14:45:40,1.75,50,221000
20240201,14:45:47,1.75,600,221000
20240201,14:47:01,1.7,100,221000
20240201,14:47:08,1.7,100,221000
20240201,14:53:12,1.8,1250,220500
20240201,14:53:18,1.8,1300,220500
20240201,14:53:31,1.8,750,220500
20240201,14:53:44,1.75,50,220500
20240201,14:53:56,1.75,50,220500
20240201,14:54:25,1.8,300,220400
20240201,14:54:33,1.75,50,220400
20240201,14:54:43,1.8,850,220400
20240201,14:55:06,1.7,250,220400
20240201,14:56:53,1.75,50,220400
20240201,14:59:37,1.75,100,220500
20240201,15:00:28,1.75,100,220550
20240201,15:00:35,1.8,300,220550
20240201,15:00:44,1.75,50,220550
20240201,15:00:53,1.75,50,220550
20240201,15:01:00,1.75,50,220550
20240201,15:01:39,1.75,250,220550
20240201,15:04:46,1.75,850,220600
20240201,15:04:54,1.75,50,220600
20240201,15:05:17,1.75,750,220600
20240201,15:05:40,1.75,100,220600
20240201,15:05:55,1.7,1600,220600
20240201,15:06:15,1.65,150,220600
20240201,15:06:29,1.75,50,221250
20240201,15:06:44,1.75,50,221250
20240201,15:06:52,1.75,50,221250
20240201,15:06:59,1.75,50,221250
20240201,15:07:14,1.75,100,221250
20240201,15:07:21,1.7,50,221250
20240201,15:07:35,1.75,50,221250
20240201,15:07:42,1.75,50,221250
20240201,15:07:49,1.8,750,221250
20240201,15:08:04,1.7,1200,221250
20240201,15:08:18,1.75,100,221250
20240201,15:08:56,1.7,300,221250
20240201,15:09:11,1.7,150,221250
20240201,15:09:39,1.7,2000,222500
20240201,15:09:53,1.7,50,222500
20240201,15:09:59,1.7,50,222500
20240201,15:10:06,1.7,50,222500
20240201,15:10:13,1.7,50,222500
20240201,15:10:28,1.7,400,222500
20240201,15:11:11,1.7,150,222500
20240201,15:12:00,1.65,1800,222500
20240201,15:12:40,1.7,1100,224650
20240201,15:13:17,1.7,200,224650
20240201,15:14:14,1.7,300,224650
20240201,15:14:51,1.7,200,224650
20240201,15:15:04,1.65,50,224650
20240201,15:16:42,1.65,100,225800
20240201,15:17:48,1.65,50,225800
20240201,15:17:55,1.65,550,225800
20240201,15:18:02,1.65,200,225800
20240201,15:18:10,1.65,1400,225800
20240201,15:18:18,1.65,50,225800
20240201,15:19:01,1.6,250,225350
20240201,15:19:46,1.6,300,225350
20240201,15:19:53,1.6,50,225350
20240201,15:20:51,1.6,250,225350
20240201,15:22:16,1.6,750,224850
20240201,15:22:41,1.6,200,224850
20240201,15:22:56,1.6,50,224850
20240201,15:25:32,1.6,150,224600
20240201,15:25:38,1.65,1500,224600
20240201,15:25:44,1.7,50,224600
20240201,15:25:50,1.65,150,224600
20240201,15:26:01,1.65,150,224600
20240201,15:26:06,1.65,50,224600
20240201,15:26:18,1.65,50,224600
20240201,15:26:43,1.65,150,224600
20240201,15:26:48,1.7,200,224600
20240201,15:26:53,1.65,200,224600
20240201,15:26:59,1.6,350,224600
20240201,15:27:05,1.6,100,224600
20240201,15:27:45,1.6,250,226700
20240201,15:28:25,1.7,1150,226700
20240201,15:28:39,1.7,300,226700
20240201,15:28:45,1.75,200,226700
20240201,15:28:59,1.7,100,226700
20240201,15:29:07,1.7,250,226700
20240201,15:29:36,1.7,850,226700
20240201,15:29:44,1.7,600,226700
20240201,15:29:52,1.8,550,226700
20240201,15:30:00,1.55,700,226700
20240202,09:15:01,1.7,1,226250
20240202,09:15:01,1.7,50,226250
20240202,09:15:02,1.95,150,226250
20240202,09:15:05,1.95,50,226250
20240202,09:15:07,1.8,450,226250
20240202,09:15:08,1.75,400,226250
20240202,09:15:09,1.55,1250,226250
20240202,09:15:10,1.55,100,226250
20240202,09:15:15,1.65,950,226250
20240202,09:15:17,1.7,400,226250
20240202,09:15:19,1.75,500,226250
20240202,09:15:20,1.7,50,226250
20240202,09:15:23,1.7,100,226250
20240202,09:15:26,1.65,250,226250
20240202,09:15:27,1.7,200,226250
20240202,09:15:33,1.7,250,226250
20240202,09:15:35,1.65,2900,226250
20240202,09:15:37,1.6,150,226250
20240202,09:15:38,1.6,150,226250
20240202,09:15:43,1.6,100,226250
20240202,09:15:47,1.6,250,226250
20240202,09:15:49,1.6,100,226250
20240202,09:15:54,1.6,100,226250
20240202,09:15:57,1.6,150,226250
20240202,09:16:08,1.6,100,226250
20240202,09:16:09,1.6,1550,226250
20240202,09:16:26,1.6,50,226250
20240202,09:16:34,1.6,100,226250
20240202,09:16:37,1.6,1650,226250
20240202,09:16:39,1.6,200,226250
20240202,09:16:49,1.55,850,226250
20240202,09:16:50,1.55,950,226250
20240202,09:16:52,1.55,250,226250
20240202,09:17:03,1.6,1150,226250
20240202,09:17:07,1.6,50,226250
20240202,09:17:21,1.6,50,226250
20240202,09:17:25,1.55,50,228850
20240202,09:17:26,1.55,50,228850
20240202,09:17:27,1.6,100,228850
20240202,09:17:31,1.55,50,228850
20240202,09:17:39,1.65,1250,228850
20240202,09:17:41,1.6,50,228850
20240202,09:17:47,1.55,50,228850
20240202,09:17:51,1.6,1350,228850
20240202,09:17:56,1.6,650,228850
20240202,09:18:03,1.6,50,228850
20240202,09:18:20,1.55,1100,228850
20240202,09:18:29,1.5,50,228850
20240202,09:18:58,1.5,500,228850
20240202,09:19:17,1.55,2750,228850
20240202,09:19:32,1.55,250,228850
20240202,09:20:00,1.55,500,228850
20240202,09:20:05,1.6,1800,228850
20240202,09:20:07,1.6,1800,228850
20240202,09:20:12,1.55,250,228850
20240202,09:20:27,1.55,950,234950
20240202,09:20:32,1.55,1200,234950
20240202,09:20:33,1.6,800,234950
20240202,09:20:37,1.55,300,234950
20240202,09:20:38,1.55,50,234950
20240202,09:20:40,1.6,1000,234950
20240202,09:20:45,1.6,4550,234950
20240202,09:20:50,1.65,100,234950
20240202,09:20:57,1.6,700,234950
20240202,09:21:01,1.6,750,234950
20240202,09:21:02,1.6,1300,234950
20240202,09:21:16,1.6,1800,234950
20240202,09:21:22,1.6,1350,234950
20240202,09:21:24,1.55,400,234950
20240202,09:21:26,1.6,50,234950
20240202,09:21:36,1.55,1600,234950
20240202,09:21:37,1.55,2400,234950
20240202,09:21:42,1.55,1750,234950
20240202,09:21:53,1.55,800,234950
20240202,09:21:53,1.55,2000,234950
20240202,09:21:54,1.55,1200,234950
20240202,09:22:00,1.6,50,234950
20240202,09:22:01,1.55,50,234950
20240202,09:22:08,1.55,1000,234950
20240202,09:22:36,1.55,700,234950
20240202,09:22:39,1.55,100,234950
20240202,09:22:43,1.55,1500,234950
20240202,09:23:40,1.6,800,241550
20240202,09:23:42,1.6,1900,241550
20240202,09:23:44,1.6,800,241550
20240202,09:23:45,1.6,11600,241550
20240202,09:24:06,1.6,1800,241550
20240202,09:25:31,1.55,2250,241550
20240202,09:25:32,1.6,300,241550
20240202,09:25:33,1.6,2500,241550
20240202,09:25:35,1.6,100,241550
20240202,09:25:35,1.6,50,241550
20240202,09:25:36,1.6,50,241550
20240202,09:25:38,1.6,6000,241550
20240202,09:25:49,1.6,100,241550
20240202,09:26:06,1.6,200,241550
20240202,09:26:06,1.6,1400,241550
20240202,09:26:07,1.6,400,241550
20240202,09:26:28,1.6,4000,241550
20240202,09:26:32,1.6,2000,250800
20240202,09:26:36,1.6,50,250800
20240202,09:26:45,1.6,1800,250800
20240202,09:26:49,1.6,1800,250800
20240202,09:27:34,1.6,50,250800
20240202,09:27:48,1.65,850,250800
20240202,09:30:02,1.65,950,250800
20240202,09:30:03,1.65,250,254300
20240202,09:30:46,1.65,350,254300
20240202,09:30:47,1.65,150,254300
20240202,09:30:54,1.65,250,254300
20240202,09:31:00,1.65,500,254300
20240202,09:31:03,1.65,50,254300
20240202,09:31:03,1.65,450,254300
20240202,09:31:21,1.6,1800,254300
20240202,09:31:23,1.6,1800,254300
20240202,09:31:24,1.6,1800,254300
20240202,09:31:40,1.65,50,254300
20240202,09:32:14,1.6,400,257200
20240202,09:32:19,1.65,50,257200
20240202,09:32:22,1.6,50,257200
20240202,09:32:28,1.65,1000,257200
20240202,09:33:17,1.6,2000,257200
20240202,09:33:36,1.6,1800,257200
20240202,09:33:56,1.6,1500,257200
20240202,09:34:21,1.6,550,257200
20240202,09:34:43,1.65,650,257200
20240202,09:34:50,1.65,600,257200
20240202,09:34:52,1.65,550,257200
20240202,09:34:55,1.65,550,257200
20240202,09:34:59,1.6,50,257200
20240202,09:35:01,1.65,1050,257200
20240202,09:35:08,1.65,500,257200
20240202,09:35:11,1.65,1000,257200
20240202,09:35:12,1.65,3450,257200
20240202,09:35:17,1.65,800,259700
20240202,09:35:23,1.65,1200,259700
20240202,09:35:23,1.65,800,259700
20240202,09:35:26,1.65,50,259700
20240202,09:35:38,1.7,400,259700
20240202,09:35:40,1.65,4000,259700
20240202,09:35:42,1.7,2500,259700
20240202,09:35:45,1.65,1600,259700
20240202,09:35:45,1.65,400,259700
20240202,09:35:48,1.65,3400,259700
20240202,09:36:13,1.65,100,259700
20240202,09:36:26,1.65,250,259700
20240202,09:36:31,1.65,50,259700
20240202,09:36:41,1.65,150,259700
20240202,09:37:57,1.6,1200,259700
20240202,09:38:05,1.6,850,259700
20240202,09:40:29,1.65,3600,271900
20240202,09:41:29,1.65,250,271900
20240202,09:41:29,1.65,200,274150
20240202,09:41:40,1.65,1800,274150
20240202,09:41:41,1.65,4350,274150
20240202,09:41:47,1.65,1600,274150
20240202,09:42:06,1.65,450,274150
20240202,09:42:07,1.7,600,274150
20240202,09:43:16,1.7,400,274150
20240202,09:43:22,1.7,6250,274150
20240202,09:43:25,1.7,2000,274150
20240202,09:43:42,1.7,100,274150
20240202,09:43:43,1.7,50,274150
20240202,09:43:44,1.7,50,274150
20240202,09:43:50,1.75,200,274150
20240202,09:43:51,1.7,2000,274150
20240202,09:43:55,1.75,150,274150
20240202,09:43:57,1.75,1800,274150
20240202,09:44:08,1.7,2000,274150
20240202,09:44:09,1.7,2000,274150
20240202,09:44:14,1.7,1800,274150
20240202,09:44:15,1.75,3200,274150
20240202,09:44:16,1.7,2800,274150
20240202,09:44:26,1.7,1800,286550
20240202,09:44:36,1.7,1400,286550
20240202,09:44:41,1.75,50,286550
20240202,09:44:48,1.75,50,286550
20240202,09:44:58,1.7,6050,286550
20240202,09:44:59,1.7,350,286550
20240202,09:45:01,1.7,400,286550
20240202,09:45:06,1.75,1900,286550
20240202,09:45:07,1.75,250,286550
20240202,09:45:07,1.75,50,286550
20240202,09:45:11,1.75,450,286550
20240202,09:45:19,1.75,50,286550
20240202,09:45:20,1.75,1800,286550
20240202,09:45:31,1.75,1800,286550
20240202,09:45:33,1.75,50,286550
20240202,09:45:42,1.75,50,286550
20240202,09:45:46,1.7,2000,286550
20240202,09:45:59,1.75,250,286550
20240202,09:46:01,1.7,2350,286550
20240202,09:46:02,1.75,200,286550
20240202,09:46:06,1.75,200,286550
20240202,09:46:06,1.75,850,286550
20240202,09:46:14,1.75,50,286550
20240202,09:46:22,1.75,1800,286550
20240202,09:46:28,1.75,50,286550
20240202,09:46:34,1.7,1800,286550
20240202,09:46:34,1.65,2200,286550
20240202,09:46:35,1.7,1800,286550
20240202,09:46:36,1.7,300,286550
20240202,09:46:37,1.75,50,286550
20240202,09:46:46,1.75,50,286550
20240202,09:46:57,1.75,250,286550
20240202,09:46:58,1.75,1800,286550
20240202,09:47:02,1.75,1800,286550
20240202,09:47:03,1.75,100,286550
20240202,09:47:05,1.7,6800,286550
20240202,09:47:06,1.7,3600,286550
20240202,09:47:10,1.7,1200,286550
20240202,09:47:11,1.7,3100,286550
20240202,09:47:11,1.7,250,286550
20240202,09:47:15,1.7,400,286550
20240202,09:47:21,1.7,1900,286550
20240202,09:47:21,1.7,850,309650
20240202,09:47:22,1.7,1400,309650
20240202,09:47:26,1.7,1000,309650
20240202,09:47:35,1.7,50,309650
20240202,09:47:49,1.7,250,309650
20240202,09:47:49,1.7,50,309650
20240202,09:47:57,1.7,50,309650
20240202,09:47:58,1.65,4500,309650
20240202,09:48:13,1.65,1800,309650
20240202,09:48:19,1.65,50,309650
20240202,09:48:22,1.65,1500,309650
20240202,09:48:24,1.65,100,309650
20240202,09:49:21,1.65,100,309650
20240202,09:49:38,1.65,8800,309650
20240202,09:49:39,1.65,250,309650
20240202,09:50:08,1.7,8950,309650
20240202,09:50:09,1.7,800,309650
20240202,09:50:12,1.75,100,309650
20240202,09:50:15,1.7,1800,309650
20240202,09:50:15,1.7,200,309650
20240202,09:50:16,1.7,4400,309650
20240202,09:50:18,1.7,6300,317350
20240202,09:50:21,1.7,4200,317350
20240202,09:50:36,1.7,450,317350
20240202,09:50:37,1.7,450,317350
20240202,09:50:38,1.7,1800,317350
20240202,09:50:39,1.7,4400,317350
20240202,09:50:43,1.7,50,317350
20240202,09:51:25,1.7,50,317350
20240202,09:51:28,1.65,1500,317350
20240202,09:51:30,1.65,1500,317350
20240202,09:51:32,1.65,1500,317350
20240202,09:51:39,1.65,50,317350
20240202,09:51:40,1.65,50,317350
20240202,09:51:41,1.65,50,317350
20240202,09:52:07,1.65,150,317350
20240202,09:52:08,1.65,200,317350
20240202,09:52:09,1.65,1150,317350
20240202,09:52:19,1.7,7200,317350
20240202,09:52:21,1.7,1250,317350
20240202,09:52:22,1.7,450,317350
20240202,09:52:23,1.7,2900,317350
20240202,09:52:24,1.7,2000,317350
20240202,09:52:25,1.7,1800,317350
20240202,09:52:31,1.7,1800,317350
20240202,09:52:33,1.65,450,317350
20240202,09:52:35,1.7,1800,317350
20240202,09:53:12,1.7,50,317350
20240202,09:53:13,1.7,1800,317350
20240202,09:53:17,1.7,100,317350
20240202,09:53:29,1.7,200,335400
20240202,09:53:30,1.65,600,335400
20240202,09:53:52,1.7,1250,335400
20240202,09:54:34,1.7,3600,335400
20240202,09:54:42,1.7,50,335400
20240202,09:55:03,1.7,50,335400
20240202,09:55:04,1.7,250,335400
20240202,09:55:13,1.7,1500,335400
20240202,09:55:14,1.7,2100,335400
20240202,09:55:27,1.7,1000,335400
20240202,09:55:33,1.7,1600,335400
20240202,09:55:45,1.7,300,335400
20240202,09:55:46,1.7,1500,335400
20240202,09:55:47,1.7,700,335400
20240202,09:56:07,1.7,300,335400
20240202,09:56:19,1.75,950,335400
20240202,09:56:35,1.7,1000,333850
20240202,09:56:55,1.75,1200,333850
20240202,09:57:04,1.7,50,333850
20240202,09:57:06,1.7,400,333850
20240202,09:57:11,1.7,9600,333850
20240202,09:57:19,1.65,900,333850
20240202,09:57:20,1.65,1200,333850
20240202,09:57:35,1.65,1200,333850
20240202,09:57:41,1.7,50,333850
20240202,09:57:46,1.65,1750,333850
20240202,09:57:47,1.65,1800,333850
20240202,09:57:48,1.65,1450,333850
20240202,09:57:49,1.65,5800,333850
20240202,09:57:52,1.65,250,333850
20240202,09:57:54,1.65,50,333850
20240202,09:57:57,1.6,300,333850
20240202,09:58:27,1.65,50,333850
20240202,09:58:31,1.65,1350,333850
20240202,09:58:32,1.65,900,333850
20240202,09:58:33,1.65,2700,333850
20240202,09:58:34,1.65,4050,333850
20240202,09:58:35,1.65,450,333850
20240202,09:58:36,1.65,1800,333850
20240202,09:58:37,1.65,450,333850
20240202,09:58:49,1.6,1800,333850
20240202,09:58:51,1.6,1800,333850
20240202,09:58:52,1.6,1500,333850
20240202,09:59:07,1.6,1200,333850
20240202,09:59:24,1.6,1800,333850
20240202,09:59:41,1.6,1400,322450
20240202,09:59:45,1.6,1150,322450
20240202,09:59:46,1.6,1400,322450
20240202,09:59:47,1.6,1000,322450
20240202,09:59:48,1.55,9300,322450
20240202,09:59:49,1.55,200,322450
20240202,09:59:50,1.55,50,322450
20240202,10:00:05,1.55,3600,322450
20240202,10:00:14,1.55,250,322450
20240202,10:01:02,1.6,5700,322450
20240202,10:01:11,1.6,50,322450
20240202,10:01:24,1.6,50,322450
20240202,10:02:07,1.65,6200,322450
20240202,10:02:18,1.7,16300,322450
20240202,10:02:19,1.7,850,310750
20240202,10:02:21,1.7,1050,310750
20240202,10:02:22,1.7,850,310750
20240202,10:02:23,1.7,2800,310750
20240202,10:02:34,1.7,1000,310750
20240202,10:02:53,1.7,250,310750
20240202,10:02:54,1.7,6650,310750
20240202,10:02:55,1.75,50,310750
20240202,10:03:09,1.65,600,310750
20240202,10:03:13,1.7,50,310750
20240202,10:03:23,1.7,50,310750
20240202,10:03:26,1.65,1800,310750
20240202,10:03:36,1.65,900,310750
20240202,10:03:37,1.65,7800,310750
20240202,10:03:44,1.65,800,310750
20240202,10:03:44,1.65,2750,310750
20240202,10:03:48,1.65,4050,310750
20240202,10:03:53,1.65,50,310750
20240202,10:03:55,1.65,2900,310750
20240202,10:03:55,1.65,600,310750
20240202,10:04:03,1.65,2350,310750
20240202,10:04:12,1.6,250,310750
20240202,10:04:13,1.65,50,310750
20240202,10:04:14,1.65,100,310750
20240202,10:04:15,1.6,1000,310750
20240202,10:04:29,1.6,3600,310750
20240202,10:04:30,1.65,50,310750
20240202,10:05:12,1.6,900,310750
20240202,10:05:44,1.65,250,303100
20240202,10:06:02,1.6,50,303100
20240202,10:06:09,1.6,1350,303100
20240202,10:06:09,1.6,450,303100
20240202,10:06:10,1.6,1800,303100
20240202,10:06:11,1.6,9100,303100
20240202,10:06:12,1.65,250,303100
20240202,10:06:13,1.6,1350,303100
20240202,10:06:14,1.6,3600,303100
20240202,10:06:15,1.6,3150,303100
20240202,10:06:19,1.6,750,303100
20240202,10:06:38,1.6,4200,303100
20240202,10:06:38,1.6,400,303100
20240202,10:07:18,1.6,1800,303100
20240202,10:07:22,1.55,100,303100
20240202,10:07:51,1.55,50,303100
20240202,10:08:04,1.6,600,303100
20240202,10:08:11,1.6,11600,303100
20240202,10:08:15,1.6,850,303100
20240202,10:08:20,1.6,1150,297000
20240202,10:08:21,1.6,3600,297000
20240202,10:08:24,1.6,3600,297000
20240202,10:08:24,1.6,1800,297000
20240202,10:08:25,1.6,3750,297000
20240202,10:08:26,1.6,100,297000
20240202,10:08:29,1.6,250,297000
20240202,10:08:36,1.6,1800,297000
20240202,10:08:37,1.6,2250,297000
20240202,10:08:44,1.6,1800,297000
20240202,10:08:44,1.65,1300,297000
20240202,10:08:49,1.6,250,297000
20240202,10:08:56,1.6,3250,297000
20240202,10:09:26,1.6,1250,297000
20240202,10:09:56,1.6,200,297000
20240202,10:10:15,1.6,1100,297000
20240202,10:10:37,1.6,3300,297000
20240202,10:10:41,1.55,250,297000
20240202,10:10:57,1.55,1300,297000
20240202,10:11:17,1.55,100,297000
20240202,10:11:26,1.6,1500,297000
20240202,10:11:28,1.6,200,287600
20240202,10:11:29,1.55,1200,287600
20240202,10:11:42,1.55,1000,287600
20240202,10:12:14,1.55,50,287600
20240202,10:12:32,1.6,100,287600
20240202,10:12:47,1.6,18650,287600
20240202,10:13:20,1.6,100,287600
20240202,10:13:35,1.6,5250,287600
20240202,10:13:37,1.6,5200,287600
20240202,10:13:39,1.6,50,287600
20240202,10:13:40,1.6,50,287600
20240202,10:13:42,1.6,100,287600
20240202,10:14:14,1.6,100,287600
20240202,10:14:40,1.6,250,287600
20240202,10:14:49,1.6,1250,284800
20240202,10:14:58,1.65,300,284800
20240202,10:15:07,1.6,100,284800
20240202,10:16:42,1.6,1700,284800
20240202,10:17:36,1.6,1800,285550
20240202,10:17:39,1.6,3200,285550
20240202,10:17:40,1.6,3400,285550
20240202,10:17:50,1.6,50,285550
20240202,10:18:21,1.6,50,285550
20240202,10:19:11,1.6,150,285550
20240202,10:19:21,1.55,50,285550
20240202,10:19:40,1.55,50,285550
20240202,10:20:28,1.6,1800,285550
20240202,10:20:28,1.6,4400,290850
20240202,10:20:38,1.55,250,290850
20240202,10:20:43,1.6,1800,290850
20240202,10:21:14,1.55,1800,290850
20240202,10:21:15,1.6,1050,290850
20240202,10:21:16,1.55,1800,290850
20240202,10:21:17,1.55,1800,290850
20240202,10:21:18,1.55,3600,290850
20240202,10:21:19,1.55,1800,290850
20240202,10:21:22,1.55,1800,290850
20240202,10:21:24,1.6,2000,290850
20240202,10:21:28,1.55,1800,290850
20240202,10:21:41,1.55,1800,290850
20240202,10:22:28,1.55,600,290850
20240202,10:22:35,1.55,2000,290850
20240202,10:26:50,1.55,50,288250
20240202,10:27:07,1.55,50,288250
20240202,10:27:25,1.55,50,288250
20240202,10:27:39,1.55,6100,288250
20240202,10:27:55,1.55,50,288250
20240202,10:28:01,1.55,50,288250
20240202,10:28:26,1.55,600,288250
20240202,10:28:27,1.55,2400,288250
20240202,10:28:28,1.55,1000,288250
20240202,10:28:48,1.55,2800,288250
20240202,10:28:49,1.55,27250,288250
20240202,10:28:50,1.5,100,288250
20240202,10:28:52,1.5,450,288250
20240202,10:29:16,1.5,1800,288250
20240202,10:29:29,1.55,50,282300
20240202,10:30:17,1.55,50,282300
20240202,10:30:24,1.55,50,282300
20240202,10:30:31,1.5,50,282300
20240202,10:31:41,1.55,3550,282300
20240202,10:31:49,1.55,2000,282300
20240202,10:31:58,1.55,2000,282300
20240202,10:32:00,1.55,200,282300
20240202,10:32:22,1.55,250,282300
20240202,10:32:25,1.55,20650,280000
20240202,10:32:26,1.55,1200,280000
20240202,10:32:28,1.55,1200,280000
20240202,10:32:45,1.5,500,280000
20240202,10:33:02,1.5,50,280000
20240202,10:33:12,1.55,1800,280000
20240202,10:33:50,1.55,11200,280000
20240202,10:34:11,1.55,1200,280000
20240202,10:35:23,1.5,250,285050
20240202,10:35:29,1.55,2950,285050
20240202,10:35:30,1.55,200,285050
20240202,10:35:32,1.55,1800,285050
20240202,10:35:33,1.55,1800,285050
20240202,10:35:34,1.55,1800,285050
20240202,10:35:35,1.55,3600,285050
20240202,10:35:38,1.55,1800,285050
20240202,10:39:28,1.55,3300,281900
20240202,10:39:28,1.55,1500,281900
20240202,10:39:37,1.55,100,281900
20240202,10:39:49,1.5,100,281900
20240202,10:40:18,1.55,200,281900
20240202,10:40:32,1.55,400,281900
20240202,10:41:50,1.55,50,280900
20240202,10:42:52,1.55,500,280900
20240202,10:44:03,1.5,100,280900
20240202,10:44:04,1.5,1300,280900
20240202,10:44:08,1.5,400,280900
20240202,10:44:11,1.5,50,280900
20240202,10:44:48,1.5,50,280900
20240202,10:44:49,1.5,500,283300
20240202,10:44:55,1.55,100,283300
20240202,10:45:49,1.5,24900,283300
20240202,10:46:10,1.5,1800,283300
20240202,10:46:11,1.5,2300,283300
20240202,10:46:13,1.5,3600,283300
20240202,10:46:14,1.5,1850,283300
20240202,10:46:15,1.5,1800,283300
20240202,10:46:16,1.5,6550,283300
20240202,10:46:17,1.5,250,283300
20240202,10:47:20,1.5,50,283300
20240202,10:48:02,1.5,50,283300
20240202,10:50:20,1.5,1800,294300
20240202,10:50:21,1.5,900,294300
20240202,10:50:22,1.5,2250,294300
20240202,10:50:23,1.5,1800,294300
20240202,10:50:24,1.5,1800,292100
20240202,10:50:25,1.5,2700,292100
20240202,10:50:26,1.5,23050,292100
20240202,10:50:27,1.5,3150,292100
20240202,10:50:28,1.5,1350,292100
20240202,10:50:29,1.45,2850,292100
20240202,10:50:30,1.45,2700,292100
20240202,10:50:31,1.5,3150,292100
20240202,10:50:32,1.45,6750,292100
20240202,10:50:56,1.5,5250,292100
20240202,10:51:45,1.45,6000,292100
20240202,10:52:54,1.45,50,292100
20240202,10:54:52,1.45,100,292100
20240202,10:56:11,1.45,250,293550
20240202,10:57:54,1.5,50,293450
20240202,10:58:15,1.5,50,293450
20240202,10:58:36,1.5,400,293450
20240202,10:58:43,1.5,1800,293450
20240202,10:58:44,1.5,1900,293450
20240202,10:58:48,1.5,6500,293450
20240202,10:58:49,1.5,2450,293450
20240202,10:58:50,1.5,1600,293450
20240202,10:58:53,1.5,1850,293450
20240202,10:58:54,1.5,1850,293450
20240202,10:58:55,1.5,3100,293450
20240202,10:58:56,1.5,1800,293450
20240202,10:59:21,1.55,100,293450
20240202,11:01:14,1.55,50,294100
20240202,11:01:47,1.5,50,294100
20240202,11:04:10,1.5,100,294150
20240202,11:05:47,1.5,1200,294050
20240202,11:05:48,1.5,3500,294050
20240202,11:05:50,1.5,1800,294050
20240202,11:05:51,1.5,9000,294050
20240202,11:05:52,1.5,1250,294050
20240202,11:06:55,1.45,50,294050
20240202,11:07:51,1.45,150,294050
20240202,11:10:27,1.45,50,302500
20240202,11:11:31,1.45,200,302500
20240202,11:11:40,1.45,50,302500
20240202,11:11:49,1.45,100,302500
20240202,11:11:50,1.45,11050,302500
20240202,11:11:51,1.45,1500,302500
20240202,11:11:52,1.45,1800,302500
20240202,11:11:54,1.45,600,302500
20240202,11:11:55,1.45,1800,302500
20240202,11:11:58,1.45,200,302500
20240202,11:11:59,1.45,1800,302500
20240202,11:12:01,1.45,1800,302500
20240202,11:12:03,1.45,300,302500
20240202,11:12:15,1.45,600,302500
20240202,11:12:20,1.45,4550,302500
20240202,11:12:58,1.45,50,302500
20240202,11:13:04,1.4,50,302500
20240202,11:13:29,1.4,50,302500
20240202,11:13:38,1.45,450,302500
20240202,11:13:40,1.45,1300,302500
20240202,11:13:42,1.45,900,302500
20240202,11:13:43,1.45,250,302500
20240202,11:13:44,1.45,3100,302500
20240202,11:13:46,1.45,1800,302500
20240202,11:13:48,1.45,1800,302500
20240202,11:13:51,1.5,1450,302500
20240202,11:13:53,1.5,400,302500
20240202,11:13:56,1.5,100,302500
20240202,11:13:57,1.5,100,302500
20240202,11:14:00,1.5,500,302500
20240202,11:14:01,1.5,500,302500
20240202,11:14:03,1.5,900,302500
20240202,11:14:04,1.5,16000,302500
20240202,11:14:06,1.5,250,302500
20240202,11:14:09,1.5,1800,302500
20240202,11:14:10,1.5,1800,302500
20240202,11:14:11,1.5,2000,302500
20240202,11:14:27,1.5,12950,302500
20240202,11:14:31,1.5,200,302500
20240202,11:16:11,1.5,1000,308600
20240202,11:16:14,1.5,1000,308600
20240202,11:16:16,1.5,400,308600
20240202,11:16:39,1.55,750,308600
20240202,11:16:40,1.55,250,308600
20240202,11:16:43,1.55,1800,308600
20240202,11:17:19,1.55,200,308600
20240202,11:17:54,1.55,50,308600
20240202,11:18:23,1.5,50,297500
20240202,11:18:24,1.55,1800,297500
20240202,11:18:55,1.55,1150,297500
20240202,11:18:57,1.55,250,297500
20240202,11:19:03,1.55,1000,297500
20240202,11:19:13,1.55,850,297500
20240202,11:19:15,1.55,250,297500
20240202,11:19:16,1.55,2100,297500
20240202,11:20:15,1.55,250,297500
20240202,11:20:22,1.55,8350,297500
20240202,11:20:23,1.55,1000,297500
20240202,11:20:56,1.55,200,297500
20240202,11:21:12,1.55,1150,292500
20240202,11:21:29,1.6,5900,292500
20240202,11:21:33,1.65,200,292500
20240202,11:21:44,1.6,200,292500
20240202,11:21:46,1.6,2400,292500
20240202,11:22:09,1.6,800,292500
20240202,11:22:22,1.6,500,292500
20240202,11:22:34,1.6,500,292500
20240202,11:22:37,1.6,1800,292500
20240202,11:22:39,1.6,1800,292500
20240202,11:22:43,1.6,350,292500
20240202,11:23:08,1.65,1000,292500
20240202,11:23:22,1.65,350,292500
20240202,11:23:24,1.65,250,292500
20240202,11:23:50,1.6,2050,295550
20240202,11:23:52,1.65,22250,295550
20240202,11:23:53,1.6,3300,295550
20240202,11:24:21,1.6,5800,295550
20240202,11:24:30,1.6,200,295550
20240202,11:24:40,1.6,11550,295550
20240202,11:24:42,1.6,1800,295550
20240202,11:24:45,1.6,400,295550
20240202,11:24:51,1.6,1800,295550
20240202,11:24:55,1.6,400,295550
20240202,11:25:03,1.6,50,295550
20240202,11:25:05,1.6,800,295550
20240202,11:25:18,1.6,9700,295550
20240202,11:25:19,1.65,2050,295550
20240202,11:25:32,1.6,2800,295550
20240202,11:25:33,1.6,1200,295550
20240202,11:25:57,1.65,1800,295550
20240202,11:27:09,1.6,200,288700
20240202,11:27:20,1.65,600,288700
20240202,11:27:21,1.6,900,288700
20240202,11:27:23,1.6,100,288700
20240202,11:27:28,1.65,1800,288700
20240202,11:27:33,1.65,1800,288700
20240202,11:27:37,1.6,3600,288700
20240202,11:27:52,1.6,2300,288700
20240202,11:27:54,1.6,350,288700
20240202,11:28:09,1.55,50,288700
20240202,11:29:04,1.6,50,288700
20240202,11:29:26,1.6,1000,288700
20240202,11:30:17,1.55,50,288700
20240202,11:32:36,1.55,50,287350
20240202,11:33:11,1.55,100,287350
20240202,11:35:04,1.6,250,287350
20240202,11:35:57,1.6,1800,287350
20240202,11:35:58,1.6,800,287350
20240202,11:36:40,1.6,2900,287350
20240202,11:36:43,1.6,300,287350
20240202,11:36:48,1.6,5650,287350
20240202,11:36:51,1.6,300,287350
20240202,11:37:01,1.6,1800,287350
20240202,11:37:02,1.6,2300,287350
20240202,11:37:04,1.6,3350,287350
20240202,11:37:05,1.6,2200,287350
20240202,11:37:05,1.6,2250,287350
20240202,11:37:06,1.6,600,287350
20240202,11:37:38,1.6,1000,287350
20240202,11:37:39,1.6,1200,287350
20240202,11:37:39,1.6,4100,287350
20240202,11:37:40,1.6,1800,287350
20240202,11:37:41,1.6,4250,287350
20240202,11:37:45,1.6,12550,287350
20240202,11:37:46,1.6,3150,287350
20240202,11:37:47,1.6,7200,287350
20240202,11:37:51,1.6,3550,287350
20240202,11:37:51,1.6,5100,287350
20240202,11:37:53,1.6,500,287350
20240202,11:38:15,1.6,250,287350
20240202,11:38:20,1.6,500,287350
20240202,11:38:58,1.6,1500,277050
20240202,11:39:08,1.6,13400,277050
20240202,11:39:13,1.65,300,277050
20240202,11:39:19,1.65,600,277050
20240202,11:39:20,1.65,850,277050
20240202,11:39:21,1.65,250,277050
20240202,11:39:22,1.65,25150,277050
20240202,11:39:23,1.65,5000,277050
20240202,11:39:24,1.65,2050,277050
20240202,11:39:25,1.65,900,277050
20240202,11:39:26,1.65,900,277050
20240202,11:39:27,1.65,1350,277050
20240202,11:39:31,1.7,500,277050
20240202,11:39:32,1.7,150,277050
20240202,11:39:34,1.7,1500,277050
20240202,11:39:35,1.7,1500,277050
20240202,11:39:36,1.7,1500,277050
20240202,11:39:37,1.7,3000,277050
20240202,11:39:38,1.7,15750,277050
20240202,11:39:39,1.7,150,277050
20240202,11:39:45,1.7,16850,277050
20240202,11:39:46,1.7,1500,277050
20240202,11:40:22,1.75,50,277050
20240202,11:40:30,1.7,2400,277050
20240202,11:40:32,1.7,1350,277050
20240202,11:40:47,1.7,1500,277050
20240202,11:40:48,1.7,200,277050
20240202,11:40:54,1.75,4000,277050
20240202,11:40:56,1.75,600,277050
20240202,11:40:57,1.75,1400,277050
20240202,11:40:58,1.75,2800,277050
20240202,11:40:59,1.75,1200,277050
20240202,11:41:01,1.75,50,277050
20240202,11:41:06,1.75,2750,277050
20240202,11:41:07,1.75,20400,277050
20240202,11:41:09,1.75,600,277050
20240202,11:41:10,1.75,1400,277050
20240202,11:41:17,1.7,200,277050
20240202,11:41:18,1.75,1300,277050
20240202,11:41:25,1.75,1800,277050
20240202,11:41:27,1.75,3200,277050
20240202,11:41:28,1.75,2800,277050
20240202,11:41:37,1.75,50,269600
20240202,11:41:38,1.75,11050,269600
20240202,11:41:43,1.75,4050,269600
20240202,11:41:56,1.75,1600,269600
20240202,11:41:57,1.75,5600,269600
20240202,11:42:04,1.75,4150,269600
20240202,11:42:04,1.75,250,269600
20240202,11:42:21,1.7,1350,269600
20240202,11:42:53,1.7,400,269600
20240202,11:43:23,1.7,100,269600
20240202,11:43:24,1.75,300,269600
20240202,11:43:28,1.75,500,269600
20240202,11:43:32,1.75,1800,269600
20240202,11:43:52,1.75,100,269600
20240202,11:43:57,1.75,350,269600
20240202,11:44:13,1.7,1800,269600
20240202,11:44:29,1.7,1500,269600
20240202,11:44:54,1.7,250,269600
20240202,11:45:03,1.75,50,266200
20240202,11:45:04,1.7,50,266200
20240202,11:45:18,1.75,800,266200
20240202,11:45:18,1.7,5200,266200
20240202,11:45:19,1.7,400,266200
20240202,11:45:20,1.7,1850,266200
20240202,11:45:21,1.7,14850,266200
20240202,11:45:22,1.7,2200,266200
20240202,11:45:34,1.7,1000,266200
20240202,11:45:35,1.75,8550,266200
20240202,11:45:37,1.7,300,266200
20240202,11:45:43,1.75,50,266200
20240202,11:45:44,1.75,600,266200
20240202,11:45:50,1.7,2400,266200
20240202,11:45:58,1.75,50,266200
20240202,11:46:03,1.75,50,266200
20240202,11:46:07,1.7,1300,266200
20240202,11:46:09,1.75,50,266200
20240202,11:46:18,1.75,50,266200
20240202,11:46:19,1.75,1800,266200
20240202,11:46:32,1.75,19450,266200
20240202,11:46:36,1.75,50,266200
20240202,11:46:52,1.75,1000,266200
20240202,11:46:55,1.75,2300,266200
20240202,11:46:57,1.75,1000,266200
20240202,11:46:58,1.75,100,266200
20240202,11:46:59,1.75,400,266200
20240202,11:47:01,1.75,1000,266200
20240202,11:47:13,1.75,14600,266200
20240202,11:47:20,1.75,2350,266200
20240202,11:47:40,1.8,550,268000
20240202,11:47:46,1.75,450,268000
20240202,11:47:47,1.75,600,268000
20240202,11:47:51,1.75,100,268000
20240202,11:48:26,1.75,400,268000
20240202,11:48:28,1.75,1600,268000
20240202,11:48:38,1.7,100,268000
20240202,11:48:58,1.75,100,268000
20240202,11:49:51,1.75,50,268000
20240202,11:49:57,1.75,50,268000
20240202,11:49:59,1.75,450,268000
20240202,11:50:00,1.75,450,268000
20240202,11:50:07,1.75,50,268000
20240202,11:50:28,1.75,150,268000
20240202,11:50:37,1.75,2000,267750
20240202,11:50:38,1.75,15050,267750
20240202,11:50:46,1.7,1000,267750
20240202,11:50:50,1.75,100,267750
20240202,11:51:00,1.75,2800,267750
20240202,11:51:06,1.75,50,267750
20240202,11:51:08,1.75,100,267750
20240202,11:51:12,1.7,2000,267750
20240202,11:51:16,1.75,250,267750
20240202,11:51:48,1.7,200,267750
20240202,11:51:58,1.7,24550,267750
20240202,11:52:10,1.75,9800,267750
20240202,11:52:18,1.75,4000,267750
20240202,11:52:20,1.75,50,267750
20240202,11:52:33,1.75,100,267750
20240202,11:52:44,1.7,17350,267750
20240202,11:52:45,1.75,250,267750
20240202,11:52:47,1.75,100,267750
20240202,11:52:51,1.75,50,267750
20240202,11:52:55,1.7,7250,267750
20240202,11:53:29,1.7,50,267750
20240202,11:53:32,1.7,12850,267750
20240202,11:53:35,1.7,750,274650
20240202,11:53:36,1.7,500,274650
20240202,11:53:50,1.65,50,274650
20240202,11:54:17,1.65,550,274650
20240202,11:54:32,1.65,100,274650
20240202,11:54:43,1.65,50,274650
20240202,11:54:53,1.7,50,274650
20240202,11:55:21,1.7,50,274650
20240202,11:56:35,1.7,250,275350
20240202,11:56:48,1.65,250,275350
20240202,11:56:54,1.65,300,275350
20240202,11:58:22,1.65,50,275350
20240202,11:59:17,1.65,550,275350
20240202,11:59:21,1.65,200,275350
20240202,11:59:23,1.65,200,275350
20240202,11:59:25,1.65,800,275350
20240202,11:59:45,1.65,800,275900
20240202,11:59:47,1.65,550,275900
20240202,11:59:49,1.65,550,275900
20240202,12:00:02,1.65,200,275900
20240202,12:00:03,1.65,900,275900
20240202,12:00:05,1.65,950,275900
20240202,12:00:11,1.65,9950,275900
20240202,12:00:14,1.6,150,275900
20240202,12:00:16,1.6,600,275900
20240202,12:00:23,1.6,600,275900
20240202,12:00:49,1.65,50,275900
20240202,12:01:25,1.65,3450,275900
20240202,12:01:30,1.6,100,275900
20240202,12:01:50,1.65,500,275900
20240202,12:03:01,1.65,1800,275900
20240202,12:04:34,1.6,100,280150
20240202,12:05:12,1.6,250,280150
20240202,12:06:22,1.6,250,280750
20240202,12:07:09,1.6,50,280750
20240202,12:07:25,1.6,900,280750
20240202,12:07:36,1.65,50,280750
20240202,12:09:33,1.6,50,280800
20240202,12:11:02,1.6,250,280800
20240202,12:11:34,1.6,1000,280800
20240202,12:11:36,1.6,50,280800
20240202,12:13:19,1.6,100,281200
20240202,12:13:21,1.6,150,281200
20240202,12:13:32,1.6,250,281200
20240202,12:14:17,1.6,500,281200
20240202,12:14:28,1.6,8550,281200
20240202,12:14:58,1.6,50,279550
20240202,12:15:00,1.55,1800,279550
20240202,12:15:20,1.55,500,279550
20240202,12:16:00,1.55,100,279550
20240202,12:16:17,1.55,1800,279550
20240202,12:16:18,1.55,100,279550
20240202,12:16:55,1.55,500,279550
20240202,12:17:05,1.55,8300,279550
20240202,12:17:06,1.55,3750,279550
20240202,12:17:07,1.55,50,279550
20240202,12:17:24,1.5,500,279550
20240202,12:17:52,1.55,900,281100
20240202,12:18:08,1.55,1800,281100
20240202,12:18:18,1.5,800,281100
20240202,12:18:22,1.55,50,281100
20240202,12:18:41,1.55,1800,281100
20240202,12:18:50,1.5,17600,281100
20240202,12:18:53,1.5,200,281100
20240202,12:19:10,1.5,8450,281100
20240202,12:19:42,1.5,50,281100
20240202,12:20:29,1.45,450,281100
20240202,12:20:38,1.5,50,280350
20240202,12:21:00,1.5,1800,280350
20240202,12:21:02,1.5,1800,280350
20240202,12:21:02,1.5,2250,280350
20240202,12:21:03,1.5,16950,280350
20240202,12:21:04,1.5,2700,280350
20240202,12:21:05,1.5,1350,280350
20240202,12:21:06,1.45,3150,280350
20240202,12:21:08,1.5,9450,280350
20240202,12:21:08,1.5,2250,280350
20240202,12:21:09,1.5,2250,280350
20240202,12:21:10,1.5,2250,280350
20240202,12:21:11,1.5,900,280350
20240202,12:21:12,1.5,900,280350
20240202,12:21:13,1.5,900,280350
20240202,12:21:17,1.45,500,280350
20240202,12:21:31,1.45,2300,280350
20240202,12:21:31,1.5,50,280350
20240202,12:21:33,1.45,150,280350
20240202,12:21:54,1.45,50,280350
20240202,12:21:56,1.45,20650,280350
20240202,12:22:10,1.45,800,280350
20240202,12:22:19,1.45,8500,280350
20240202,12:22:20,1.5,350,280350
20240202,12:22:27,1.45,600,280350
20240202,12:22:57,1.45,400,280350
20240202,12:23:01,1.45,1000,280350
20240202,12:23:12,1.45,100,280350
20240202,12:23:13,1.5,13800,280350
20240202,12:23:14,1.45,11750,280350
20240202,12:23:15,1.45,6600,280350
20240202,12:23:17,1.45,500,280350
20240202,12:23:18,1.45,500,280350
20240202,12:23:30,1.45,1500,280350
20240202,12:23:32,1.45,12550,280350
20240202,12:23:33,1.5,4850,280350
20240202,12:23:38,1.45,16350,280350
20240202,12:23:39,1.45,1200,263700
20240202,12:23:41,1.45,50,263700
20240202,12:23:43,1.45,50,263700
20240202,12:23:51,1.4,50,263700
20240202,12:23:55,1.45,400,263700
20240202,12:23:57,1.45,800,263700
20240202,12:23:58,1.45,4600,263700
20240202,12:24:13,1.45,400,263700
20240202,12:24:59,1.4,3600,263700
20240202,12:25:00,1.4,1800,263700
20240202,12:25:18,1.4,6300,263700
20240202,12:25:40,1.35,200,263700
20240202,12:25:56,1.35,200,263700
20240202,12:26:10,1.35,1800,263700
20240202,12:26:11,1.35,1800,263700
20240202,12:26:16,1.35,50,263700
20240202,12:26:23,1.35,50,263700
20240202,12:26:30,1.35,500,263700
20240202,12:26:37,1.35,50,263700
20240202,12:27:02,1.35,50,259350
20240202,12:27:13,1.35,700,259350
20240202,12:27:16,1.35,18250,259350
20240202,12:27:18,1.35,50,259350
20240202,12:27:24,1.35,500,259350
20240202,12:27:24,1.35,3400,259350
20240202,12:27:27,1.3,50,259350
20240202,12:27:38,1.3,50,259350
20240202,12:27:49,1.3,50,259350
20240202,12:28:42,1.3,50,259350
20240202,12:28:43,1.3,1800,259350
20240202,12:28:44,1.3,50,259350
20240202,12:28:46,1.3,50,259350
20240202,12:28:49,1.3,50,259350
20240202,12:28:52,1.3,50,259350
20240202,12:28:58,1.3,50,259350
20240202,12:29:08,1.3,100,259350
20240202,12:29:13,1.3,2100,259350
20240202,12:29:18,1.3,100,259350
20240202,12:29:19,1.3,50,259350
20240202,12:29:22,1.3,50,259350
20240202,12:29:25,1.3,50,259350
20240202,12:29:30,1.3,100,259350
20240202,12:29:39,1.3,50,259350
20240202,12:29:41,1.3,300,262650
20240202,12:29:42,1.3,12550,262650
20240202,12:29:46,1.3,100,262650
20240202,12:29:49,1.3,7100,262650
20240202,12:30:13,1.3,1500,262650
20240202,12:30:20,1.3,1550,262650
20240202,12:30:23,1.3,3000,262650
20240202,12:30:28,1.3,4000,262650
20240202,12:30:32,1.3,1500,262650
20240202,12:30:33,1.25,20800,262650
20240202,12:30:34,1.3,4300,262650
20240202,12:30:35,1.3,2000,262650
20240202,12:30:41,1.3,3000,262650
20240202,12:30:52,1.3,1500,262650
20240202,12:30:59,1.3,1500,262650
20240202,12:31:02,1.3,3600,262650
20240202,12:31:04,1.25,900,262650
20240202,12:31:08,1.25,2650,262650
20240202,12:31:11,1.25,2000,262650
20240202,12:31:12,1.25,800,262650
20240202,12:31:15,1.25,10100,262650
20240202,12:31:15,1.25,1600,262650
20240202,12:31:16,1.25,2900,262650
20240202,12:31:19,1.25,1200,262650
20240202,12:31:28,1.25,20100,262650
20240202,12:31:38,1.25,1800,262650
20240202,12:31:44,1.2,2800,262650
20240202,12:31:45,1.2,14600,262650
20240202,12:31:46,1.2,6350,262650
20240202,12:32:07,1.2,100,262650
20240202,12:32:08,1.2,900,262650
20240202,12:32:13,1.25,200,262650
20240202,12:32:24,1.25,400,262650
20240202,12:32:31,1.2,1000,262650
20240202,12:32:32,1.2,500,262650
20240202,12:32:33,1.25,1800,262650
20240202,12:32:36,1.2,400,262650
20240202,12:32:38,1.2,200,262650
20240202,12:32:38,1.2,1400,262650
20240202,12:32:41,1.2,100,281850
20240202,12:32:42,1.2,200,281850
20240202,12:32:43,1.2,8400,281850
20240202,12:32:44,1.2,1000,281850
20240202,12:32:53,1.2,100,281850
20240202,12:32:54,1.2,100,281850
20240202,12:32:55,1.2,1800,281850
20240202,12:33:00,1.2,50,281850
20240202,12:33:09,1.2,200,281850
20240202,12:33:10,1.2,9150,281850
20240202,12:33:11,1.2,5600,281850
20240202,12:33:17,1.2,1000,281850
20240202,12:33:34,1.15,800,281850
20240202,12:33:36,1.15,5000,281850
20240202,12:33:39,1.15,50,281850
20240202,12:33:43,1.15,50,281850
20240202,12:34:00,1.15,1800,281850
20240202,12:34:08,1.15,1000,281850
20240202,12:34:28,1.15,2700,281850
20240202,12:34:46,1.15,250,281850
20240202,12:34:47,1.15,12550,281850
20240202,12:35:00,1.1,50,281850
20240202,12:35:05,1.1,250,281850
20240202,12:35:07,1.1,1800,281850
20240202,12:35:09,1.1,1800,281850
20240202,12:35:12,1.1,5000,281850
20240202,12:35:14,1.1,1800,281850
20240202,12:35:15,1.1,200,281850
20240202,12:35:17,1.1,100,281850
20240202,12:35:18,1.1,250,281850
20240202,12:35:19,1.1,1100,281850
20240202,12:35:20,1.1,50,281850
20240202,12:35:23,1.05,8700,281850
20240202,12:35:24,1.1,8850,281850
20240202,12:35:25,1.1,1000,281850
20240202,12:35:28,1.1,50,281850
20240202,12:35:31,1.1,18300,281850
20240202,12:35:32,1.1,2800,281850
20240202,12:35:59,1.1,2000,297300
20240202,12:36:14,1.05,1000,297300
20240202,12:36:14,1.05,50,297300
20240202,12:36:31,1.05,6650,297300
20240202,12:36:31,1.05,300,297300
20240202,12:36:41,1.05,900,297300
20240202,12:36:57,1.1,1800,297300
20240202,12:36:57,1.1,200,297300
20240202,12:36:58,1.05,50,297300
20240202,12:36:59,1.05,50,297300
20240202,12:37:00,1.05,600,297300
20240202,12:37:02,1.05,1000,297300
20240202,12:37:04,1.05,500,297300
20240202,12:37:05,1.05,500,297300
20240202,12:37:08,1.05,1800,297300
20240202,12:37:16,1.05,1350,297300
20240202,12:37:18,1.05,1500,297300
20240202,12:37:18,1.05,100,297300
20240202,12:37:19,1.05,1800,297300
20240202,12:37:20,1.05,1600,297300
20240202,12:37:26,1.05,1800,297300
20240202,12:37:27,1.05,200,297300
20240202,12:37:37,1.05,1100,297300
20240202,12:37:44,1.05,1800,297300
20240202,12:38:03,1.05,2400,297300
20240202,12:38:04,1.05,2400,297300
20240202,12:38:05,1.05,2200,297300
20240202,12:38:06,1.1,8650,297300
20240202,12:38:07,1.1,850,297300
20240202,12:38:08,1.05,250,297300
20240202,12:38:09,1.05,2100,297300
20240202,12:38:10,1.05,1800,297300
20240202,12:38:11,1.05,1500,297300
20240202,12:38:12,1.05,1800,297300
20240202,12:38:14,1.05,1800,297300
20240202,12:38:20,1.05,1800,297300
20240202,12:38:21,1.1,700,297300
20240202,12:38:22,1.1,850,297300
20240202,12:38:26,1.1,1800,297300
20240202,12:38:39,1.05,4000,297300
20240202,12:39:00,1.1,200,291350
20240202,12:39:30,1.05,50,291350
20240202,12:39:48,1.1,300,291350
20240202,12:39:51,1.1,450,291350
20240202,12:39:54,1.1,500,291350
20240202,12:39:56,1.1,100,291350
20240202,12:39:57,1.1,500,291350
20240202,12:39:59,1.1,700,291350
20240202,12:40:01,1.1,450,291350
20240202,12:40:03,1.1,300,291350
20240202,12:40:04,1.1,100,291350
20240202,12:40:05,1.05,1150,291350
20240202,12:40:07,1.1,12350,291350
20240202,12:40:08,1.1,5250,291350
20240202,12:40:09,1.1,1800,291350
20240202,12:40:10,1.1,400,291350
20240202,12:40:11,1.1,1800,291350
20240202,12:40:12,1.1,850,291350
20240202,12:40:15,1.1,1200,291350
20240202,12:40:22,1.1,850,291350
20240202,12:40:28,1.1,900,291350
20240202,12:40:52,1.1,300,291350
20240202,12:40:59,1.1,50,291350
20240202,12:41:02,1.1,1000,291350
20240202,12:41:05,1.1,100,291350
20240202,12:41:07,1.1,2500,291350
20240202,12:42:04,1.05,850,291350
20240202,12:42:07,1.05,200,291500
20240202,12:42:09,1.05,1000,291500
20240202,12:42:11,1.05,550,291500
20240202,12:42:13,1.05,900,291500
20240202,12:42:15,1.05,550,291500
20240202,12:42:17,1.05,200,291500
20240202,12:42:19,1.05,1250,291500
20240202,12:42:21,1.05,50,291500
20240202,12:43:01,1.05,250,291500
20240202,12:43:04,1.05,200,291500
20240202,12:43:05,1.05,3000,291500
20240202,12:43:06,1.05,15650,291500
20240202,12:43:10,1.05,100,291500
20240202,12:44:05,1.1,1000,291500
20240202,12:44:28,1.1,100,291500
20240202,12:44:39,1.1,1000,291500
20240202,12:44:58,1.1,600,291100
20240202,12:44:59,1.1,26300,291100
20240202,12:45:00,1.1,1000,291100
20240202,12:45:05,1.1,1350,291100
20240202,12:45:06,1.1,3600,291100
20240202,12:45:32,1.1,50,291100
20240202,12:45:41,1.1,50,291100
20240202,12:45:58,1.1,1000,291100
20240202,12:46:19,1.15,4500,291100
20240202,12:46:43,1.1,550,291100
20240202,12:46:44,1.1,500,291100
20240202,12:46:45,1.1,500,291100
20240202,12:46:46,1.1,500,291100
20240202,12:46:48,1.1,500,291100
20240202,12:46:50,1.1,500,291100
20240202,12:46:51,1.1,500,291100
20240202,12:46:52,1.1,500,291100
20240202,12:46:53,1.1,500,291100
20240202,12:46:54,1.1,500,291100
20240202,12:46:55,1.1,500,291100
20240202,12:46:57,1.1,1800,291100
20240202,12:46:58,1.1,1800,291100
20240202,12:47:00,1.1,1800,291100
20240202,12:47:02,1.1,15950,291100
20240202,12:47:12,1.15,50,291100
20240202,12:47:32,1.1,6600,291100
20240202,12:48:04,1.1,50,285450
20240202,12:48:57,1.1,1000,285450
20240202,12:49:27,1.1,200,285450
20240202,12:50:16,1.1,250,285450
20240202,12:50:17,1.15,350,285450
20240202,12:50:22,1.1,250,285450
20240202,12:50:27,1.1,250,285450
20240202,12:51:22,1.15,50,284450
20240202,12:51:34,1.1,150,284450
20240202,12:52:05,1.15,50,284450
20240202,12:54:10,1.1,1800,284550
20240202,12:54:12,1.1,1800,284550
20240202,12:54:13,1.1,1800,284550
20240202,12:54:14,1.1,2000,284550
20240202,12:54:16,1.1,2300,284550
20240202,12:54:54,1.1,250,284550
20240202,12:55:28,1.1,50,284550
20240202,12:56:03,1.1,1500,284550
20240202,12:56:08,1.1,50,284550
20240202,12:57:03,1.1,50,284550
20240202,12:57:13,1.1,50,286100
20240202,12:57:22,1.1,250,286100
20240202,12:58:00,1.1,50,286100
20240202,13:00:12,1.1,50,286100
20240202,13:00:30,1.1,200,286400
20240202,13:00:34,1.1,100,286400
20240202,13:00:44,1.05,50,286400
20240202,13:01:25,1.05,250,286400
20240202,13:01:47,1.05,50,286400
20240202,13:02:54,1.05,50,286200
20240202,13:03:30,1.05,9000,286200
20240202,13:03:31,1.1,1800,286200
20240202,13:03:41,1.05,44100,286200
20240202,13:03:43,1.1,1800,286200
20240202,13:03:44,1.1,50,286200
20240202,13:03:47,1.1,1800,286200
20240202,13:04:01,1.05,800,286200
20240202,13:04:30,1.05,800,286200
20240202,13:04:52,1.05,50,286200
20240202,13:05:20,1.05,400,286200
20240202,13:05:28,1.05,1100,286200
20240202,13:05:34,1.05,250,286200
20240202,13:05:47,1.05,300,295950
20240202,13:05:48,1.05,250,295950
20240202,13:05:55,1.05,150,295950
20240202,13:06:04,1.05,1000,295950
20240202,13:06:26,1.05,400,295950
20240202,13:09:23,1.05,50,295950
20240202,13:10:48,1.05,150,294250
20240202,13:11:01,1.05,100,294250
20240202,13:11:39,1.05,50,294250
20240202,13:11:40,1.05,300,294250
20240202,13:11:44,1.05,250,293650
20240202,13:11:50,1.05,300,293650
20240202,13:11:51,1.05,250,293650
20240202,13:11:52,1.05,250,293650
20240202,13:11:53,1.05,250,293650
20240202,13:11:56,1.05,50,293650
20240202,13:11:59,1.05,50,293650
20240202,13:12:10,1.05,50,293650
20240202,13:12:37,1.05,50,293650
20240202,13:13:06,1.05,100,293650
20240202,13:13:22,1.05,250,293650
20240202,13:13:47,1.05,250,293650
20240202,13:13:52,1.05,300,293650
20240202,13:13:58,1.05,250,293650
20240202,13:14:25,1.05,1250,293650
20240202,13:14:53,1.1,50,291950
20240202,13:14:56,1.05,2050,291950
20240202,13:18:02,1.05,3400,292050
20240202,13:18:20,1.05,200,292050
20240202,13:18:23,1.05,27450,292050
20240202,13:18:24,1.05,1700,292050
20240202,13:18:25,1.05,650,292050
20240202,13:18:28,1.05,3000,292050
20240202,13:18:29,1.05,200,292050
20240202,13:18:30,1.05,100,292050
20240202,13:18:31,1.05,400,292050
20240202,13:18:32,1.05,500,292050
20240202,13:18:33,1.05,2400,292050
20240202,13:18:34,1.05,1800,292050
20240202,13:18:45,1.05,50,292050
20240202,13:18:46,1.05,800,292050
20240202,13:18:47,1.05,200,292050
20240202,13:18:48,1.0,7100,292050
20240202,13:18:49,1.0,1450,292050
20240202,13:18:50,1.05,800,292050
20240202,13:18:59,1.05,550,292050
20240202,13:21:43,1.0,150,299600
20240202,13:22:04,1.05,500,299600
20240202,13:23:30,1.05,50,299600
20240202,13:24:03,1.05,50,299600
20240202,13:24:11,1.0,900,299600
20240202,13:24:29,1.0,1200,299600
20240202,13:24:46,1.05,47200,299600
20240202,13:24:50,1.0,1250,299600
20240202,13:25:00,1.05,39250,299600
20240202,13:25:44,1.0,3200,299600
20240202,13:25:47,1.05,50,299600
20240202,13:25:51,1.05,800,299600
20240202,13:25:52,1.05,2400,299600
20240202,13:25:53,1.05,2400,299600
20240202,13:25:55,1.0,250,299600
20240202,13:25:58,1.0,300,299600
20240202,13:26:07,1.0,800,299600
20240202,13:28:11,1.0,50,298350
20240202,13:29:40,1.05,50,298350
20240202,13:29:44,1.0,800,298350
20240202,13:29:47,1.05,50,298250
20240202,13:29:55,1.05,50,298250
20240202,13:30:14,1.0,400,298250
20240202,13:30:28,1.05,50,298250
20240202,13:30:47,1.05,50,298250
20240202,13:30:49,1.05,50,298250
20240202,13:30:51,1.05,50,298250
20240202,13:30:54,1.05,50,298250
20240202,13:30:56,1.0,800,298250
20240202,13:31:02,1.05,50,298250
20240202,13:31:05,1.05,50,298250
20240202,13:31:07,1.05,50,298250
20240202,13:31:08,1.05,500,298250
20240202,13:31:11,1.05,200,298250
20240202,13:31:30,1.05,200,298250
20240202,13:31:59,1.05,40300,298250
20240202,13:32:09,1.05,50,298250
20240202,13:32:13,1.05,17600,298250
20240202,13:32:15,1.05,250,298250
20240202,13:32:40,1.1,1000,298250
20240202,13:33:01,1.1,50,281150
20240202,13:33:22,1.1,2150,281150
20240202,13:33:28,1.1,2100,281150
20240202,13:33:30,1.1,1600,281150
20240202,13:33:32,1.1,14500,281150
20240202,13:33:34,1.1,100,281150
20240202,13:33:35,1.1,200,281150
20240202,13:33:37,1.1,200,281150
20240202,13:33:39,1.1,3550,281150
20240202,13:33:40,1.1,1700,281150
20240202,13:33:41,1.1,4250,281150
20240202,13:33:43,1.1,50,281150
20240202,13:33:55,1.1,400,281150
20240202,13:34:16,1.1,150,281150
20240202,13:34:37,1.1,1700,281150
20240202,13:34:38,1.1,1700,281150
20240202,13:34:40,1.1,20100,281150
20240202,13:34:42,1.1,1800,281150
20240202,13:35:13,1.05,400,281150
20240202,13:35:32,1.05,1700,281150
20240202,13:35:33,1.05,5100,281150
20240202,13:35:34,1.05,1700,281150
20240202,13:35:38,1.1,300,281150
20240202,13:35:39,1.1,200,281150
20240202,13:35:40,1.05,400,281150
20240202,13:35:43,1.05,1700,281150
20240202,13:36:06,1.1,1800,291300
20240202,13:36:07,1.1,200,291300
20240202,13:36:11,1.15,300,291300
20240202,13:36:28,1.1,600,291300
20240202,13:36:50,1.1,200,291300
20240202,13:37:04,1.1,1700,291300
20240202,13:37:05,1.1,3400,291300
20240202,13:37:06,1.1,1700,291300
20240202,13:37:07,1.15,17450,291300
20240202,13:37:08,1.1,1700,291300
20240202,13:37:10,1.1,1700,291300
20240202,13:37:12,1.1,1700,291300
20240202,13:37:20,1.1,400,291300
20240202,13:37:24,1.1,1700,291300
20240202,13:37:27,1.15,1500,291300
20240202,13:38:24,1.1,900,291300
20240202,13:38:26,1.1,50,291300
20240202,13:38:33,1.05,6000,291300
20240202,13:38:46,1.05,350,291300
20240202,13:38:47,1.0,3150,291300
20240202,13:38:54,1.0,600,295000
20240202,13:39:05,1.0,350,295000
20240202,13:39:21,1.0,600,295000
20240202,13:40:05,1.05,800,295000
20240202,13:40:06,1.05,1200,295000
20240202,13:40:19,1.0,1000,295000
20240202,13:40:49,1.0,3400,295000
20240202,13:40:50,1.0,21500,295000
20240202,13:40:51,1.0,1800,295000
20240202,13:40:54,1.0,1700,295000
20240202,13:40:56,0.95,9150,295000
20240202,13:41:00,0.95,550,295000
20240202,13:41:04,0.95,400,295000
20240202,13:41:11,0.95,2200,295000
20240202,13:41:12,1.0,2800,295000
20240202,13:41:13,1.0,2000,295000
20240202,13:41:14,1.0,2000,295000
20240202,13:41:31,1.0,50,295000
20240202,13:41:52,1.0,200,295000
20240202,13:41:56,1.0,6250,288300
20240202,13:42:05,1.0,3050,288300
20240202,13:42:06,1.0,1000,288300
20240202,13:42:14,1.0,400,288300
20240202,13:43:28,1.0,50,288300
20240202,13:44:58,1.0,50,280300
20240202,13:45:02,1.0,250,280300
20240202,13:45:27,1.0,800,280300
20240202,13:45:49,1.0,200,280300
20240202,13:46:06,1.0,800,280300
20240202,13:46:51,1.0,800,280300
20240202,13:47:24,1.0,400,280300
20240202,13:47:56,1.0,600,281800
20240202,13:52:13,1.0,100,281800
20240202,13:52:17,1.0,50,282400
20240202,13:53:00,1.0,200,282400
20240202,13:53:57,1.05,50,282400
20240202,13:54:35,1.05,50,282400
20240202,13:54:42,1.05,50,282400
20240202,13:55:35,1.05,250,282400
20240202,13:56:08,1.05,250,282400
20240202,13:56:38,1.05,250,282400
20240202,13:57:09,1.0,50,282400
20240202,13:59:21,1.05,500,281800
20240202,14:00:08,1.0,800,281800
20240202,14:00:09,1.0,250,281300
20240202,14:00:37,1.0,250,281300
20240202,14:00:47,1.0,2950,281300
20240202,14:01:55,1.0,50,281300
20240202,14:04:16,1.0,50,283150
20240202,14:04:48,1.05,1800,283150
20240202,14:04:53,1.05,1800,283150
20240202,14:08:41,1.0,50,279550
20240202,14:10:42,1.05,1200,279550
20240202,14:10:42,1.05,100,279550
20240202,14:11:03,1.05,50,279550
20240202,14:11:45,1.05,500,279550
20240202,14:12:08,1.05,50,278750
20240202,14:12:42,1.05,5100,278750
20240202,14:13:47,1.05,50,278750
20240202,14:13:51,1.05,1000,278750
20240202,14:14:54,1.05,50,278750
20240202,14:14:55,1.05,50,276000
20240202,14:16:08,1.0,50,276000
20240202,14:16:35,1.0,100,276000
20240202,14:25:33,1.05,1500,275850
20240202,14:25:50,1.05,15000,275850
20240202,14:25:52,1.0,3200,275850
20240202,14:26:56,1.0,550,275850
20240202,14:26:59,1.0,250,274450
20240202,14:27:04,1.0,150,274450
20240202,14:27:48,1.05,500,274450
20240202,14:28:14,1.05,250,274450
20240202,14:29:33,1.05,400,274450
20240202,14:29:38,1.05,400,274450
20240202,14:29:42,1.05,100,274450
20240202,14:29:43,1.05,100,274450
20240202,14:29:44,1.0,50,274450
20240202,14:29:45,1.05,300,274450
20240202,14:29:49,1.05,100,274450
20240202,14:29:56,1.05,100,273400
20240202,14:30:05,1.05,100,273400
20240202,14:30:10,1.05,1500,273400
20240202,14:30:15,1.05,100,273400
20240202,14:30:15,1.0,1800,273400
20240202,14:30:21,1.05,15000,273400
20240202,14:30:28,1.05,100,273400
20240202,14:30:30,1.05,250,273400
20240202,14:30:33,1.0,750,273400
20240202,14:32:10,1.05,450,273400
20240202,14:32:13,1.05,100,273400
20240202,14:32:15,1.05,100,273400
20240202,14:32:18,1.05,300,273400
20240202,14:32:31,1.05,500,273400
20240202,14:32:33,1.05,350,273400
20240202,14:34:37,1.0,400,272650
20240202,14:34:48,1.0,3000,272650
20240202,14:34:59,1.05,4650,272650
20240202,14:35:07,1.0,200,272650
20240202,14:35:10,1.0,550,272650
20240202,14:35:25,1.0,500,272650
20240202,14:35:31,1.0,200,272650
20240202,14:35:39,1.05,50,272650
20240202,14:35:47,1.0,200,272650
20240202,14:35:50,1.0,200,272650
20240202,14:35:52,1.0,200,272650
20240202,14:35:57,1.0,550,270350
20240202,14:36:00,1.0,200,270350
20240202,14:36:02,1.0,550,270350
20240202,14:36:07,1.0,200,270350
20240202,14:36:15,1.0,750,270350
20240202,14:37:28,1.0,1400,270350
20240202,14:38:03,1.0,750,270350
20240202,14:42:06,1.0,1800,270350
20240202,14:43:37,1.0,5000,269050
20240202,14:43:42,1.0,5000,269050
20240202,14:44:55,1.0,11300,269050
20240202,14:44:55,1.0,50,269050
20240202,14:45:11,1.0,250,284250
20240202,14:45:26,1.0,750,284250
20240202,14:46:13,1.0,500,284250
20240202,14:46:48,0.95,50,284250
20240202,14:47:43,1.0,2350,284250
20240202,14:47:45,0.95,1800,284250
20240202,14:47:48,0.95,800,284250
20240202,14:48:38,0.95,1000,279750
20240202,14:48:45,0.95,1800,279750
20240202,14:50:44,0.95,39600,279750
20240202,14:50:52,0.95,1100,279750
20240202,14:50:53,0.95,16650,279750
20240202,14:51:01,0.95,250,292650
20240202,14:51:14,0.9,4800,292650
20240202,14:51:15,0.9,16200,292650
20240202,14:51:23,0.9,1000,292650
20240202,14:51:28,0.9,8650,292650
20240202,14:51:30,0.9,50,292650
20240202,14:51:43,0.85,1800,292650
20240202,14:51:52,0.85,2800,292650
20240202,14:51:56,0.9,50,292650
20240202,14:51:58,0.9,50,292650
20240202,14:51:59,0.9,3300,292650
20240202,14:52:01,0.9,250,292650
20240202,14:52:32,0.9,200,292650
20240202,14:52:44,0.9,50,292650
20240202,14:52:50,0.9,50,292650
20240202,14:52:58,0.85,1800,292650
20240202,14:53:01,0.9,250,292650
20240202,14:53:25,0.9,400,292650
20240202,14:53:27,0.9,250,292650
20240202,14:53:34,0.9,100,292650
20240202,14:53:35,0.9,250,292650
20240202,14:53:37,0.9,250,292650
20240202,14:53:39,0.9,400,292650
20240202,14:53:41,0.9,250,292650
20240202,14:53:42,0.9,100,292650
20240202,14:53:44,0.9,500,292650
20240202,14:53:47,0.9,350,292650
20240202,14:54:01,0.9,500,284650
20240202,14:54:11,0.9,500,284650
20240202,14:54:25,0.9,500,284650
20240202,14:55:02,0.85,550,284650
20240202,14:55:06,0.85,1800,284650
20240202,14:55:09,0.9,500,284650
20240202,14:55:17,0.9,2000,284650
20240202,14:55:58,0.85,600,284650
20240202,14:56:01,0.85,200,284650
20240202,14:56:02,0.85,550,284650
20240202,14:56:34,0.9,500,284650
20240202,14:57:01,0.85,850,277900
20240202,14:57:19,0.9,500,277900
20240202,14:58:01,0.85,200,277900
20240202,14:58:38,0.9,1000,277900
20240202,14:58:52,0.9,1800,277900
20240202,14:58:58,0.85,3600,277900
20240202,14:58:59,0.9,700,277900
20240202,14:59:10,0.85,1800,277900
20240202,15:00:00,0.85,1250,272550
20240202,15:00:06,0.85,4100,272550
20240202,15:00:31,0.8,1800,272550
20240202,15:00:50,0.8,600,272550
20240202,15:00:51,0.85,10200,272550
20240202,15:01:12,0.8,500,272550
20240202,15:02:22,0.8,1100,272550
20240202,15:02:36,0.8,250,272550
20240202,15:02:37,0.85,15000,272550
20240202,15:02:42,0.85,500,272550
20240202,15:02:54,0.85,18650,272550
20240202,15:03:11,0.85,250,272550
20240202,15:04:02,0.85,1700,249600
20240202,15:05:39,0.85,100,249600
20240202,15:05:58,0.85,50,249600
20240202,15:06:24,0.9,13750,247900
20240202,15:06:25,0.9,12000,247900
20240202,15:07:39,0.85,150,247900
20240202,15:07:53,0.9,3000,247900
20240202,15:08:05,0.9,1000,247900
20240202,15:08:08,0.9,1000,247900
20240202,15:09:54,0.85,8200,247900
20240202,15:09:55,0.85,1800,242350
20240202,15:14:14,0.9,4000,242350
20240202,15:14:30,0.9,250,242350
20240202,15:14:34,0.9,250,242350
20240202,15:15:22,0.9,100,242350
20240202,15:15:50,0.9,600,242350
20240202,15:16:39,0.9,250,242350
20240202,15:16:43,0.9,150,242350
20240202,15:17:55,0.9,50,242350
20240202,15:19:37,0.9,100,242550
20240202,15:20:02,0.9,50,242550
20240202,15:20:27,0.9,100,242550
20240202,15:20:30,0.85,100,242550
20240202,15:20:31,0.9,100,242550
20240202,15:20:35,0.85,50,242550
20240202,15:20:45,0.9,100,242550
20240202,15:20:51,0.9,100,242550
20240202,15:20:57,0.9,1000,242550
20240202,15:21:03,0.9,1000,242550
20240202,15:21:09,0.9,1000,242650
20240202,15:21:15,0.9,1000,242650
20240202,15:21:17,0.9,50,242650
20240202,15:21:26,0.9,1500,242650
20240202,15:21:36,0.9,1000,242650
20240202,15:21:51,0.9,2000,242650
20240202,15:22:05,0.85,50,242650
20240202,15:22:07,0.9,1500,242650
20240202,15:22:15,0.9,1100,242650
20240202,15:22:25,0.85,200,242650
20240202,15:22:30,0.85,50,242650
20240202,15:23:32,0.85,1800,242650
20240202,15:23:39,0.9,200,242650
20240202,15:23:46,0.85,50,242650
20240202,15:23:49,0.9,100,242650
20240202,15:23:57,0.85,1250,242650
20240202,15:24:03,0.85,1000,240350
20240202,15:24:06,0.9,100,240350
20240202,15:24:20,0.85,1500,240350
20240202,15:24:35,0.9,50,240350
20240202,15:24:42,0.85,1500,240350
20240202,15:24:53,0.85,1250,240350
20240202,15:25:04,0.85,2650,240350
20240202,15:25:07,0.85,150,240350
20240202,15:25:15,0.85,150,240350
20240202,15:25:21,0.85,150,240350
20240202,15:25:26,0.85,1650,240350
20240202,15:25:37,0.85,1250,240350
20240202,15:25:47,0.85,1500,240350
20240202,15:25:48,0.85,1250,240350
20240202,15:26:00,0.9,50,240350
20240202,15:26:04,0.85,1000,240350
20240202,15:26:08,0.85,1500,240350
20240202,15:26:19,0.85,500,240350
20240202,15:26:21,0.9,50,240350
20240202,15:26:27,0.85,500,240350
20240202,15:26:29,0.85,1700,240350
20240202,15:26:43,0.85,1250,240350
20240202,15:26:49,0.85,1500,240350
20240202,15:26:51,0.85,500,240350
20240202,15:27:04,0.85,1000,226150
20240202,15:27:08,0.85,1700,226150
20240202,15:27:19,0.85,500,226150
20240202,15:27:28,0.85,100,226150
20240202,15:27:29,0.8,1400,226150
20240202,15:27:38,0.8,1250,226150
20240202,15:27:41,0.8,500,226150
20240202,15:27:48,0.8,2300,226150
20240202,15:28:01,0.8,1850,226150
20240202,15:28:07,0.8,1500,226150
20240202,15:28:07,0.85,100,226150
20240202,15:28:18,0.85,100,226150
20240202,15:28:19,0.85,100,226150
20240202,15:28:22,0.8,500,226150
20240202,15:28:24,0.8,1500,226150
20240202,15:28:25,0.85,100,226150
20240202,15:28:30,0.8,1250,226150
20240202,15:28:33,0.85,100,226150
20240202,15:28:34,0.85,50,226150
20240202,15:28:37,0.85,300,226150
20240202,15:28:39,0.85,200,226150
20240202,15:28:39,0.8,500,226150
20240202,15:28:42,0.8,1500,226150
20240202,15:28:47,0.85,700,226150
20240202,15:28:52,0.8,50,226150
20240202,15:28:54,0.75,14400,226150
20240202,15:29:07,0.75,50,226150
20240202,15:29:09,0.75,350,226150
20240202,15:29:12,0.8,500,226150
20240202,15:29:31,0.75,1500,226150
20240202,15:29:31,0.8,50,226150
20240202,15:29:37,0.8,50,226150
20240202,15:29:39,0.75,200,226150
20240202,15:29:40,0.8,1900,226150
20240202,15:29:45,0.8,50,226150
20240202,15:29:53,0.8,300,226150
20240202,15:29:54,0.75,100,226150
20240205,09:15:02,0.75,1,194850
20240205,09:15:02,0.75,50,194850
20240205,09:15:03,0.6,100,194850
20240205,09:15:04,0.85,1050,194850
20240205,09:15:04,0.6,1050,194850
20240205,09:15:05,0.8,450,194850
20240205,09:15:06,0.8,50,194850
20240205,09:15:10,0.9,150,194850
20240205,09:15:11,0.85,150,194850
20240205,09:15:16,0.85,200,194850
20240205,09:15:35,0.85,800,194850
20240205,09:15:50,0.7,50,194850
20240205,09:16:34,0.7,50,194750
20240205,09:17:11,0.75,1800,194750
20240205,09:17:31,0.75,50,194750
20240205,09:17:58,0.75,50,194750
20240205,09:18:15,0.8,50,194750
20240205,09:18:38,0.8,50,194750
20240205,09:19:31,0.75,50,194750
20240205,09:20:04,0.8,450,194750
20240205,09:20:32,0.75,400,194750
20240205,09:20:42,0.8,1000,194750
20240205,09:21:19,0.8,50,194750
20240205,09:21:21,0.75,500,194750
20240205,09:21:27,0.8,600,194750
20240205,09:21:29,0.75,250,194750
20240205,09:22:08,0.75,50,194750
20240205,09:22:18,0.8,50,194600
20240205,09:23:00,0.75,200,194600
20240205,09:23:01,0.8,50,194600
20240205,09:23:14,0.8,50,194600
20240205,09:23:20,0.8,250,194600
20240205,09:23:21,0.8,800,194600
20240205,09:23:27,0.75,1800,194600
20240205,09:23:29,0.8,50,194600
20240205,09:23:32,0.8,50,194600
20240205,09:23:34,0.8,250,194600
20240205,09:23:41,0.8,250,194600
20240205,09:23:53,0.8,50,194600
20240205,09:24:19,0.8,300,194600
20240205,09:24:27,0.75,100,194600
20240205,09:24:33,0.8,2100,194600
20240205,09:24:37,0.8,100,194600
20240205,09:24:39,0.8,1500,194600
20240205,09:24:48,0.8,100,194600
20240205,09:25:02,0.85,150,194600
20240205,09:25:50,0.85,50,194600
20240205,09:26:20,0.85,50,198750
20240205,09:26:21,0.8,50,198750
20240205,09:26:26,0.85,50,198750
20240205,09:27:43,0.85,2500,198750
20240205,09:29:01,0.85,150,198150
20240205,09:29:17,0.85,50,198150
20240205,09:30:42,0.85,50,198150
20240205,09:31:03,0.85,250,198150
20240205,09:31:13,0.8,1500,198150
20240205,09:31:38,0.8,850,198000
20240205,09:31:56,0.8,150,198000
20240205,09:32:01,0.8,350,198000
20240205,09:33:42,0.8,150,198000
20240205,09:33:51,0.8,50,198000
20240205,09:34:55,0.75,950,198650
20240205,09:35:33,0.75,50,198650
20240205,09:35:47,0.75,50,198650
20240205,09:41:12,0.8,50,198650
20240205,09:42:13,0.8,50,198550
20240205,09:47:11,0.75,50,198550
20240205,09:48:56,0.8,1050,198550
20240205,09:52:22,0.8,50,198550
20240205,09:52:39,0.8,200,198500
20240205,09:53:24,0.8,100,198500
20240205,09:56:47,0.85,50,198500
20240205,09:56:47,0.8,1800,198300
20240205,09:56:48,0.85,50,198300
20240205,09:57:50,0.85,50,198300
20240205,10:00:00,0.75,50,198300
20240205,10:00:17,0.85,50,198300
20240205,10:01:19,0.8,100,198250
20240205,10:01:21,0.75,1800,198250
20240205,10:01:47,0.8,300,198250
20240205,10:01:54,0.8,2100,198250
20240205,10:02:07,0.8,1000,198250
20240205,10:02:09,0.8,50,198250
20240205,10:02:11,0.75,50,198250
20240205,10:02:23,0.8,100,198250
20240205,10:02:24,0.8,50,198250
20240205,10:02:31,0.75,150,198250
20240205,10:02:47,0.8,1200,198250
20240205,10:03:19,0.8,50,198250
20240205,10:04:54,0.8,50,197550
20240205,10:06:38,0.75,50,197550
20240205,10:06:57,0.75,50,197550
20240205,10:07:50,0.8,50,197500
20240205,10:07:55,0.75,50,197500
20240205,10:08:33,0.75,50,197500
20240205,10:08:35,0.75,150,197500
20240205,10:10:47,0.75,50,197500
20240205,10:11:38,0.7,250,197500
20240205,10:16:17,0.7,150,197500
20240205,10:17:07,0.8,50,197500
20240205,10:17:48,0.75,2800,197500
20240205,10:18:53,0.75,550,197500
20240205,10:18:55,0.75,850,197500
20240205,10:19:02,0.75,50,197500
20240205,10:19:03,0.75,100,197500
20240205,10:19:06,0.75,100,197500
20240205,10:20:15,0.7,50,197000
20240205,10:20:32,0.7,50,197000
20240205,10:20:34,0.7,50,197000
20240205,10:20:52,0.75,50,197000
20240205,10:21:13,0.7,1050,197000
20240205,10:21:14,0.7,1000,197000
20240205,10:21:24,0.7,350,197000
20240205,10:21:26,0.7,1000,197000
20240205,10:21:27,0.7,1000,197000
20240205,10:21:28,0.7,250,197000
20240205,10:21:34,0.7,250,197000
20240205,10:21:37,0.7,50,197000
20240205,10:21:38,0.7,50,197000
20240205,10:21:46,0.7,50,197000
20240205,10:21:55,0.7,50,197000
20240205,10:22:10,0.7,50,197000
20240205,10:22:34,0.7,50,199750
20240205,10:22:42,0.7,500,199750
20240205,10:22:43,0.7,500,199750
20240205,10:24:29,0.65,50,199750
20240205,10:26:00,0.65,50,200750
20240205,10:26:53,0.65,50,200750
20240205,10:27:04,0.7,50,200750
20240205,10:27:39,0.7,50,200750
20240205,10:30:22,0.7,100,200750
20240205,10:30:38,0.65,50,200850
20240205,10:31:12,0.7,50,200850
20240205,10:32:08,0.7,50,200850
20240205,10:32:42,0.7,9000,201000
20240205,10:32:51,0.7,50,201000
20240205,10:32:55,0.75,7400,201000
20240205,10:33:26,0.7,50,201000
20240205,10:33:40,0.75,50,201000
20240205,10:33:50,0.75,2850,201000
20240205,10:33:56,0.75,50,201000
20240205,10:33:58,0.75,100,201000
20240205,10:33:59,0.75,500,201000
20240205,10:34:01,0.75,200,201000
20240205,10:34:12,0.75,50,201000
20240205,10:34:13,0.75,1100,201000
20240205,10:34:23,0.75,1700,196500
20240205,10:34:30,0.75,50,196500
20240205,10:34:36,0.75,50,196500
20240205,10:34:48,0.8,750,196500
20240205,10:35:42,0.75,50,196500
20240205,10:36:55,0.75,50,196500
20240205,10:37:05,0.75,500,196500
20240205,10:37:07,0.75,1000,196500
20240205,10:37:31,0.7,50,196050
20240205,10:38:19,0.75,50,196050
20240205,10:40:33,0.75,50,196000
20240205,10:41:43,0.75,50,196000
20240205,10:44:38,0.75,150,196000
20240205,10:44:57,0.75,50,196000
20240205,10:45:17,0.75,250,196000
20240205,10:45:27,0.75,250,196000
20240205,10:45:48,0.7,350,196000
20240205,10:46:11,0.75,250,196000
20240205,10:46:23,0.75,50,196000
20240205,10:46:27,0.7,50,196000
20240205,10:46:45,0.75,50,196000
20240205,10:46:48,0.7,50,196000
20240205,10:47:15,0.75,50,196000
20240205,10:48:01,0.75,50,196000
20240205,10:48:09,0.7,50,196000
20240205,10:50:05,0.7,50,196000
20240205,10:51:14,0.7,350,196000
20240205,10:52:21,0.7,50,196000
20240205,10:53:35,0.75,50,196000
20240205,10:54:52,0.75,50,196250
20240205,10:59:24,0.75,50,196250
20240205,11:09:50,0.7,50,196250
20240205,11:10:24,0.75,50,196250
20240205,11:10:34,0.7,50,196250
20240205,11:10:47,0.75,100,196250
20240205,11:13:08,0.75,50,196250
20240205,11:13:44,0.75,50,196250
20240205,11:15:03,0.75,250,196200
20240205,11:16:54,0.75,250,196200
20240205,11:17:22,0.75,300,196200
20240205,11:17:23,0.75,500,196200
20240205,11:17:28,0.75,1000,196200
20240205,11:17:29,0.75,250,196200
20240205,11:17:35,0.75,1600,196200
20240205,11:21:07,0.75,50,196200
20240205,11:22:43,0.75,50,194700
20240205,11:26:06,0.75,50,194750
20240205,11:26:13,0.7,50,194750
20240205,11:27:45,0.8,50,194750
20240205,11:28:08,0.75,100,194750
20240205,11:28:14,0.75,50,194750
20240205,11:28:17,0.75,50,194750
20240205,11:28:38,0.8,50,194750
20240205,11:28:56,0.75,50,194550
20240205,11:29:54,0.75,50,194550
20240205,11:31:04,0.8,950,194550
20240205,11:31:33,0.75,950,194550
20240205,11:33:18,0.8,50,195450
20240205,11:33:51,0.8,50,195450
20240205,11:34:04,0.75,500,195450
20240205,11:34:05,0.75,50,195450
20240205,11:36:15,0.8,50,195450
20240205,11:36:42,0.75,50,194550
20240205,11:40:01,0.8,50,194550
20240205,11:40:18,0.8,50,194550
20240205,11:40:24,0.8,800,194550
20240205,11:40:25,0.85,3200,194550
20240205,11:40:26,0.85,950,194550
20240205,11:40:28,0.8,50,194550
20240205,11:40:35,0.8,250,194550
20240205,11:41:04,0.85,750,193600
20240205,11:41:35,0.8,250,193600
20240205,11:42:48,0.8,50,193600
20240205,11:43:06,0.8,50,193600
20240205,11:43:07,0.8,50,193600
20240205,11:43:08,0.8,50,193600
20240205,11:43:09,0.8,150,193600
20240205,11:43:55,0.8,150,193600
20240205,11:43:55,0.8,150,193100
20240205,11:44:07,0.8,250,193100
20240205,11:44:32,0.8,150,193100
20240205,11:44:33,0.8,150,193100
20240205,11:44:34,0.8,350,193100
20240205,11:44:35,0.85,5150,193100
20240205,11:44:36,0.85,1600,193100
20240205,11:44:38,0.75,150,193100
20240205,11:45:28,0.8,350,193100
20240205,11:45:57,0.8,50,193100
20240205,11:47:52,0.8,50,193000
20240205,11:49:52,0.8,550,193000
20240205,11:50:04,0.85,550,193000
20240205,11:50:15,0.85,1150,193000
20240205,11:53:12,0.8,350,193000
20240205,11:53:19,0.85,1850,193650
20240205,11:53:22,0.8,50,193650
20240205,11:53:25,0.8,50,193650
20240205,11:53:35,0.8,50,193650
20240205,11:53:43,0.8,750,193650
20240205,11:54:01,0.8,50,193650
20240205,11:54:06,0.8,50,193650
20240205,11:54:18,0.75,50,193650
20240205,11:54:20,0.85,2500,193650
20240205,11:55:53,0.85,2450,196700
20240205,11:56:42,0.8,350,196700
20240205,11:57:05,0.85,1350,196700
20240205,11:57:37,0.85,750,196700
20240205,11:58:13,0.85,1400,196700
20240205,11:58:14,0.85,400,196700
20240205,12:00:53,0.85,50,196700
20240205,12:00:54,0.85,50,197900
20240205,12:01:06,0.85,50,197900
20240205,12:01:30,0.85,50,197900
20240205,12:03:36,0.85,2500,197900
20240205,12:03:49,0.85,100,197900
20240205,12:05:15,0.85,800,198650
20240205,12:08:48,0.85,250,198650
20240205,12:09:12,0.85,50,198650
20240205,12:10:58,0.85,300,198400
20240205,12:11:15,0.8,50,198400
20240205,12:13:20,0.8,200,198400
20240205,12:13:43,0.8,50,198400
20240205,12:13:57,0.8,50,198100
20240205,12:15:54,0.85,950,198100
20240205,12:16:24,0.8,50,198100
20240205,12:16:38,0.8,50,198100
20240205,12:17:14,0.85,1800,198100
20240205,12:17:39,0.85,100,198100
20240205,12:18:37,0.8,950,198100
20240205,12:19:16,0.85,450,198100
20240205,12:19:19,0.85,350,198100
20240205,12:23:44,0.85,50,198350
20240205,12:24:07,0.85,50,198350
20240205,12:28:01,0.85,50,198350
20240205,12:28:02,0.85,150,198350
20240205,12:28:06,0.9,1800,198350
20240205,12:28:23,0.95,50,198350
20240205,12:28:25,0.95,900,198350
20240205,12:29:04,0.85,50,198350
20240205,12:29:36,0.95,950,198250
20240205,12:29:43,0.9,250,198250
20240205,12:29:46,0.95,50,198250
20240205,12:29:49,0.9,50,198250
20240205,12:29:55,0.95,950,198250
20240205,12:30:00,0.9,50,198250
20240205,12:30:01,0.9,50,198250
20240205,12:30:02,0.9,50,198250
20240205,12:30:03,0.95,2050,198250
20240205,12:30:04,0.95,400,198250
20240205,12:30:05,0.9,500,198250
20240205,12:30:09,0.9,600,198250
20240205,12:30:31,0.9,50,198250
20240205,12:30:40,0.9,50,198250
20240205,12:31:07,0.9,1200,198250
20240205,12:31:44,0.85,800,200500
20240205,12:32:11,0.85,900,200500
20240205,12:32:26,0.85,1000,200500
20240205,12:33:22,0.95,500,200500
20240205,12:34:02,0.95,1800,200500
20240205,12:34:03,0.95,200,200500
20240205,12:34:07,0.9,2850,200500
20240205,12:35:00,0.95,50,200900
20240205,12:35:11,0.9,50,200900
20240205,12:35:13,0.9,200,200900
20240205,12:35:21,0.9,200,200900
20240205,12:35:28,0.85,50,200900
20240205,12:36:48,0.9,50,200900
20240205,12:37:52,0.9,50,201200
20240205,12:38:14,0.9,50,201200
20240205,12:39:03,0.85,50,201200
20240205,12:39:05,0.9,50,201200
20240205,12:40:29,0.9,50,201200
20240205,12:40:50,0.9,100,201300
20240205,12:41:17,0.9,50,201300
20240205,12:41:56,0.9,50,201300
20240205,12:42:30,0.9,50,201300
20240205,12:42:55,0.9,50,201300
20240205,12:42:56,0.85,50,201300
20240205,12:43:32,0.9,250,201300
20240205,12:44:06,0.9,250,201300
20240205,12:44:29,0.9,50,201600
20240205,12:45:34,0.9,100,201600
20240205,12:45:35,0.9,250,201600
20240205,12:45:36,0.9,50,201600
20240205,12:47:16,0.85,200,201600
20240205,12:47:35,0.9,1000,201800
20240205,12:47:37,0.9,50,201800
20240205,12:48:14,0.9,1800,201800
20240205,12:49:14,0.9,50,201800
20240205,12:49:23,0.9,50,201800
20240205,12:49:34,0.9,600,201800
20240205,12:50:00,0.9,2500,200300
20240205,12:51:12,0.9,650,200300
20240205,12:51:44,0.85,1000,200300
20240205,12:52:01,0.95,50,200300
20240205,12:52:22,0.9,100,200300
20240205,12:53:15,0.95,50,199150
20240205,12:53:43,0.95,50,199150
20240205,12:54:05,0.9,100,199150
20240205,12:55:11,0.85,50,199150
20240205,12:55:42,0.95,1000,199200
20240205,12:55:48,0.95,50,199200
20240205,12:55:49,0.9,1050,199200
20240205,12:55:55,0.9,50,199200
20240205,12:56:13,0.95,1000,199200
20240205,12:56:17,0.95,50,199200
20240205,12:56:20,0.9,1000,199200
20240205,12:56:28,0.95,50,199200
20240205,12:56:51,0.9,50,199200
20240205,12:57:43,0.9,50,199200
20240205,12:58:21,0.9,250,199200
20240205,12:58:35,0.9,50,199200
20240205,12:59:19,0.9,100,199200
20240205,12:59:30,0.9,1350,202500
20240205,12:59:34,0.85,250,202500
20240205,13:01:32,0.9,50,202500
20240205,13:01:35,0.85,100,202500
20240205,13:01:43,0.85,50,202500
20240205,13:01:45,0.85,50,203700
20240205,13:03:09,0.9,200,203700
20240205,13:05:42,0.85,100,203700
20240205,13:05:51,0.95,200,203800
20240205,13:06:05,0.95,100,203800
20240205,13:06:51,0.85,100,203800
20240205,13:07:46,0.85,250,204200
20240205,13:08:01,0.85,50,204200
20240205,13:08:04,0.85,50,204200
20240205,13:10:54,0.85,50,204200
20240205,13:14:02,0.95,50,203900
20240205,13:15:22,0.95,50,203850
20240205,13:15:27,0.95,50,203850
20240205,13:15:36,0.95,200,203850
20240205,13:15:52,0.9,1400,203850
20240205,13:17:45,0.85,200,203850
20240205,13:18:51,0.9,50,205250
20240205,13:19:03,0.85,2450,205250
20240205,13:19:21,0.85,50,205250
20240205,13:19:22,0.85,50,205250
20240205,13:19:35,0.85,50,205250
20240205,13:19:39,0.85,100,205250
20240205,13:19:49,0.85,250,202900
20240205,13:19:59,0.8,50,202900
20240205,13:20:49,0.8,50,202900
20240205,13:21:24,0.8,50,202900
20240205,13:21:55,0.85,250,202900
20240205,13:22:04,0.85,50,202900
20240205,13:22:27,0.8,50,202900
20240205,13:22:31,0.85,1400,202900
20240205,13:24:34,0.9,200,201750
20240205,13:24:42,0.85,50,201750
20240205,13:24:43,0.85,50,201750
20240205,13:24:47,0.9,50,201750
20240205,13:25:41,0.9,50,201750
20240205,13:25:51,0.85,50,201750
20240205,13:25:58,0.9,100,201850
20240205,13:26:14,0.9,50,201850
20240205,13:26:16,0.9,450,201850
20240205,13:26:24,0.85,50,201850
20240205,13:26:29,0.9,50,201850
20240205,13:26:39,0.9,50,201850
20240205,13:26:49,0.9,50,201850
20240205,13:26:50,0.85,100,201850
20240205,13:27:10,0.9,200,201850
20240205,13:27:46,0.9,400,201850
20240205,13:28:13,0.85,100,201850
20240205,13:28:19,0.9,50,201850
20240205,13:28:27,0.9,50,201850
20240205,13:28:48,0.85,500,201850
20240205,13:29:20,0.85,250,201900
20240205,13:29:23,0.85,450,201900
20240205,13:29:29,0.9,50,201900
20240205,13:30:06,0.85,50,201900
20240205,13:30:14,0.9,1000,201900
20240205,13:30:19,0.9,50,201900
20240205,13:30:30,0.9,700,201900
20240205,13:30:47,0.85,50,201900
20240205,13:31:16,0.85,800,201900
20240205,13:32:28,0.85,200,201900
20240205,13:33:53,0.85,100,203800
20240205,13:35:13,0.85,1000,203500
20240205,13:35:21,0.85,50,203500
20240205,13:36:04,0.9,50,203500
20240205,13:36:04,0.8,100,203500
20240205,13:37:48,0.85,200,203500
20240205,13:38:59,0.9,50,202450
20240205,13:39:03,0.9,200,202450
20240205,13:39:57,0.9,250,202450
20240205,13:40:12,0.85,50,202450
20240205,13:40:18,0.85,150,202450
20240205,13:40:50,0.85,250,203050
20240205,13:40:56,0.9,50,203050
20240205,13:41:03,0.85,50,203050
20240205,13:41:23,0.8,2000,203050
20240205,13:41:48,0.8,200,203050
20240205,13:42:01,0.9,50,203050
20240205,13:42:30,0.9,50,203050
20240205,13:42:39,0.9,50,203050
20240205,13:42:41,0.9,50,203050
20240205,13:42:57,0.9,50,203050
20240205,13:43:54,0.8,50,203050
20240205,13:44:28,0.9,50,202050
20240205,13:44:34,0.85,50,202050
20240205,13:45:21,0.8,50,202050
20240205,13:46:21,0.9,50,202050
20240205,13:46:31,0.85,50,202050
20240205,13:47:58,0.85,50,202050
20240205,13:48:29,0.8,100,202050
20240205,13:49:31,0.9,100,202050
20240205,13:49:34,0.85,100,202050
20240205,13:50:23,0.8,5700,202050
20240205,13:50:24,0.8,50,202050
20240205,13:50:28,0.75,9850,202050
20240205,13:50:30,0.8,50,202050
20240205,13:50:43,0.8,50,202050
20240205,13:50:49,0.8,50,202050
20240205,13:51:02,0.8,50,202050
20240205,13:54:18,0.8,350,202050
20240205,13:54:19,0.8,50,207800
20240205,13:54:20,0.75,100,207800
20240205,13:54:23,0.75,50,207800
20240205,13:55:23,0.75,100,207800
20240205,13:56:57,0.8,6000,207800
20240205,13:57:57,0.85,1650,207800
20240205,13:57:58,0.8,100,207800
20240205,13:57:59,0.8,50,207800
20240205,13:58:00,0.8,100,207800
20240205,13:58:03,0.8,50,207800
20240205,13:58:23,0.85,100,207800
20240205,13:59:16,0.85,950,202900
20240205,13:59:16,0.85,1450,202900
20240205,13:59:39,0.85,750,202900
20240205,14:00:38,0.85,2500,202900
20240205,14:00:39,0.85,150,202900
20240205,14:01:07,0.9,2250,202900
20240205,14:01:37,0.9,2450,202900
20240205,14:01:42,0.85,150,202900
20240205,14:02:07,0.9,2950,207550
20240205,14:02:15,0.9,2450,207550
20240205,14:02:29,0.85,50,207550
20240205,14:02:37,0.9,2850,207550
20240205,14:02:53,0.9,50,207550
20240205,14:02:54,0.9,100,207550
20240205,14:03:07,0.95,2250,207550
20240205,14:03:37,0.95,2900,207550
20240205,14:04:07,0.95,2650,207550
20240205,14:04:37,0.95,2950,207550
20240205,14:04:40,0.95,2900,207550
20240205,14:04:42,0.9,50,207550
20240205,14:05:07,0.95,2300,207550
20240205,14:05:14,0.95,1250,222300
20240205,14:05:37,0.95,2750,222300
20240205,14:05:51,0.95,1050,222300
20240205,14:06:07,0.95,2250,222300
20240205,14:06:14,0.9,100,222300
20240205,14:06:37,0.95,1800,222300
20240205,14:06:37,0.95,450,222300
20240205,14:06:40,0.95,400,222300
20240205,14:06:42,0.95,50,222300
20240205,14:06:43,1.0,350,222300
20240205,14:06:44,1.0,50,222300
20240205,14:06:45,0.95,250,222300
20240205,14:06:46,0.95,1700,222300
20240205,14:06:57,0.9,50,222300
20240205,14:07:00,0.95,600,222300
20240205,14:07:07,0.95,3100,222300
20240205,14:07:11,1.0,150,222300
20240205,14:07:15,0.95,50,222300
20240205,14:07:16,0.95,50,222300
20240205,14:07:18,0.95,50,222300
20240205,14:07:20,0.95,50,222300
20240205,14:07:36,0.95,500,222300
20240205,14:07:37,1.0,2200,222300
20240205,14:07:47,0.95,50,222300
20240205,14:08:06,0.95,800,235450
20240205,14:08:07,0.95,350,235450
20240205,14:08:07,1.0,2350,235450
20240205,14:08:19,0.95,500,235450
20240205,14:08:22,0.95,5800,235450
20240205,14:08:23,0.95,50,235450
20240205,14:08:25,0.95,1500,235450
20240205,14:08:37,0.95,2200,235450
20240205,14:09:07,0.95,2250,235450
20240205,14:09:24,0.95,200,235450
20240205,14:09:25,0.95,50,235450
20240205,14:09:37,0.95,2250,235450
20240205,14:09:46,0.9,1000,235450
20240205,14:09:47,0.9,1000,235450
20240205,14:09:52,0.9,500,235450
20240205,14:09:57,0.9,150,235450
20240205,14:09:58,0.9,150,235450
20240205,14:09:58,0.95,1800,235450
20240205,14:10:03,0.95,250,235450
20240205,14:10:07,0.95,2250,235450
20240205,14:10:13,0.95,50,235450
20240205,14:10:22,0.95,1800,235450
20240205,14:10:23,0.95,1200,235450
20240205,14:10:37,0.95,2200,235450
20240205,14:10:55,0.95,250,256450
20240205,14:11:00,0.95,50,256450
20240205,14:11:07,0.95,2300,256450
20240205,14:11:09,0.95,1100,256450
20240205,14:11:18,0.95,650,256450
20240205,14:11:22,0.95,500,256450
20240205,14:11:35,0.95,1700,256450
20240205,14:11:59,0.95,50,256450
20240205,14:12:07,1.0,2250,256450
20240205,14:12:17,1.0,50,256450
20240205,14:12:18,0.95,50,256450
20240205,14:12:23,0.95,50,256450
20240205,14:12:28,0.95,1800,256450
20240205,14:12:37,1.0,2300,256450
20240205,14:12:38,0.95,250,256450
20240205,14:12:44,0.95,250,256450
20240205,14:12:52,0.95,1350,256450
20240205,14:13:12,0.95,50,256450
20240205,14:13:24,1.0,250,256450
20240205,14:13:26,1.0,50,256450
20240205,14:13:28,0.95,400,256450
20240205,14:13:37,1.0,4900,256450
20240205,14:14:08,0.95,2800,264350
20240205,14:14:16,1.0,50,264350
20240205,14:14:17,0.9,500,264350
20240205,14:14:37,0.95,2200,264350
20240205,14:14:57,1.0,50,264350
20240205,14:15:07,0.95,3000,264350
20240205,14:15:15,0.95,50,264350
20240205,14:15:26,0.95,200,264350
20240205,14:15:36,0.9,100,264350
20240205,14:15:37,0.95,2250,264350
20240205,14:15:49,0.95,100,264350
20240205,14:16:00,0.9,50,264350
20240205,14:16:07,0.95,2650,264350
20240205,14:16:09,0.95,50,264350
20240205,14:16:13,0.95,200,264350
20240205,14:16:37,0.95,2900,264350
20240205,14:16:39,0.95,50,264350
20240205,14:17:07,0.95,3600,276200
20240205,14:17:37,0.95,3400,276200
20240205,14:17:49,1.0,50,276200
20240205,14:17:56,0.9,50,276200
20240205,14:18:07,0.95,3400,276200
20240205,14:18:28,0.95,50,276200
20240205,14:18:37,0.95,3700,276200
20240205,14:19:07,0.95,2250,276200
20240205,14:19:17,1.0,50,276200
20240205,14:19:30,1.0,50,276200
20240205,14:19:37,0.95,2200,276200
20240205,14:20:07,0.95,600,290850
20240205,14:20:22,1.0,2500,290850
20240205,14:20:37,1.0,2200,290850
20240205,14:20:45,0.95,50,290850
20240205,14:21:07,1.0,2250,290850
20240205,14:21:07,1.0,1800,290850
20240205,14:21:08,1.0,1800,290850
20240205,14:21:09,1.0,2950,290850
20240205,14:21:19,1.05,600,290850
20240205,14:21:20,1.05,50,290850
20240205,14:21:37,1.0,2300,290850
20240205,14:21:47,1.05,150,290850
20240205,14:22:08,1.0,4600,290850
20240205,14:22:15,1.0,1500,290850
20240205,14:22:23,1.0,100,290850
20240205,14:22:37,1.0,2200,290850
20240205,14:22:49,1.0,150,290850
20240205,14:22:56,0.95,50,308700
20240205,14:23:08,1.0,2300,308700
20240205,14:23:38,1.0,3000,308700
20240205,14:23:48,0.95,50,308700
20240205,14:23:56,1.0,50,308700
20240205,14:24:07,1.0,3050,308700
20240205,14:24:12,1.05,600,308700
20240205,14:24:23,1.0,300,308700
20240205,14:24:30,1.0,250,308700
20240205,14:24:37,1.05,2250,308700
20240205,14:24:40,1.05,150,308700
20240205,14:24:42,1.0,50,308700
20240205,14:24:43,1.0,1850,308700
20240205,14:25:08,1.05,2250,308700
20240205,14:25:37,1.05,2200,308700
20240205,14:25:55,1.05,50,319950
20240205,14:26:00,1.0,500,319950
20240205,14:26:07,1.05,2350,319950
20240205,14:26:15,1.0,50,319950
20240205,14:26:19,1.05,50,319950
20240205,14:26:30,1.0,500,319950
20240205,14:26:37,1.05,2200,319950
20240205,14:26:40,1.0,400,319950
20240205,14:26:42,1.0,50,319950
20240205,14:26:50,1.0,1200,319950
20240205,14:26:51,1.0,250,319950
20240205,14:27:00,1.05,400,319950
20240205,14:27:07,1.05,2250,319950
20240205,14:27:24,1.0,700,319950
20240205,14:27:27,1.0,200,319950
20240205,14:27:37,1.05,4250,319950
20240205,14:28:01,1.05,150,319950
20240205,14:28:07,1.05,2250,319950
20240205,14:28:08,1.0,50,319950
20240205,14:28:37,1.05,2200,319950
20240205,14:28:51,1.0,650,319950
20240205,14:28:54,1.0,400,319950
20240205,14:28:54,1.0,7750,319950
20240205,14:28:57,0.95,50,333450
20240205,14:29:07,1.0,2300,333450
20240205,14:29:19,0.95,50,333450
20240205,14:29:24,0.95,1050,333450
20240205,14:29:35,0.95,50,333450
20240205,14:29:37,1.0,2200,333450
20240205,14:29:38,0.95,150,333450
20240205,14:30:07,1.0,2250,333450
20240205,14:30:07,0.95,50,333450
20240205,14:30:13,1.0,50,333450
20240205,14:30:33,1.0,50,333450
20240205,14:30:37,1.0,2300,333450
20240205,14:30:43,0.95,50,333450
20240205,14:31:07,1.0,2250,333450
20240205,14:31:37,1.0,2200,333450
20240205,14:31:38,0.95,50,333450
20240205,14:31:59,0.95,100,333450
20240205,14:32:02,1.0,2900,347550
20240205,14:32:04,0.95,50,347550
20240205,14:32:07,1.0,3550,347550
20240205,14:32:10,0.95,500,347550
20240205,14:32:10,1.05,50,347550
20240205,14:32:15,1.0,50,347550
20240205,14:32:16,1.0,1800,347550
20240205,14:32:17,1.0,2700,347550
20240205,14:32:38,1.0,2200,347550
20240205,14:32:59,1.0,650,347550
20240205,14:33:07,1.0,3750,347550
20240205,14:33:09,1.05,500,347550
20240205,14:33:10,0.95,4700,347550
20240205,14:33:27,0.95,500,347550
20240205,14:33:38,1.0,2250,347550
20240205,14:33:46,0.95,1100,347550
20240205,14:33:47,0.95,3700,347550
20240205,14:33:49,0.95,250,347550
20240205,14:33:54,0.95,500,347550
20240205,14:34:07,1.0,2250,347550
20240205,14:34:20,1.0,350,347550
20240205,14:34:21,0.95,100,347550
20240205,14:34:31,1.0,50,347550
20240205,14:34:32,1.0,100,347550
20240205,14:34:33,1.05,2350,347550
20240205,14:34:34,0.95,350,347550
20240205,14:34:36,1.05,50,347550
20240205,14:34:38,1.0,2200,347550
20240205,14:34:42,1.0,1000,347550
20240205,14:34:55,1.05,50,370850
20240205,14:35:05,0.95,50,370850
20240205,14:35:07,1.0,2350,370850
20240205,14:35:27,1.0,50,370850
20240205,14:35:32,1.0,150,370850
20240205,14:35:36,0.95,200,370850
20240205,14:35:38,1.0,2200,370850
20240205,14:35:40,0.95,50,370850
20240205,14:35:43,0.95,9750,370850
20240205,14:35:50,0.95,650,370850
20240205,14:35:58,0.95,50,370850
20240205,14:36:01,0.9,400,370850
20240205,14:36:07,0.95,2900,370850
20240205,14:36:08,0.95,200,370850
20240205,14:36:09,1.0,50,370850
20240205,14:36:12,1.0,50,370850
20240205,14:36:18,0.9,50,370850
20240205,14:36:19,1.0,350,370850
20240205,14:36:27,0.9,500,370850
20240205,14:36:33,0.9,2000,370850
20240205,14:36:34,0.95,150,370850
20240205,14:36:38,0.9,1000,370850
20240205,14:36:43,0.9,400,370850
20240205,14:36:45,0.9,50,370850
20240205,14:36:50,0.95,550,370850
20240205,14:36:53,0.9,2250,370850
20240205,14:36:55,0.95,100,370850
20240205,14:36:56,0.95,50,370850
20240205,14:37:05,0.9,50,370850
20240205,14:37:07,0.9,1000,370850
20240205,14:37:08,0.9,1550,370850
20240205,14:37:10,0.9,600,370850
20240205,14:37:10,0.9,450,370850
20240205,14:37:12,0.9,50,370850
20240205,14:37:37,0.9,2200,370850
20240205,14:38:07,0.9,2300,385400
20240205,14:38:08,0.85,100,385400
20240205,14:38:12,0.9,50,385400
20240205,14:38:36,0.85,50,385400
20240205,14:38:37,0.9,2200,385400
20240205,14:38:57,0.85,400,385400
20240205,14:39:01,0.85,1800,385400
20240205,14:39:07,0.9,2250,385400
20240205,14:39:15,0.85,1600,385400
20240205,14:39:16,0.85,1000,385400
20240205,14:39:18,0.9,50,385400
20240205,14:39:23,0.85,3100,385400
20240205,14:39:28,0.85,550,385400
20240205,14:39:33,0.8,1000,385400
20240205,14:39:37,0.85,2300,385400
20240205,14:39:45,0.9,100,385400
20240205,14:40:04,0.85,200,385400
20240205,14:40:07,0.85,3500,385400
20240205,14:40:11,0.8,50,385400
20240205,14:40:12,0.85,550,385400
20240205,14:40:12,0.8,500,385400
20240205,14:40:16,0.8,50,385400
20240205,14:40:30,0.8,1950,385400
20240205,14:40:36,0.8,1800,385400
20240205,14:40:37,0.8,4600,385400
20240205,14:40:46,0.8,4350,385400
20240205,14:40:48,0.8,100,385400
20240205,14:41:07,0.85,2500,390800
20240205,14:41:09,0.8,300,390800
20240205,14:41:26,0.8,1800,390800
20240205,14:41:37,0.85,2200,390800
20240205,14:41:45,0.8,850,390800
20240205,14:42:02,0.8,200,390800
20240205,14:42:02,0.8,300,390800
20240205,14:42:07,0.85,3450,390800
20240205,14:42:15,0.8,750,390800
20240205,14:42:18,0.8,250,390800
20240205,14:42:28,0.8,2050,390800
20240205,14:42:37,0.85,2250,390800
20240205,14:42:41,0.85,500,390800
20240205,14:42:41,0.8,50,390800
20240205,14:42:43,0.85,3000,390800
20240205,14:42:49,0.8,100,390800
20240205,14:42:51,0.8,1500,390800
20240205,14:42:59,0.8,4600,390800
20240205,14:43:01,0.8,1500,390800
20240205,14:43:03,0.8,2550,390800
20240205,14:43:12,0.8,550,390800
20240205,14:43:14,0.8,2000,390800
20240205,14:43:24,0.8,1300,390800
20240205,14:43:24,0.8,250,390800
20240205,14:43:37,0.9,34200,390800
20240205,14:43:38,0.85,1900,390800
20240205,14:43:39,0.85,6400,390800
20240205,14:43:43,0.85,350,390800
20240205,14:43:44,0.8,200,390800
20240205,14:43:47,0.85,1150,390800
20240205,14:43:49,0.8,800,390800
20240205,14:43:56,0.8,1800,390800
20240205,14:43:57,0.8,5400,401300
20240205,14:44:02,0.8,500,401300
20240205,14:44:07,0.85,2350,401300
20240205,14:44:12,0.8,2100,401300
20240205,14:44:19,0.8,1400,401300
20240205,14:44:20,0.8,50,401300
20240205,14:44:38,0.85,2200,401300
20240205,14:44:39,0.8,50,401300
20240205,14:44:59,0.85,1800,401300
20240205,14:45:01,0.85,1800,401300
20240205,14:45:03,0.85,2050,401300
20240205,14:45:04,0.85,1700,401300
20240205,14:45:05,0.85,1800,401300
20240205,14:45:08,0.85,2250,401300
20240205,14:45:25,0.8,150,401300
20240205,14:45:30,0.8,100,401300
20240205,14:45:31,0.85,50,401300
20240205,14:45:52,0.8,550,401300
20240205,14:46:02,0.85,6850,401300
20240205,14:46:03,0.85,350,401300
20240205,14:46:04,0.85,350,401300
20240205,14:46:05,0.85,1150,401300
20240205,14:46:06,0.85,1750,401300
20240205,14:46:07,0.85,350,401300
20240205,14:46:09,0.85,1450,401300
20240205,14:46:10,0.8,500,401300
20240205,14:46:18,0.8,500,401300
20240205,14:46:38,0.8,200,401300
20240205,14:46:46,0.8,400,401300
20240205,14:46:52,0.85,100,401300
20240205,14:46:55,0.8,6400,401300
20240205,14:46:55,0.8,1800,401300
20240205,14:47:13,0.8,2000,409800
20240205,14:47:15,0.8,100,409800
20240205,14:47:22,0.8,1000,409800
20240205,14:47:24,0.8,1550,409800
20240205,14:47:26,0.8,4900,409800
20240205,14:47:31,0.8,250,409800
20240205,14:47:38,0.75,500,409800
20240205,14:47:51,0.75,400,409800
20240205,14:47:52,0.75,4450,409800
20240205,14:47:59,0.75,1000,409800
20240205,14:48:54,0.75,50,409800
20240205,14:49:32,0.7,50,409800
20240205,14:49:43,0.7,100,409800
20240205,14:50:13,0.75,1800,401500
20240205,14:50:14,0.75,1800,401500
20240205,14:50:22,0.7,50,401500
20240205,14:50:36,0.75,1800,401500
20240205,14:50:46,0.8,50,401500
20240205,14:50:55,0.8,100,401500
20240205,14:50:56,0.8,50,401500
20240205,14:51:08,0.75,600,401500
20240205,14:51:20,0.75,400,401500
20240205,14:51:37,0.75,1850,401500
20240205,14:51:44,0.75,200,401500
