date,time,tick_price,volume,open_interest
20240216,12:08:39,18.35,50,50
20240216,12:10:43,29.85,50,50
20240216,12:20:03,30.0,50,50
20240216,13:26:41,30.4,50,50
20240216,13:27:32,30.4,50,100
20240216,14:11:20,26.5,100,100
20240216,14:13:54,29.35,650,150
20240216,14:14:06,29.3,1550,150
20240216,14:29:04,29.0,50,2300
20240216,14:42:48,27.15,300,2300
20240216,14:46:51,27.6,250,2600
20240219,10:26:28,25.45,1,2850
20240219,10:26:28,25.45,250,2850
20240219,11:10:17,23.6,50,3100
20240219,12:50:19,23.6,50,3100
20240219,13:38:08,25.15,750,3150
20240219,13:58:14,23.95,150,3900
20240219,13:59:39,24.0,200,4050
20240219,14:18:44,24.0,50,4050
20240219,15:13:30,26.0,450,4050
20240219,15:13:54,25.4,250,4250
20240219,15:22:19,26.8,50,3750
20240219,15:23:10,26.8,50,3800
20240220,09:52:25,26.85,1,3750
20240220,09:52:25,26.85,50,3750
20240220,10:46:31,24.15,50,3750
20240220,10:52:00,24.15,50,3700
20240220,11:05:37,27.0,50,3700
20240220,11:06:05,27.0,50,3700
20240220,12:05:11,25.85,50,3750
20240220,12:11:22,24.1,50,3800
20240220,13:07:56,24.0,300,3850
20240220,13:08:03,23.75,500,3850
20240220,13:08:42,23.75,300,3850
20240220,13:09:50,23.75,250,3850
20240220,13:11:35,23.6,550,4900
20240220,13:11:41,23.6,250,4900
20240220,13:12:00,23.55,250,4900
20240220,14:13:14,23.55,50,5950
20240220,14:17:04,22.5,100,6000
20240220,14:18:10,22.5,100,6000
20240220,14:24:01,22.6,100,6000
20240220,14:26:50,23.6,400,6000
20240220,14:51:16,23.35,500,6400
20240220,15:11:01,19.4,100,6900
20240220,15:11:31,19.4,50,6900
20240220,15:11:39,20.25,50,6900
20240221,14:24:01,19.6,1,7000
20240221,14:24:01,19.6,550,7000
20240221,14:24:11,19.9,700,7000
20240221,14:25:48,20.5,2850,7000
20240221,14:25:58,19.85,50,7000
20240221,14:26:07,19.4,100,9900
20240221,14:26:15,19.4,100,9900
20240221,14:26:38,19.35,50,9900
20240221,14:26:45,19.35,100,9900
20240221,14:26:52,19.9,300,9900
20240221,14:28:32,19.55,100,9900
20240221,14:29:23,19.25,100,9900
20240221,14:29:45,19.15,200,9900
20240221,14:30:13,19.65,100,9900
20240221,14:35:29,20.45,150,10000
20240221,14:38:15,19.9,100,10150
20240221,14:39:04,20.2,350,10150
20240221,14:39:31,21.3,150,10150
20240221,14:42:24,21.35,800,10650
20240221,14:48:11,21.6,100,11450
20240221,14:48:28,21.6,50,11450
20240221,15:00:36,20.75,100,11350
20240221,15:01:59,21.35,100,11350
20240221,15:03:21,22.1,50,11450
20240221,15:03:58,22.1,50,11450
20240221,15:04:34,20.9,500,11450
20240221,15:05:26,21.15,100,11500
20240221,15:15:15,18.85,3600,11550
20240221,15:15:22,18.8,5600,11550
20240221,15:15:30,19.3,2400,11550
20240221,15:15:38,28.8,21750,11550
20240221,15:15:45,19.15,800,11550
20240221,15:15:53,19.15,2000,11550
20240221,15:16:00,19.15,300,11550
20240221,15:16:08,19.25,1650,11550
20240221,15:16:15,19.35,100,11550
20240221,15:16:23,19.65,300,11550
20240221,15:16:31,19.05,3700,11550
20240221,15:16:38,19.65,100,11550
20240221,15:16:46,19.75,1100,11550
20240221,15:17:10,19.65,350,38000
20240221,15:18:11,20.05,100,38000
20240221,15:18:35,20.45,50,38000
20240221,15:19:07,20.65,150,38000
20240221,15:23:29,21.0,50,38000
20240221,15:24:09,21.4,300,38000
20240221,15:24:27,21.7,50,38000
20240221,15:24:45,21.7,250,38000
20240221,15:24:52,21.5,100,38000
20240221,15:25:17,21.6,150,38000
20240221,15:25:32,21.55,300,38000
20240221,15:26:55,21.65,50,38400
20240221,15:27:04,21.55,100,38400
20240221,15:27:37,21.85,250,38400
20240221,15:27:46,21.85,400,38400
20240221,15:28:03,21.9,500,38400
20240221,15:28:27,22.2,50,38400
20240221,15:28:43,22.75,50,38400
20240221,15:28:51,22.1,150,38400
20240221,15:29:32,21.55,600,38500
20240221,15:29:43,20.7,100,38500
20240222,09:22:33,17.2,1,37950
20240222,09:22:33,16.75,1,37950
20240222,09:22:33,17.5,4800,37950
20240222,09:24:38,17.9,800,37950
20240222,09:24:54,17.9,100,37950
20240222,09:25:53,17.45,300,37350
20240222,09:26:08,17.6,550,37350
20240222,09:26:17,17.65,950,37350
20240222,09:27:11,17.85,150,37350
20240222,09:27:26,17.95,100,37350
20240222,09:27:48,17.95,50,37350
20240222,09:27:56,17.85,650,36250
20240222,09:28:03,17.85,100,36250
20240222,09:28:11,17.85,50,36250
20240222,09:28:26,18.05,50,36250
20240222,09:28:53,18.35,200,36250
20240222,09:29:24,18.7,50,36250
20240222,09:29:39,19.25,600,36250
20240222,09:29:48,19.3,1300,36250
20240222,09:29:56,19.4,250,36250
20240222,09:30:03,19.4,2400,36250
20240222,09:30:11,18.6,9650,36250
20240222,09:30:33,18.75,100,36250
20240222,09:30:40,18.65,550,36250
20240222,09:30:56,19.4,1250,25300
20240222,09:31:07,19.8,900,25300
20240222,09:31:17,19.95,250,25300
20240222,09:31:26,19.95,400,25300
20240222,09:31:36,19.75,100,25300
20240222,09:31:44,20.0,850,25300
20240222,09:32:00,20.0,250,25300
20240222,09:32:36,20.0,100,25300
20240222,09:33:05,19.55,1600,25300
20240222,09:33:12,19.5,650,25300
20240222,09:33:27,19.35,100,25300
20240222,09:33:55,19.4,250,25300
20240222,09:34:08,19.35,100,24800
20240222,09:34:30,19.95,250,24800
20240222,09:34:41,20.1,800,24800
20240222,09:35:00,20.55,1000,24800
20240222,09:35:10,20.5,10100,24800
20240222,09:35:19,20.3,300,24800
20240222,09:35:27,20.05,100,24800
20240222,09:35:34,19.75,650,24800
20240222,09:35:58,19.85,250,24800
20240222,09:36:34,19.65,100,24800
20240222,09:36:41,19.5,250,24800
20240222,09:37:02,19.8,50,22200
20240222,09:37:17,19.5,100,22200
20240222,09:37:24,19.7,100,22200
20240222,09:37:38,19.5,100,22200
20240222,09:37:45,19.45,100,22200
20240222,09:38:01,19.25,50,22200
20240222,09:38:11,18.85,950,22200
20240222,09:38:19,18.75,200,22200
20240222,09:38:27,18.85,50,22200
20240222,09:38:34,18.85,100,22200
20240222,09:38:42,19.05,50,22200
20240222,09:39:05,18.95,450,22200
20240222,09:39:12,18.85,200,22200
20240222,09:39:34,19.1,50,22200
20240222,09:39:55,19.5,500,22200
20240222,09:40:16,19.55,600,21550
20240222,09:40:38,19.5,250,21550
20240222,09:40:45,19.5,550,21550
20240222,09:40:59,19.1,300,21550
20240222,09:41:07,19.2,1350,21550
20240222,09:41:21,19.0,200,21550
20240222,09:41:29,18.3,1950,21550
20240222,09:41:49,18.0,100,21550
20240222,09:41:56,17.85,100,21550
20240222,09:42:04,17.65,150,21550
20240222,09:42:14,16.95,150,21550
20240222,09:42:44,16.3,200,21550
20240222,09:43:54,16.1,100,21550
20240222,09:44:02,16.1,100,18300
20240222,09:44:35,16.0,400,18300
20240222,09:45:03,16.35,150,18300
20240222,09:46:11,16.0,250,17900
20240222,09:46:36,15.9,450,17900
20240222,09:46:43,15.7,450,17900
20240222,09:46:51,15.7,200,17900
20240222,09:47:00,15.65,1000,17900
20240222,09:47:07,15.5,450,17900
20240222,09:47:37,15.5,450,17900
20240222,09:47:44,15.65,50,17900
20240222,09:48:00,15.95,100,17900
20240222,09:48:39,15.85,50,17900
20240222,09:49:48,15.8,50,17100
20240222,09:50:14,15.9,100,17100
20240222,09:50:32,15.65,150,17100
20240222,09:53:09,16.65,50,16950
20240222,09:53:41,16.4,50,16950
20240222,09:56:38,17.1,250,17000
20240222,09:59:16,19.25,100,16900
20240222,09:59:27,19.55,100,16900
20240222,09:59:37,19.2,200,16900
20240222,10:00:05,20.15,100,16900
20240222,10:00:26,20.65,100,16900
20240222,10:00:34,20.65,200,16900
20240222,10:00:57,20.0,200,16900
20240222,10:01:23,21.15,100,16900
20240222,10:01:41,21.15,50,16900
20240222,10:01:55,20.4,100,16900
20240222,10:02:24,20.6,200,16900
20240222,10:02:38,20.8,50,16900
20240222,10:02:45,20.8,200,16900
20240222,10:02:53,20.1,300,16900
20240222,10:03:03,20.0,250,16900
20240222,10:03:44,19.9,200,16900
20240222,10:04:14,19.95,150,16750
20240222,10:04:56,19.85,250,16750
20240222,10:05:19,20.3,200,16750
20240222,10:05:26,20.55,150,16750
20240222,10:05:33,20.9,50,16750
20240222,10:05:42,21.3,650,16750
20240222,10:05:53,21.65,100,16750
20240222,10:06:02,21.65,600,16750
20240222,10:06:10,21.4,500,16750
20240222,10:06:33,21.45,450,16750
20240222,10:06:54,21.1,400,16750
20240222,10:07:01,20.9,50,15950
20240222,10:07:15,21.05,100,15950
20240222,10:07:22,21.3,50,15950
20240222,10:07:50,21.2,300,15950
20240222,10:07:57,21.2,500,15950
20240222,10:08:04,20.75,100,15950
20240222,10:08:41,20.35,100,15950
20240222,10:08:56,20.55,100,15950
20240222,10:09:56,20.5,100,15950
20240222,10:10:10,20.2,100,15250
20240222,10:10:31,20.4,100,15250
20240222,10:10:46,20.3,100,15250
20240222,10:11:50,20.8,200,15250
20240222,10:12:13,20.65,50,15250
20240222,10:12:21,20.65,200,15250
20240222,10:12:35,20.1,50,15250
20240222,10:12:50,20.1,100,15250
20240222,10:13:26,20.2,100,15250
20240222,10:14:01,20.4,150,15250
20240222,10:14:08,20.35,50,15250
20240222,10:15:03,20.15,50,15250
20240222,10:15:19,21.25,1400,15250
20240222,10:15:38,21.1,50,15250
20240222,10:16:05,21.15,500,15950
20240222,10:16:13,21.4,100,15950
20240222,10:16:28,21.4,50,15950
20240222,10:16:52,21.95,50,15950
20240222,10:16:59,21.95,100,15950
20240222,10:17:40,21.7,50,15950
20240222,10:17:54,21.45,50,15950
20240222,10:18:01,21.35,150,15950
20240222,10:18:07,21.2,50,15950
20240222,10:19:01,21.3,250,15950
20240222,10:20:04,21.7,100,15700
20240222,10:20:25,21.35,150,15700
20240222,10:20:46,21.4,250,15700
20240222,10:22:44,22.35,50,15950
20240222,10:23:13,22.95,250,15950
20240222,10:23:21,22.95,200,15950
20240222,10:23:36,23.0,50,15950
20240222,10:24:08,23.35,150,15950
20240222,10:24:32,23.35,150,15950
20240222,10:24:43,23.15,100,15950
20240222,10:25:06,22.75,200,15800
20240222,10:25:13,22.85,300,15800
20240222,10:25:22,22.65,400,15800
20240222,10:25:32,22.5,50,15800
20240222,10:26:09,22.8,100,15800
20240222,10:26:30,22.8,200,15800
20240222,10:26:59,22.8,200,15800
20240222,10:28:12,21.55,50,15400
20240222,10:28:20,21.35,150,15400
20240222,10:30:07,21.1,100,15400
20240222,10:30:29,20.55,200,15400
20240222,10:30:44,21.15,150,15400
20240222,10:31:06,21.6,250,15400
20240222,10:33:04,21.3,250,15650
20240222,10:36:17,21.1,100,15150
20240222,10:36:23,21.0,50,15150
20240222,10:37:02,20.75,50,15150
20240222,10:37:38,20.05,100,15050
20240222,10:37:46,20.2,100,15050
20240222,10:38:58,20.0,50,15050
20240222,10:39:05,20.0,100,15050
20240222,10:40:31,20.1,250,15250
20240222,10:40:59,19.7,150,15250
20240222,10:42:40,19.9,200,15250
20240222,10:43:23,19.7,50,15200
20240222,10:44:12,19.35,200,15200
20240222,10:44:33,19.55,100,15200
20240222,10:44:48,19.5,250,15200
20240222,10:45:01,19.5,250,15200
20240222,10:45:16,19.6,50,15200
20240222,10:46:03,19.5,300,15200
20240222,10:46:10,19.45,50,14700
20240222,10:46:24,19.25,50,14700
20240222,10:46:51,19.2,100,14700
20240222,10:48:06,19.4,300,14700
20240222,10:48:34,19.7,50,14700
20240222,10:48:48,19.6,100,14700
20240222,10:51:08,20.15,150,14750
20240222,10:51:30,19.8,200,14750
20240222,10:51:44,19.85,150,14750
20240222,10:51:58,19.6,100,14750
20240222,10:52:05,19.6,150,14750
20240222,10:54:22,19.45,150,14700
20240222,10:54:29,19.6,100,14700
20240222,10:55:03,20.15,300,14700
20240222,10:55:13,20.3,100,14850
20240222,10:55:37,20.35,300,14850
20240222,10:56:27,20.45,100,14850
20240222,10:56:34,20.6,250,14850
20240222,10:56:42,21.1,250,14850
20240222,10:56:52,21.45,400,14850
20240222,10:57:02,21.3,250,14850
20240222,10:57:11,21.75,100,14850
20240222,10:57:28,21.9,100,14850
20240222,10:57:43,21.75,100,14850
20240222,10:57:51,22.05,100,14850
20240222,10:57:58,22.1,50,14850
20240222,10:58:28,21.5,100,14750
20240222,10:58:49,21.55,50,14750
20240222,10:59:24,21.1,350,14750
20240222,10:59:38,21.0,650,14750
20240222,10:59:52,21.1,200,14750
20240222,10:59:58,21.25,200,14750
20240222,11:00:05,21.3,450,14750
20240222,11:01:49,21.0,100,14250
20240222,11:01:56,21.1,450,14250
20240222,11:02:02,21.15,1050,14250
20240222,11:02:09,21.15,100,14250
20240222,11:05:03,21.75,300,13150
20240222,11:05:17,21.65,100,13150
20240222,11:09:54,19.6,100,12800
20240222,11:10:01,19.7,100,12800
20240222,11:11:32,20.05,200,12950
20240222,11:11:39,20.1,250,12950
20240222,11:13:38,20.2,300,12950
20240222,11:13:44,20.2,250,12950
20240222,11:14:17,20.3,50,12950
20240222,11:15:06,20.5,100,12950
20240222,11:17:18,21.1,250,12750
20240222,11:18:15,21.15,50,12750
20240222,11:18:29,20.95,50,12750
20240222,11:19:14,21.4,350,12750
20240222,11:20:07,21.4,250,13300
20240222,11:26:09,20.6,350,13050
20240222,11:27:07,20.75,50,13050
20240222,11:28:35,20.85,50,12700
20240222,11:29:51,21.4,200,12700
20240222,11:33:30,20.85,150,12950
20240222,11:33:37,20.8,550,12950
20240222,11:33:45,20.8,250,12950
20240222,11:33:53,20.6,300,12950
20240222,11:34:55,20.35,100,12900
20240222,11:36:25,20.3,100,12900
20240222,11:38:34,20.0,250,12950
20240222,11:42:04,19.05,550,12950
20240222,11:42:54,19.0,50,12950
20240222,11:43:37,18.5,150,12900
20240222,11:43:55,18.55,150,12900
20240222,11:44:33,18.55,100,12900
20240222,11:44:47,18.65,400,12900
20240222,11:45:17,18.4,550,12900
20240222,11:47:04,18.35,200,12900
20240222,11:49:10,18.9,100,12900
20240222,11:52:59,18.85,100,12850
20240222,11:54:10,18.6,100,12850
20240222,12:00:05,17.65,100,12850
20240222,12:01:51,17.65,50,12900
20240222,12:01:59,17.65,50,12900
20240222,12:02:51,17.4,400,12900
20240222,12:05:51,17.45,50,12950
20240222,12:06:07,17.7,100,12950
20240222,12:09:00,17.25,50,12900
20240222,12:17:36,17.1,250,12900
20240222,12:17:43,17.1,250,12900
20240222,12:19:18,17.15,50,12900
20240222,12:19:26,16.85,50,12850
20240222,12:22:09,17.25,50,12850
20240222,12:23:36,17.75,50,12950
20240222,12:26:46,17.7,100,12950
20240222,12:27:17,17.55,50,12950
20240222,12:28:26,17.8,500,13000
20240222,12:29:41,17.8,50,13000
20240222,12:31:57,17.45,150,13000
20240222,12:34:20,17.15,50,13000
20240222,12:36:02,17.05,50,13050
20240222,12:39:20,16.75,50,13050
20240222,12:39:36,16.75,50,13050
20240222,12:39:43,16.8,50,13050
20240222,12:43:17,16.9,100,13050
20240222,12:49:58,17.1,100,13100
20240222,12:54:23,17.35,50,13100
20240222,12:54:47,17.45,50,13100
20240222,12:54:57,17.65,50,13100
20240222,12:55:05,17.75,350,13100
20240222,12:55:14,17.75,50,13100
20240222,12:58:37,17.45,50,13100
20240222,12:58:59,17.45,50,13100
20240222,13:08:01,17.35,100,13100
20240222,13:08:54,16.6,100,13100
20240222,13:12:03,16.1,100,13300
20240222,13:12:11,16.1,100,13300
20240222,13:15:50,16.7,50,13350
20240222,13:19:07,16.4,50,13350
20240222,13:21:52,16.3,50,13400
20240222,13:27:22,15.9,100,13450
20240222,13:36:34,15.45,150,13450
20240222,13:36:43,15.0,250,13450
20240222,13:37:02,14.65,50,13450
20240222,13:37:24,14.65,50,13450
20240222,13:42:27,13.3,50,13600
20240222,13:43:11,13.3,950,13600
20240222,13:43:20,13.3,100,13600
20240222,13:43:28,13.65,100,13600
20240222,13:44:01,13.7,650,13600
20240222,13:44:09,13.7,400,13600
20240222,13:44:17,13.7,500,13600
20240222,13:44:32,13.65,50,13600
20240222,13:44:40,13.55,450,13600
20240222,13:44:56,13.6,450,13600
20240222,13:45:04,13.45,1300,13600
20240222,13:45:13,13.25,2150,13600
20240222,13:45:21,13.35,150,13600
20240222,13:45:29,13.4,150,13600
20240222,13:45:37,13.5,500,13600
20240222,13:46:49,13.6,450,18400
20240222,13:46:57,13.6,50,18400
20240222,13:47:05,13.55,200,18400
20240222,13:47:14,13.05,350,18400
20240222,13:47:58,13.05,350,18400
20240222,13:48:23,13.25,450,18400
20240222,13:49:49,12.75,50,19350
20240222,13:50:45,12.1,50,19350
20240222,13:51:08,12.1,450,19350
20240222,13:53:11,12.1,150,18850
20240222,13:53:39,12.0,350,18850
20240222,13:53:49,11.85,50,18850
20240222,13:54:12,11.85,100,18850
20240222,13:55:06,12.1,50,18850
20240222,13:55:36,12.05,250,18850
20240222,13:55:44,12.05,300,19350
20240222,13:56:29,12.3,1550,19350
20240222,13:57:30,12.2,700,19350
20240222,13:58:52,11.95,150,19400
20240222,13:59:02,11.9,50,19400
20240222,13:59:31,11.65,1100,19400
20240222,14:00:02,11.45,350,19400
20240222,14:01:44,11.4,600,20350
20240222,14:01:54,11.35,750,20350
20240222,14:02:03,11.35,50,20350
20240222,14:02:19,11.3,350,20350
20240222,14:02:43,11.3,500,20350
20240222,14:03:07,11.25,400,20350
20240222,14:03:14,11.3,250,20350
20240222,14:03:22,11.1,350,20350
20240222,14:03:36,11.15,50,20350
20240222,14:05:29,11.55,250,21450
20240222,14:07:51,12.0,350,21450
20240222,14:08:23,12.4,200,21200
20240222,14:08:31,12.2,300,21200
20240222,14:09:53,12.15,50,21200
20240222,14:10:31,12.1,50,21200
20240222,14:13:39,12.5,800,20450
20240222,14:14:40,12.7,400,19850
20240222,14:15:03,12.9,200,19850
20240222,14:15:49,12.8,100,19850
20240222,14:16:19,12.7,150,19850
20240222,14:16:34,12.6,50,19850
20240222,14:17:56,12.7,400,19200
20240222,14:18:54,12.75,50,19200
20240222,14:20:12,13.35,50,19100
20240222,14:20:19,13.2,100,19100
20240222,14:20:27,13.35,1400,19100
20240222,14:21:13,13.3,100,19100
20240222,14:21:59,13.4,100,19100
20240222,14:22:30,13.3,550,19100
20240222,14:22:38,13.2,800,19100
20240222,14:22:46,13.25,500,19100
20240222,14:22:53,13.25,350,17200
20240222,14:23:08,13.25,200,17200
20240222,14:23:31,13.25,350,17200
20240222,14:24:39,13.0,300,17200
20240222,14:25:23,12.75,50,17200
20240222,14:25:31,12.8,150,17200
20240222,14:31:36,12.45,100,16500
20240222,14:32:58,12.5,100,16400
20240222,14:34:26,12.3,50,16400
20240222,14:34:33,12.25,100,16400
20240222,14:39:21,11.45,150,16300
20240222,14:40:15,11.6,100,16300
20240222,14:52:14,10.8,50,16300
20240222,14:52:23,10.7,350,16300
20240222,14:53:59,10.7,200,16500
20240222,14:54:31,11.05,200,16500
20240222,14:55:17,11.05,100,16500
20240222,14:56:53,11.65,50,16200
20240222,14:57:40,11.25,750,16200
20240222,14:58:10,11.55,200,16200
20240222,15:01:15,11.05,100,16000
20240222,15:04:35,10.95,550,16000
20240222,15:04:54,10.9,50,16350
20240222,15:05:03,10.85,200,16350
20240222,15:06:33,10.75,150,16350
20240222,15:06:41,10.8,350,16350
20240222,15:08:18,10.75,100,16550
20240222,15:08:34,10.7,200,16550
20240222,15:08:57,10.85,200,16550
20240222,15:09:20,10.7,150,16550
20240222,15:10:21,10.6,250,16550
20240222,15:10:44,10.5,150,16550
20240222,15:10:52,10.5,50,16550
20240222,15:11:10,10.4,750,16900
20240222,15:11:20,10.4,350,16900
20240222,15:12:13,10.2,350,16900
20240222,15:12:32,10.25,450,16900
20240222,15:12:41,10.25,100,16900
20240222,15:12:58,10.2,150,16900
20240222,15:15:18,10.3,50,17400
20240222,15:15:43,10.1,300,17400
20240222,15:16:08,10.1,150,17400
20240222,15:16:53,10.2,250,17400
20240222,15:17:03,10.05,50,17450
20240222,15:17:21,10.05,250,17450
20240222,15:18:31,10.2,50,17450
20240222,15:19:56,10.2,100,17450
20240222,15:20:06,10.3,300,17400
20240222,15:20:37,10.25,100,17400
20240222,15:20:48,10.25,50,17400
20240222,15:23:38,10.15,400,17200
20240222,15:26:44,9.95,100,17400
20240222,15:28:24,9.95,1400,17400
20240222,15:29:22,10.7,50,16600
20240222,15:29:31,9.05,150,16600
20240222,15:29:51,9.05,50,16600
20240223,09:15:03,10.65,1,16650
20240223,09:15:03,10.65,50,16650
20240223,09:15:07,10.5,150,16650
20240223,09:15:11,10.5,50,16650
20240223,09:16:48,11.8,50,16700
20240223,09:17:04,9.55,900,16700
20240223,09:17:34,9.75,100,16700
20240223,09:17:37,9.7,250,16700
20240223,09:17:40,9.65,350,16700
20240223,09:17:49,9.65,250,16700
20240223,09:17:52,9.65,350,16700
20240223,09:17:55,9.55,500,16700
20240223,09:17:57,9.65,50,16700
20240223,09:18:04,9.6,50,16700
20240223,09:18:07,9.55,450,16700
20240223,09:18:10,9.6,500,16700
20240223,09:18:13,9.6,150,16700
20240223,09:18:16,9.6,350,16700
20240223,09:18:22,9.55,150,16700
20240223,09:18:25,9.55,150,16700
20240223,09:18:31,9.5,800,16700
20240223,09:18:44,9.45,150,16700
20240223,09:18:57,9.4,150,18900
20240223,09:19:11,9.25,150,18900
20240223,09:19:18,9.15,50,18900
20240223,09:19:25,9.05,250,18900
20240223,09:19:38,9.0,400,18900
20240223,09:19:44,8.95,300,18900
20240223,09:20:03,8.8,1100,18900
20240223,09:20:10,8.8,50,18900
20240223,09:20:16,9.05,200,18900
20240223,09:20:28,9.1,250,18900
20240223,09:20:34,9.1,400,18900
20240223,09:20:40,9.05,950,18900
20240223,09:20:46,9.05,50,18900
20240223,09:20:52,9.05,500,18900
20240223,09:21:15,9.0,250,18900
20240223,09:22:28,8.9,50,20100
20240223,09:22:37,8.85,50,20100
20240223,09:22:45,8.85,50,20100
20240223,09:22:52,8.8,50,20100
20240223,09:23:17,8.8,50,20100
20240223,09:24:16,8.9,100,20100
20240223,09:24:31,8.95,50,20100
20240223,09:24:38,8.9,50,20100
20240223,09:25:51,9.1,50,20500
20240223,09:26:27,9.0,100,20500
20240223,09:26:34,8.85,150,20500
20240223,09:26:42,8.9,100,20500
20240223,09:26:51,8.9,400,20500
20240223,09:27:00,8.8,200,20500
20240223,09:27:31,8.85,1150,20500
20240223,09:27:39,8.9,50,20500
20240223,09:27:48,8.9,500,20500
20240223,09:28:05,8.9,200,21750
20240223,09:28:14,8.85,900,21750
20240223,09:28:53,8.9,450,21750
20240223,09:29:01,8.85,200,21750
20240223,09:29:17,8.85,150,21750
20240223,09:29:30,8.85,50,21750
20240223,09:30:30,8.95,650,21750
20240223,09:30:46,8.8,250,21750
20240223,09:31:02,8.7,500,23050
20240223,09:32:03,8.65,300,23050
20240223,09:32:32,8.6,250,23050
20240223,09:32:39,8.55,50,23050
20240223,09:32:46,8.55,200,23050
20240223,09:33:00,8.6,50,23050
20240223,09:33:16,8.65,300,23050
20240223,09:33:24,8.75,200,23050
20240223,09:33:32,8.7,150,23050
20240223,09:33:47,8.7,450,23050
20240223,09:34:29,8.8,250,23550
20240223,09:35:37,8.5,50,23550
20240223,09:35:43,8.5,100,23550
20240223,09:36:04,8.5,50,23550
20240223,09:39:34,7.95,100,23950
20240223,09:40:23,7.95,50,23950
20240223,09:40:30,8.0,250,23950
20240223,09:40:38,8.0,350,23950
20240223,09:40:46,8.0,100,23950
20240223,09:40:54,8.0,350,23950
20240223,09:41:02,8.0,250,23950
20240223,09:42:45,7.95,50,23950
20240223,09:42:52,7.9,100,23950
20240223,09:43:23,7.9,400,24900
20240223,09:43:45,7.9,100,24900
20240223,09:44:51,7.95,150,24900
20240223,09:45:29,7.95,450,24900
20240223,09:46:00,7.95,200,25500
20240223,09:46:07,7.95,50,25500
20240223,09:46:24,7.95,300,25500
20240223,09:48:32,8.0,50,25500
20240223,09:49:46,8.15,50,25500
20240223,09:50:09,8.2,350,25500
20240223,09:50:59,8.1,200,25500
20240223,09:51:06,8.05,100,25500
20240223,09:51:35,8.05,50,25500
20240223,09:51:43,8.0,50,25500
20240223,09:51:59,8.05,400,25600
20240223,09:54:05,8.3,300,25600
20240223,09:55:06,8.15,100,25300
20240223,09:56:04,8.35,850,25300
20240223,09:56:33,8.3,250,25300
20240223,09:57:15,8.45,100,25300
20240223,09:57:36,8.35,500,25300
20240223,09:58:07,8.4,100,25900
20240223,09:58:28,8.55,100,25900
20240223,09:59:24,8.3,50,25900
20240223,10:00:26,8.15,50,25900
20240223,10:00:41,8.15,50,25900
20240223,10:00:47,8.1,200,25900
20240223,10:02:26,8.25,100,25950
20240223,10:03:42,8.3,300,25950
20240223,10:05:25,8.25,200,25650
20240223,10:05:56,8.25,250,25650
20240223,10:06:03,8.2,50,25650
20240223,10:07:16,8.1,100,25650
20240223,10:10:20,8.1,200,25650
20240223,10:10:26,8.15,150,25650
20240223,10:10:33,8.1,100,25650
20240223,10:11:26,8.2,1950,25650
20240223,10:12:25,8.15,100,25650
20240223,10:13:06,8.15,200,27550
20240223,10:15:00,8.1,150,27550
20240223,10:15:10,8.1,100,27550
20240223,10:15:19,8.05,300,27550
20240223,10:15:29,8.05,100,27550
20240223,10:17:20,8.0,50,27300
20240223,10:18:27,7.75,50,27300
20240223,10:18:45,7.7,50,27300
20240223,10:19:16,7.7,50,27300
20240223,10:19:43,7.65,150,27300
20240223,10:19:51,7.65,550,27300
20240223,10:20:40,7.7,450,27300
20240223,10:20:48,7.7,550,27300
20240223,10:20:57,7.65,400,27300
20240223,10:21:06,7.7,250,27300
20240223,10:21:14,7.75,50,27300
20240223,10:21:30,7.85,400,27300
20240223,10:21:55,8.05,50,27300
20240223,10:22:04,8.0,250,27350
20240223,10:22:26,8.05,50,27350
20240223,10:25:04,8.55,300,27250
20240223,10:25:57,8.6,50,27250
20240223,10:26:31,8.65,50,27250
20240223,10:27:19,8.75,100,27250
20240223,10:28:13,8.7,50,27050
20240223,10:29:10,8.7,100,27050
20240223,10:29:18,8.7,150,27050
20240223,10:30:15,8.8,100,27050
20240223,10:30:23,8.8,50,27050
20240223,10:30:46,8.85,50,27050
20240223,10:31:01,8.85,200,26900
20240223,10:31:09,8.9,450,26900
20240223,10:31:32,9.05,200,26900
20240223,10:31:42,9.0,600,26900
20240223,10:31:50,9.1,150,26900
20240223,10:32:09,9.15,50,26900
20240223,10:32:26,9.3,50,26900
20240223,10:32:34,9.3,50,26900
20240223,10:32:42,9.25,250,26900
20240223,10:32:50,9.25,450,26900
20240223,10:33:26,9.3,50,26900
20240223,10:34:03,9.2,100,25100
20240223,10:34:18,9.1,150,25100
20240223,10:34:31,9.1,200,25100
20240223,10:35:17,8.85,50,25100
20240223,10:35:26,8.75,50,25100
20240223,10:35:34,8.75,100,25100
20240223,10:36:43,9.15,50,25100
20240223,10:39:36,9.35,200,24700
20240223,10:40:18,9.25,100,24750
20240223,10:41:02,9.35,250,24750
20240223,10:42:27,8.6,150,24750
20240223,10:44:40,8.45,200,24550
20240223,10:48:51,8.65,50,24600
20240223,10:57:32,8.55,50,24600
20240223,11:03:32,8.15,250,24600
20240223,11:04:09,7.9,100,24600
20240223,11:05:45,7.65,50,24600
20240223,11:06:06,7.55,50,24600
20240223,11:10:52,7.55,50,24500
20240223,11:12:28,8.0,100,24500
20240223,11:14:26,8.15,50,24550
20240223,11:15:54,8.3,50,24550
20240223,11:19:31,8.35,50,24600
20240223,11:19:40,8.3,50,24600
20240223,11:20:49,8.3,150,24600
20240223,11:21:01,8.3,50,24600
20240223,11:26:34,7.85,100,24600
20240223,11:28:54,8.1,50,24700
20240223,11:33:15,8.1,50,24700
20240223,11:34:19,8.05,100,24700
20240223,11:34:34,8.0,50,24700
20240223,11:35:56,8.05,150,24700
20240223,11:53:05,8.4,100,24550
20240223,11:54:05,8.35,50,24550
20240223,11:57:24,8.4,100,24600
20240223,11:57:57,8.5,50,24600
20240223,12:03:03,8.45,250,24650
20240223,12:05:01,8.3,100,24650
20240223,12:11:42,8.35,100,24650
20240223,12:11:59,8.45,100,24650
20240223,12:12:32,8.35,50,24650
20240223,12:14:39,8.25,50,24650
20240223,12:14:44,8.25,200,24650
20240223,12:16:22,8.3,50,24450
20240223,12:16:52,8.25,50,24450
20240223,12:17:03,8.3,50,24450
20240223,12:17:54,8.4,50,24450
20240223,12:19:06,8.5,350,24450
20240223,12:21:28,8.3,150,24700
20240223,12:24:29,7.95,50,24700
20240223,12:28:19,7.6,100,24700
20240223,12:29:01,7.65,50,24700
20240223,12:29:20,7.6,50,24700
20240223,12:35:05,7.85,50,24800
20240223,12:36:56,7.85,1800,24800
20240223,12:37:47,7.8,100,24800
20240223,12:38:02,7.8,850,24800
20240223,12:38:45,7.8,650,24800
20240223,12:38:48,7.8,1200,24800
20240223,12:42:55,7.8,200,24750
20240223,12:43:04,7.8,150,24750
20240223,12:44:05,7.85,50,24750
20240223,12:47:31,7.8,50,24750
20240223,12:47:54,7.8,50,24750
20240223,12:48:50,7.8,50,24750
20240223,12:50:28,7.85,50,24700
20240223,12:51:25,7.9,750,24700
20240223,12:52:15,7.8,500,24700
20240223,12:52:22,7.8,250,25950
20240223,12:52:26,7.75,50,25950
20240223,12:55:54,7.75,100,26200
20240223,12:56:25,7.8,100,26200
20240223,13:14:15,7.95,100,26200
20240223,13:32:24,7.7,100,26250
20240223,13:35:30,7.85,100,26200
20240223,13:37:51,8.15,50,26250
20240223,13:37:57,8.1,50,26250
20240223,13:41:15,8.15,50,26250
20240223,13:42:51,8.25,50,26250
20240223,13:43:00,8.25,50,26250
20240223,13:43:06,8.25,50,26250
20240223,13:44:39,8.3,100,26250
20240223,13:50:02,8.25,150,26200
20240223,13:52:47,8.2,50,26200
20240223,14:01:39,8.15,50,26200
20240223,14:04:17,7.9,100,26200
20240223,14:04:51,7.85,50,26150
20240223,14:08:33,8.15,150,26200
20240223,14:09:45,8.4,100,26200
20240223,14:12:32,8.55,50,26250
20240223,14:18:14,8.3,1000,26300
20240223,14:19:35,8.1,500,26300
20240223,14:20:12,8.1,500,26300
20240223,14:26:06,8.4,750,26800
20240223,14:26:14,8.35,100,26800
20240223,14:26:26,8.4,150,26800
20240223,14:26:40,8.45,50,26800
20240223,14:27:40,8.45,100,26800
20240223,14:27:48,8.4,50,26800
20240223,14:33:33,8.4,50,26850
20240223,14:39:31,7.85,100,26800
20240223,14:42:02,7.95,50,26750
20240223,14:53:30,8.15,50,26700
20240223,14:53:37,8.2,50,26700
20240223,15:05:50,8.15,150,26750
20240223,15:12:46,8.15,400,26700
20240223,15:12:50,8.15,50,26700
20240223,15:16:41,8.5,1000,26500
20240223,15:17:50,8.55,150,26500
20240223,15:18:02,8.35,200,26500
20240223,15:18:21,8.4,100,26500
20240223,15:18:39,8.4,100,26500
20240223,15:19:07,8.3,50,26500
20240223,15:19:13,8.3,50,26500
20240223,15:19:18,8.2,50,26500
20240223,15:19:49,8.0,300,26100
20240223,15:20:08,8.05,50,26100
20240223,15:20:12,8.05,50,26100
20240223,15:20:17,7.95,300,26100
20240223,15:22:07,7.55,150,26100
20240223,15:22:52,7.5,50,25550
20240223,15:23:12,7.4,400,25550
20240223,15:23:21,7.4,50,25550
20240223,15:23:27,7.55,100,25550
20240223,15:23:41,7.45,50,25550
20240223,15:23:48,7.65,150,25550
20240223,15:23:55,7.55,50,25550
20240223,15:24:09,7.75,50,25550
20240223,15:24:14,7.75,900,25550
20240223,15:24:19,7.55,1800,25550
20240223,15:24:25,7.65,150,25550
20240223,15:24:31,7.65,300,25550
20240223,15:24:43,7.75,150,25550
20240223,15:24:51,7.55,550,25550
20240223,15:25:03,7.65,250,25550
20240223,15:25:47,7.35,100,22750
20240223,15:26:44,7.35,500,22750
20240223,15:27:08,7.75,50,22750
20240223,15:27:18,7.75,100,22750
20240223,15:27:29,7.75,200,22750
20240223,15:27:51,7.6,100,22750
20240223,15:29:02,7.45,600,22700
20240223,15:29:09,7.4,1200,22700
20240223,15:29:34,7.3,100,22700
20240226,09:15:09,8.0,1,21800
20240226,09:15:09,8.0,50,21800
20240226,09:16:03,8.85,50,21850
20240226,09:17:33,8.85,650,21850
20240226,09:18:41,7.85,100,21850
20240226,09:21:17,7.55,350,21300
20240226,09:22:01,7.55,50,21650
20240226,09:22:09,7.7,500,21650
20240226,09:25:10,7.65,100,21100
20240226,09:29:19,7.25,50,21200
20240226,09:31:12,7.25,200,21150
20240226,09:31:33,7.3,100,21150
20240226,09:34:37,7.4,500,21100
20240226,09:35:53,7.4,400,21100
20240226,09:38:34,7.55,50,20700
20240226,09:42:24,7.4,500,20700
20240226,09:44:02,7.45,50,20300
20240226,09:44:48,7.0,50,20300
20240226,09:45:03,7.0,250,20300
20240226,09:49:35,7.0,300,20050
20240226,09:49:48,7.35,100,20050
20240226,09:51:33,7.65,50,20050
20240226,09:51:45,7.7,450,20050
20240226,09:52:12,7.9,500,20850
20240226,09:52:19,7.95,3800,20850
20240226,09:52:36,8.0,2650,20850
20240226,09:53:01,8.0,600,20850
20240226,09:53:09,8.05,250,20850
20240226,09:53:25,8.2,50,20850
20240226,09:53:33,8.1,750,20850
20240226,09:53:48,8.05,800,20850
20240226,09:53:55,8.05,200,20850
20240226,09:54:34,8.0,700,20850
20240226,09:54:48,8.0,1800,20850
20240226,09:54:54,8.0,2800,29750
20240226,09:55:00,8.05,1150,29750
20240226,09:57:03,8.2,1000,29750
20240226,09:57:37,8.45,500,29750
20240226,09:59:17,8.75,150,32050
20240226,10:01:23,8.95,400,32050
20240226,10:01:44,8.95,600,32050
20240226,10:02:10,8.9,150,32050
20240226,10:03:10,8.9,150,32050
20240226,10:05:10,9.1,50,30750
20240226,10:05:49,9.1,400,30750
20240226,10:06:29,8.85,750,30750
20240226,10:06:37,8.85,250,30750
20240226,10:06:44,8.85,1050,30750
20240226,10:07:17,8.7,100,28750
20240226,10:08:06,8.6,300,28750
20240226,10:13:13,8.9,200,28650
20240226,10:15:25,8.7,50,28650
20240226,10:15:36,8.6,1000,28650
20240226,10:15:41,8.6,200,28650
20240226,10:16:06,8.65,100,29100
20240226,10:16:23,8.65,200,29100
20240226,10:18:42,8.7,900,29100
20240226,10:19:28,8.7,200,28800
20240226,10:21:14,8.8,100,28800
20240226,10:21:19,8.8,100,28800
20240226,10:24:41,8.45,250,28900
20240226,10:26:11,8.4,200,29150
20240226,10:26:16,8.4,200,29150
20240226,10:27:23,8.45,100,29150
20240226,10:27:29,8.45,100,29150
20240226,10:28:44,8.45,200,29250
20240226,10:31:22,9.0,200,29350
20240226,10:36:25,8.65,200,29150
20240226,10:36:30,8.65,500,29150
20240226,10:36:35,8.55,150,29150
20240226,10:37:22,8.6,1000,29050
20240226,10:38:59,8.35,100,29050
20240226,10:42:14,8.65,200,30050
20240226,10:42:55,8.65,1900,30050
20240226,10:43:15,8.8,400,28750
20240226,10:43:58,8.8,100,28750
20240226,10:55:32,8.95,200,28350
20240226,11:00:02,9.25,200,28250
20240226,11:00:18,9.45,200,28250
20240226,11:00:25,9.45,350,28250
20240226,11:00:52,9.45,50,28250
20240226,11:03:35,9.45,1000,28750
20240226,11:08:31,8.7,250,29750
20240226,11:08:36,8.7,1000,29750
20240226,11:09:35,8.65,150,29750
20240226,11:09:43,8.7,50,29750
20240226,11:10:05,8.65,50,30500
20240226,11:10:24,8.75,150,30500
20240226,11:10:48,8.75,50,30500
20240226,11:10:56,8.75,50,30500
20240226,11:11:30,8.7,400,30500
20240226,11:13:20,8.85,50,30700
20240226,11:20:25,8.85,50,30750
20240226,11:21:33,9.1,50,30750
20240226,11:35:56,9.0,50,30750
20240226,11:40:16,9.1,50,30800
20240226,11:46:41,9.1,50,30800
20240226,11:47:50,8.9,500,30800
20240226,11:48:11,9.05,50,30800
20240226,11:48:42,8.95,500,30800
20240226,11:48:52,9.1,50,30800
20240226,11:50:44,9.0,500,29950
20240226,11:51:42,9.2,50,29950
20240226,11:52:03,9.2,50,29950
20240226,11:54:46,9.5,150,29550
20240226,11:56:37,9.75,200,29450
20240226,11:57:07,9.75,50,29450
20240226,11:58:35,9.6,650,29250
20240226,11:58:39,9.55,200,29250
20240226,12:01:09,9.5,50,29250
20240226,12:02:03,9.35,200,28900
20240226,12:05:10,9.45,50,29100
20240226,12:05:29,9.5,250,29100
20240226,12:05:39,9.5,50,29100
20240226,12:06:27,9.45,200,29100
20240226,12:07:32,9.45,50,29300
20240226,12:07:37,9.5,200,29300
20240226,12:07:47,9.5,200,29300
20240226,12:07:54,9.45,200,29300
20240226,12:08:09,9.45,200,29300
20240226,12:09:48,9.45,100,29300
20240226,12:10:43,9.55,50,29750
20240226,12:11:21,9.7,50,29750
20240226,12:12:04,9.7,50,29750
20240226,12:18:11,10.0,100,29850
20240226,12:18:33,10.2,50,29850
20240226,12:20:15,10.25,50,29850
20240226,12:20:55,10.35,50,29850
20240226,12:21:08,10.35,3000,29850
20240226,12:22:13,10.25,200,29850
20240226,12:23:16,10.2,50,27400
20240226,12:23:21,10.05,200,27400
20240226,12:23:38,10.05,50,27400
20240226,12:24:00,10.1,50,27400
20240226,12:24:09,9.95,50,27400
20240226,12:24:23,9.95,100,27400
20240226,12:27:32,9.05,400,27350
20240226,12:28:10,9.25,50,27350
20240226,12:28:15,9.2,250,27750
20240226,12:29:45,9.05,50,27750
20240226,12:31:10,9.1,100,27750
20240226,12:31:18,9.25,250,28000
20240226,12:32:06,9.35,200,28000
20240226,12:33:09,9.6,200,28000
20240226,12:35:28,9.35,50,28200
20240226,12:39:06,9.6,550,28250
20240226,12:39:46,9.45,200,28250
20240226,12:42:14,9.25,50,27750
20240226,12:43:45,9.25,250,27750
20240226,12:44:17,9.3,50,27750
20240226,12:46:25,9.5,200,27750
20240226,12:49:36,9.4,50,27750
20240226,12:49:53,9.5,100,27750
20240226,12:49:55,9.5,50,27750
20240226,12:50:25,9.45,50,27750
20240226,12:50:28,9.45,100,27750
20240226,12:51:02,9.3,450,27750
20240226,12:51:34,9.4,200,27750
20240226,12:51:48,9.35,200,27750
20240226,12:51:57,9.25,250,27750
20240226,12:55:40,9.1,50,27850
20240226,12:58:30,8.2,350,27850
20240226,12:58:35,8.05,50,27850
20240226,12:58:46,8.05,250,27850
20240226,12:59:02,8.05,50,27850
20240226,12:59:16,8.05,50,27850
20240226,12:59:35,8.05,50,27850
20240226,13:00:42,7.95,50,27850
20240226,13:00:48,7.85,250,27850
20240226,13:00:53,7.85,200,27850
20240226,13:02:15,8.15,50,28300
20240226,13:02:38,8.15,50,28300
20240226,13:05:08,7.95,750,28350
20240226,13:05:21,7.95,250,28350
20240226,13:06:45,7.9,400,28350
20240226,13:07:31,7.85,50,28600
20240226,13:09:25,7.6,100,28600
20240226,13:10:48,7.55,50,28600
20240226,13:11:45,7.15,400,28600
20240226,13:13:26,7.15,50,28500
20240226,13:14:21,7.3,50,28500
20240226,13:14:50,7.3,50,28500
20240226,13:15:32,7.2,50,28500
20240226,13:16:28,7.2,50,28500
20240226,13:16:47,7.05,50,28500
20240226,13:17:10,6.9,50,28500
20240226,13:21:30,6.9,100,28450
20240226,13:24:54,7.3,50,28400
20240226,13:25:04,7.25,50,28400
20240226,13:25:54,7.15,200,28450
20240226,13:30:51,7.15,100,28550
20240226,13:30:58,7.15,50,28550
20240226,13:36:07,7.35,50,28550
20240226,13:38:40,7.25,50,28550
20240226,13:40:16,7.4,50,28550
20240226,13:41:16,7.35,100,28550
20240226,13:41:35,7.35,700,28550
20240226,13:42:23,7.35,400,28550
20240226,13:42:31,7.35,700,28550
20240226,13:44:58,7.55,350,28550
20240226,13:45:09,7.55,200,28550
20240226,13:45:33,7.45,100,28550
20240226,13:47:05,7.3,300,28750
20240226,13:47:12,7.2,50,28750
20240226,13:47:23,7.15,250,28750
20240226,13:48:43,6.9,50,28750
20240226,13:49:08,6.9,50,28750
20240226,13:49:14,6.9,1550,28750
20240226,13:49:52,6.85,50,28550
20240226,13:50:47,6.85,150,28550
20240226,13:51:02,6.9,50,28550
20240226,13:51:12,6.9,50,28550
20240226,13:52:33,6.9,300,28650
20240226,13:54:13,6.8,150,28650
20240226,13:54:30,6.8,150,28650
20240226,13:54:41,6.8,50,28650
20240226,13:58:04,6.8,100,28800
20240226,13:58:23,7.05,100,28800
20240226,14:00:10,6.95,50,28800
20240226,14:00:20,7.0,50,28800
20240226,14:01:19,6.95,50,28800
20240226,14:03:02,7.1,100,28800
20240226,14:03:07,7.1,100,28800
20240226,14:03:31,7.1,100,28800
20240226,14:03:57,7.05,50,28800
20240226,14:04:08,7.1,150,28800
20240226,14:04:55,7.15,50,28550
20240226,14:05:06,7.15,150,28550
20240226,14:05:23,7.05,100,28550
20240226,14:06:00,7.05,50,28550
20240226,14:06:10,7.0,400,28550
20240226,14:06:17,6.95,600,28550
20240226,14:06:23,6.95,50,28550
20240226,14:07:29,6.85,50,28550
20240226,14:07:36,6.8,200,27500
20240226,14:08:57,6.8,50,27500
20240226,14:10:13,6.8,50,27500
20240226,14:10:42,6.8,100,27500
20240226,14:21:59,6.8,1050,27400
20240226,14:23:52,6.45,1000,27400
20240226,14:23:57,6.45,50,27400
20240226,14:24:02,6.45,500,27400
20240226,14:28:17,6.45,300,27150
20240226,14:31:04,6.85,50,27300
20240226,14:31:36,6.8,50,27300
20240226,14:33:08,6.85,300,27300
20240226,14:33:13,6.85,50,27300
20240226,14:33:29,6.8,400,27300
20240226,14:34:08,6.75,2000,27300
20240226,14:34:50,7.0,300,28200
20240226,14:35:05,6.95,50,28200
20240226,14:36:38,6.85,50,28200
20240226,14:37:10,6.8,50,28200
20240226,14:37:58,6.85,50,27800
20240226,14:38:46,6.85,50,27800
20240226,14:39:07,6.95,350,27800
20240226,14:39:19,6.95,400,27800
20240226,14:39:36,7.0,200,27800
20240226,14:39:49,7.05,250,27800
20240226,14:40:38,7.0,250,27650
20240226,14:40:45,7.0,50,27650
20240226,14:41:11,7.0,50,27650
20240226,14:41:54,7.0,150,27650
20240226,14:43:03,7.0,50,27650
20240226,14:45:41,7.1,100,27700
20240226,14:49:55,7.3,100,27700
20240226,14:50:14,7.35,150,27700
20240226,14:51:47,7.4,100,27700
20240226,14:52:06,7.45,200,27700
20240226,14:52:12,7.4,50,27700
20240226,14:53:16,7.55,50,27700
20240226,14:53:29,7.6,50,27700
20240226,14:54:02,7.3,50,27700
20240226,14:54:20,7.5,200,27700
20240226,14:54:25,7.45,50,27700
20240226,14:54:44,7.5,100,27700
20240226,14:55:25,7.55,250,27700
20240226,14:55:47,7.5,50,27700
20240226,14:56:51,7.55,100,27950
20240226,14:57:36,7.4,50,27950
20240226,14:58:04,7.4,50,27950
20240226,14:59:20,7.4,600,27850
20240226,15:00:00,7.6,50,27850
20240226,15:01:22,7.6,6700,27850
20240226,15:01:30,7.5,400,27850
20240226,15:01:49,7.4,6750,32450
20240226,15:01:58,7.35,2150,32450
20240226,15:03:01,6.8,200,32450
20240226,15:03:12,6.9,100,32450
20240226,15:03:53,7.0,1500,32450
20240226,15:04:47,7.0,1800,39400
20240226,15:04:52,7.05,50,39400
20240226,15:05:36,7.1,50,39400
20240226,15:05:43,7.05,50,39400
20240226,15:05:50,7.1,50,39400
20240226,15:06:06,7.05,150,39400
20240226,15:06:14,7.1,300,39400
20240226,15:06:21,7.05,100,39400
20240226,15:06:27,7.0,100,39400
20240226,15:06:33,6.9,50,39400
20240226,15:06:45,6.95,400,39400
20240226,15:07:01,6.95,50,39400
20240226,15:07:49,7.05,50,40000
20240226,15:08:18,7.1,100,40000
20240226,15:08:34,7.1,50,40000
20240226,15:08:47,7.1,50,40000
20240226,15:09:36,7.0,150,40000
20240226,15:11:14,7.15,500,39800
20240226,15:11:22,7.1,50,39800
20240226,15:11:27,7.05,50,39800
20240226,15:11:47,7.0,150,39800
20240226,15:12:36,6.95,100,39800
20240226,15:13:52,6.95,50,39750
20240226,15:13:56,6.95,50,39750
20240226,15:14:12,6.95,250,39750
20240226,15:15:00,6.85,150,39750
20240226,15:15:05,6.85,100,39750
20240226,15:15:42,6.9,50,39750
20240226,15:16:25,7.05,200,39750
20240226,15:16:40,7.1,50,39750
20240226,15:17:01,7.05,50,39750
20240226,15:17:08,7.05,100,39750
20240226,15:17:22,7.1,100,39750
20240226,15:18:55,7.15,50,39750
20240226,15:19:03,7.15,50,39750
20240226,15:20:31,7.1,200,39600
20240226,15:22:05,7.15,100,39600
20240226,15:22:57,7.05,50,39750
20240226,15:25:08,7.0,50,39750
20240226,15:25:48,6.9,150,39650
20240226,15:27:00,6.85,50,39650
20240226,15:27:22,6.9,250,39650
20240226,15:27:27,6.85,50,39650
20240226,15:27:37,6.8,500,39650
20240226,15:28:35,6.75,450,39650
20240226,15:28:43,6.8,150,39650
20240226,15:29:04,6.8,100,39450
20240226,15:29:11,6.8,50,39450
20240226,15:29:26,6.7,300,39450
20240226,15:29:34,6.7,1000,39450
20240227,09:15:21,7.1,1,39400
20240227,09:15:21,7.05,150,39400
20240227,09:16:42,7.25,450,39550
20240227,09:19:47,7.4,200,39900
20240227,09:20:04,7.45,50,39900
20240227,09:21:04,7.45,50,39900
20240227,09:22:11,7.45,500,39900
20240227,09:24:10,7.15,50,39900
20240227,09:39:58,6.65,50,40450
20240227,09:41:31,6.65,50,40450
20240227,09:42:56,7.1,200,40400
20240227,09:44:32,6.9,50,40400
20240227,09:46:11,6.75,200,40550
20240227,09:46:20,6.9,50,40550
20240227,09:46:36,7.0,400,40550
20240227,09:51:39,6.9,50,39950
20240227,09:55:02,7.15,150,39900
20240227,09:56:58,7.1,50,39900
20240227,10:01:04,6.8,100,39900
20240227,10:01:11,6.8,50,39900
20240227,10:01:26,6.8,50,39900
20240227,10:02:31,6.7,50,39900
20240227,10:03:12,6.75,300,39900
20240227,10:04:05,6.85,50,39550
20240227,10:04:19,6.8,50,39550
20240227,10:04:46,6.85,150,39550
20240227,10:05:00,6.8,50,39550
20240227,10:05:22,6.8,50,39550
20240227,10:05:47,7.0,450,39550
20240227,10:05:57,6.95,50,39550
20240227,10:06:06,7.1,350,39550
20240227,10:06:43,7.15,50,39550
20240227,10:07:31,7.2,100,38900
20240227,10:08:10,7.2,100,38900
20240227,10:10:17,7.2,50,38700
20240227,10:15:19,7.2,50,38650
20240227,10:18:30,6.9,50,38650
20240227,10:18:44,6.85,200,38650
20240227,10:21:04,7.15,50,38750
20240227,10:21:19,7.25,100,38750
20240227,10:21:43,7.25,100,38750
20240227,10:21:53,7.3,100,38750
20240227,10:24:10,7.4,100,38850
20240227,10:26:11,7.2,100,38750
20240227,10:27:48,7.15,50,38750
20240227,10:28:31,7.25,50,38750
20240227,10:30:19,7.5,50,38750
20240227,10:30:36,7.5,50,38750
20240227,10:30:43,7.4,50,38750
20240227,10:30:51,7.4,100,38750
20240227,10:31:48,7.35,100,38750
20240227,10:32:02,7.3,50,38750
20240227,10:32:08,7.35,100,38750
20240227,10:32:16,7.4,50,38750
20240227,10:33:48,7.2,450,38750
20240227,10:34:18,7.2,50,38900
20240227,10:34:51,7.15,50,38900
20240227,10:34:58,7.1,50,38900
20240227,10:37:14,7.05,50,38900
20240227,10:40:52,7.15,50,38900
20240227,10:40:58,7.15,50,38900
20240227,10:41:05,7.15,50,38900
20240227,10:45:19,6.8,100,38750
20240227,10:45:48,6.75,50,38750
20240227,10:46:23,6.85,50,38850
20240227,10:48:51,6.6,300,38850
20240227,10:49:30,6.6,50,39150
20240227,10:49:43,6.6,50,39150
20240227,10:52:45,6.55,50,39200
20240227,10:52:51,6.55,100,39200
20240227,10:53:51,6.55,350,39200
20240227,10:54:03,6.65,50,39200
20240227,10:54:09,6.6,200,39200
20240227,10:54:16,6.7,100,39200
20240227,10:57:21,6.5,500,39550
20240227,10:57:33,6.5,500,39550
20240227,10:59:08,6.5,50,39900
20240227,11:01:07,6.4,150,39900
20240227,11:01:24,6.4,100,39900
20240227,11:03:05,6.45,50,39900
20240227,11:04:34,6.4,50,39850
20240227,11:04:41,6.35,500,39850
20240227,11:07:22,6.35,200,39400
20240227,11:07:43,6.45,200,39400
20240227,11:09:03,6.5,200,39400
20240227,11:10:34,6.55,100,39700
20240227,11:11:15,6.5,150,39700
20240227,11:12:28,6.45,100,39700
20240227,11:14:44,6.45,3100,39900
20240227,11:14:55,6.45,400,39900
20240227,11:15:01,6.45,750,39900
20240227,11:15:45,6.45,50,39900
20240227,11:15:51,6.4,50,39900
20240227,11:16:02,6.35,1750,39900
20240227,11:16:08,6.4,1450,39900
20240227,11:16:31,6.4,1800,41400
20240227,11:17:10,6.55,50,41400
20240227,11:17:18,6.5,550,41400
20240227,11:17:34,6.5,50,41400
20240227,11:17:48,6.45,50,41400
20240227,11:18:58,6.5,2050,41400
20240227,11:19:12,6.45,1850,43950
20240227,11:19:18,6.4,1550,43950
20240227,11:19:45,6.5,100,43950
20240227,11:20:56,6.45,550,43950
20240227,11:21:30,6.3,500,43950
20240227,11:21:46,6.3,400,43950
20240227,11:23:46,6.15,600,47100
20240227,11:23:57,6.15,50,47100
20240227,11:24:06,6.15,50,47100
20240227,11:25:03,6.0,100,47100
20240227,11:25:38,5.95,50,46650
20240227,11:26:10,5.8,200,46650
20240227,11:29:57,5.8,600,46600
20240227,11:30:04,6.1,200,46600
20240227,11:30:38,6.1,250,46600
20240227,11:30:58,6.1,150,46600
20240227,11:32:09,6.05,400,47050
20240227,11:32:59,6.1,100,47050
20240227,11:33:13,6.15,50,47050
20240227,11:33:51,6.15,50,47050
20240227,11:34:18,6.05,550,47600
20240227,11:35:49,6.1,50,47600
20240227,11:36:25,6.15,100,47600
20240227,11:37:10,6.1,50,47600
20240227,11:37:16,6.1,50,47050
20240227,11:38:05,6.1,50,47050
20240227,11:38:16,6.15,100,47050
20240227,11:38:49,6.15,50,47050
20240227,11:38:59,6.15,50,47050
20240227,11:39:05,6.15,50,47050
20240227,11:39:10,6.15,200,47050
20240227,11:39:15,6.15,350,47050
20240227,11:39:55,6.2,200,47050
20240227,11:40:06,6.2,50,47050
20240227,11:40:16,6.2,50,48150
20240227,11:40:27,6.05,50,48150
20240227,11:40:44,6.25,100,48150
20240227,11:40:54,6.3,600,48150
20240227,11:41:02,6.25,50,48150
20240227,11:41:10,6.25,50,48150
20240227,11:45:07,6.15,50,48650
20240227,11:45:25,6.2,100,48650
20240227,11:46:36,6.25,250,48650
20240227,11:47:07,6.3,100,48650
20240227,11:47:20,6.3,100,48650
20240227,11:47:48,6.35,200,48650
20240227,11:48:31,6.3,50,48650
20240227,11:49:01,6.3,50,48650
20240227,11:49:07,6.25,50,48650
20240227,11:49:24,6.25,50,48550
20240227,11:49:30,6.25,50,48550
20240227,11:49:56,6.3,50,48550
20240227,11:50:01,6.25,250,48550
20240227,11:50:38,6.25,100,48550
20240227,11:51:04,6.25,50,48550
20240227,11:53:32,6.4,450,48250
20240227,11:54:50,6.4,50,48250
20240227,11:54:58,6.4,550,48250
20240227,11:56:37,6.45,50,47650
20240227,11:56:52,6.4,50,47650
20240227,12:00:15,6.35,550,47600
20240227,12:00:22,6.35,500,47600
20240227,12:00:31,6.3,1050,47600
20240227,12:02:05,6.3,50,46000
20240227,12:03:08,6.35,100,46000
20240227,12:03:21,6.35,600,46000
20240227,12:04:41,6.5,850,46250
20240227,12:05:36,6.5,50,46250
20240227,12:07:04,6.45,50,46250
20240227,12:07:29,6.45,50,45950
20240227,12:07:54,6.45,50,45950
20240227,12:09:44,6.55,50,45950
20240227,12:10:36,6.5,50,45950
20240227,12:12:15,6.55,50,45950
20240227,12:12:59,6.5,400,45950
20240227,12:13:05,6.5,600,45950
20240227,12:13:20,6.4,50,45700
20240227,12:15:01,6.3,400,45700
20240227,12:15:36,6.2,50,45700
20240227,12:17:28,6.4,50,45200
20240227,12:18:04,6.4,100,45200
20240227,12:20:56,6.4,50,45250
20240227,12:21:49,6.35,50,45250
20240227,12:22:05,6.35,50,45250
20240227,12:25:45,6.25,50,45250
20240227,12:30:21,6.1,50,45250
20240227,12:31:37,6.1,50,45200
20240227,12:32:07,6.1,50,45200
20240227,12:32:26,6.1,50,45200
20240227,12:35:14,6.25,50,45100
20240227,12:36:30,6.1,950,45100
20240227,12:37:47,6.0,50,45100
20240227,12:37:55,6.0,50,45900
20240227,12:38:39,6.0,450,45900
20240227,12:39:33,5.95,50,45900
20240227,12:40:36,5.95,50,45950
20240227,12:41:03,5.9,50,45950
20240227,12:43:30,5.95,500,45950
20240227,12:43:53,5.95,50,45950
20240227,12:46:02,5.95,50,45950
20240227,12:46:45,5.95,50,45950
20240227,12:47:34,5.9,50,45950
20240227,12:47:50,5.9,50,45950
20240227,12:48:10,5.9,50,45950
20240227,12:48:33,5.85,200,45950
20240227,12:48:52,5.9,50,45950
20240227,12:49:12,5.75,750,45950
20240227,12:49:43,5.75,100,45900
20240227,12:49:54,5.8,100,45900
20240227,12:50:33,5.8,250,45900
20240227,12:50:50,5.8,50,45900
20240227,12:50:59,5.8,50,45900
20240227,12:51:07,5.8,100,45900
20240227,12:51:26,5.8,600,45900
20240227,12:51:34,5.8,50,45900
20240227,12:51:58,5.8,50,45900
20240227,12:52:08,5.7,50,45900
20240227,12:52:20,5.7,50,45900
20240227,12:53:23,5.8,50,45900
20240227,12:53:56,5.8,50,45900
20240227,12:54:22,5.8,100,45900
20240227,12:55:08,5.7,500,45900
20240227,12:55:29,5.75,50,45900
20240227,12:55:38,5.75,50,45900
20240227,12:55:55,5.75,100,45900
20240227,12:56:36,5.8,150,45900
20240227,12:56:52,5.75,50,45900
20240227,12:57:10,5.7,150,45900
20240227,12:59:10,5.75,50,45950
20240227,12:59:33,5.7,50,45950
20240227,12:59:59,5.7,1000,45950
20240227,13:00:07,5.7,50,45950
20240227,13:01:43,5.8,50,46950
20240227,13:03:38,5.95,50,46950
20240227,13:03:46,6.0,550,46950
20240227,13:05:57,5.95,100,46950
20240227,13:06:28,5.9,200,46950
20240227,13:06:34,5.9,100,46950
20240227,13:10:43,6.05,150,46900
20240227,13:10:49,6.05,50,46900
20240227,13:14:15,5.9,50,46750
20240227,13:17:41,5.95,50,46750
20240227,13:18:05,5.95,1750,46750
20240227,13:19:58,5.85,50,44950
20240227,13:20:07,5.9,350,44950
20240227,13:23:12,5.8,1150,44600
20240227,13:23:19,5.8,50,44600
20240227,13:23:26,5.75,100,44600
20240227,13:24:04,5.7,150,44600
20240227,13:24:16,5.75,100,44600
20240227,13:24:33,5.75,100,44600
20240227,13:24:45,5.7,400,44600
20240227,13:24:56,5.65,250,44600
20240227,13:26:44,5.65,50,45550
20240227,13:27:18,5.65,1350,45550
20240227,13:27:24,5.65,450,45550
20240227,13:27:29,5.65,950,45550
20240227,13:30:09,5.65,50,45050
20240227,13:30:21,5.75,550,45050
20240227,13:31:05,5.75,950,45050
20240227,13:31:11,5.75,50,45050
20240227,13:31:26,5.75,150,45050
20240227,13:33:40,5.8,50,44900
20240227,13:34:11,5.75,50,44900
20240227,13:38:54,5.75,50,44900
20240227,13:40:12,5.8,550,44900
20240227,13:41:05,5.75,50,45350
20240227,13:42:29,5.75,900,45350
20240227,13:43:07,5.75,50,45350
20240227,13:43:14,5.75,250,45350
20240227,13:43:27,5.75,350,45350
20240227,13:43:34,5.75,200,45350
20240227,13:44:40,5.9,250,45150
20240227,13:47:45,5.75,100,45400
20240227,13:48:57,5.95,50,45400
20240227,13:51:17,5.8,400,45250
20240227,13:51:24,5.8,400,45250
20240227,13:51:32,5.75,500,45250
20240227,13:52:34,5.7,50,45250
20240227,13:52:48,5.65,100,44100
20240227,13:53:16,5.7,50,44100
20240227,13:54:26,5.75,400,44100
20240227,13:54:39,5.6,7250,44100
20240227,13:54:46,5.6,300,44100
20240227,13:55:01,5.75,50,44100
20240227,13:55:08,5.75,50,44100
20240227,13:55:33,5.9,100,44100
20240227,13:55:52,5.95,200,48950
20240227,13:56:09,5.85,50,48950
20240227,13:56:32,5.9,50,48950
20240227,13:56:40,5.9,50,48950
20240227,13:57:58,5.9,50,48950
20240227,13:58:18,5.95,650,48950
20240227,14:00:30,6.0,50,49000
20240227,14:01:22,5.9,200,49000
20240227,14:04:21,5.9,700,49000
20240227,14:05:33,5.9,50,49000
20240227,14:06:06,5.85,150,49000
20240227,14:06:35,5.7,50,49000
20240227,14:07:15,5.6,50,49000
20240227,14:07:38,5.7,500,48950
20240227,14:07:57,5.65,50,48950
20240227,14:08:09,5.65,50,48950
20240227,14:09:37,5.65,200,48950
20240227,14:10:04,5.7,100,48950
20240227,14:11:08,5.7,50,49150
20240227,14:11:31,5.65,50,49150
20240227,14:11:53,5.7,50,49150
20240227,14:14:27,5.45,100,49100
20240227,14:14:38,5.45,250,49100
20240227,14:14:59,5.5,50,49100
20240227,14:15:20,5.4,500,49100
20240227,14:15:27,5.4,700,49100
20240227,14:16:05,5.3,200,49100
20240227,14:16:12,5.3,200,49100
20240227,14:18:27,5.45,50,49100
20240227,14:19:14,5.4,100,50300
20240227,14:19:39,5.45,100,50300
20240227,14:19:51,5.45,50,50300
20240227,14:19:57,5.45,50,50300
20240227,14:20:03,5.4,400,50300
20240227,14:20:27,5.4,200,50300
20240227,14:20:32,5.4,100,50300
20240227,14:20:44,5.4,50,50300
20240227,14:20:50,5.4,150,50300
20240227,14:20:56,5.35,400,50300
20240227,14:21:08,5.35,50,50300
20240227,14:22:47,5.25,250,50350
20240227,14:23:35,5.25,100,50350
20240227,14:24:18,5.3,50,50350
20240227,14:25:06,5.35,550,50350
20240227,14:25:14,5.4,800,50350
20240227,14:25:22,5.35,900,50350
20240227,14:25:35,5.35,50,50350
20240227,14:25:52,5.35,550,50750
20240227,14:25:58,5.35,250,50750
20240227,14:26:09,5.3,50,50750
20240227,14:26:15,5.3,50,50750
20240227,14:26:21,5.3,500,50750
20240227,14:26:33,5.35,50,50750
20240227,14:27:20,5.35,100,50750
20240227,14:27:36,5.35,50,50750
20240227,14:27:42,5.35,50,50750
20240227,14:28:55,5.35,50,50600
20240227,14:29:11,5.35,50,50600
20240227,14:29:19,5.35,50,50600
20240227,14:29:34,5.35,50,50600
20240227,14:30:42,5.4,50,50600
20240227,14:31:17,5.35,600,50600
20240227,14:31:24,5.35,450,50600
20240227,14:32:02,5.35,250,50100
20240227,14:33:05,5.3,50,50100
20240227,14:33:54,5.3,50,50100
20240227,14:34:00,5.2,50,50100
20240227,14:34:42,5.1,2200,50050
20240227,14:34:50,5.1,550,50050
20240227,14:34:58,5.1,1000,50050
20240227,14:35:04,5.1,550,50050
20240227,14:35:16,5.1,1600,50050
20240227,14:35:22,5.1,550,50050
20240227,14:35:27,5.1,250,50050
20240227,14:36:03,5.1,400,50050
20240227,14:36:09,5.1,500,50050
20240227,14:36:36,5.1,550,50050
20240227,14:36:47,5.1,1100,50050
20240227,14:36:53,5.1,1000,50050
20240227,14:37:03,5.1,3450,50050
20240227,14:37:08,5.1,700,50050
20240227,14:37:13,5.1,500,50050
20240227,14:37:25,5.15,100,50050
20240227,14:37:31,5.1,1500,50050
20240227,14:37:48,5.2,50,47450
20240227,14:38:30,5.2,200,47450
20240227,14:39:51,5.15,4150,47450
20240227,14:40:17,5.25,1500,47450
20240227,14:40:38,5.15,350,47450
20240227,14:40:47,5.15,1950,49150
20240227,14:41:11,5.05,200,49150
20240227,14:41:43,4.95,950,49150
20240227,14:41:50,4.95,250,49150
20240227,14:41:56,5.1,400,49150
20240227,14:42:51,5.05,2150,49150
20240227,14:43:25,5.0,900,49150
20240227,14:43:36,5.0,550,49150
20240227,14:44:00,5.0,150,49250
20240227,14:44:05,5.05,250,49250
20240227,14:44:11,5.0,50,49250
20240227,14:44:16,5.05,100,49250
20240227,14:44:26,5.0,450,49250
20240227,14:44:36,5.0,100,49250
20240227,14:44:40,5.0,100,49250
20240227,14:45:07,5.0,200,49250
20240227,14:46:05,5.0,550,49250
20240227,14:46:10,5.0,550,49250
20240227,14:46:21,5.0,200,49250
20240227,14:47:42,5.0,100,47650
20240227,14:51:08,5.15,100,47750
20240227,14:51:15,5.15,200,47750
20240227,14:51:28,5.1,100,47750
20240227,14:51:46,5.15,1400,47750
20240227,14:52:13,5.1,750,47750
20240227,14:52:24,5.1,350,47750
20240227,14:55:04,5.1,50,48700
20240227,14:55:25,5.1,50,48700
20240227,14:56:15,5.05,2650,48800
20240227,14:57:07,5.1,100,48800
20240227,14:57:47,5.1,50,48800
20240227,14:58:20,5.05,50,48800
20240227,14:58:37,5.1,50,48800
20240227,14:59:07,5.1,50,51200
20240227,14:59:23,5.15,50,51200
20240227,15:00:04,5.05,100,51200
20240227,15:00:26,5.0,200,51200
20240227,15:00:33,5.05,350,51200
20240227,15:01:19,5.0,100,51200
20240227,15:01:27,4.9,1500,51200
20240227,15:02:10,4.9,200,50150
20240227,15:02:37,4.9,50,50150
20240227,15:02:48,4.85,50,50150
20240227,15:03:42,4.85,200,50150
20240227,15:04:13,4.8,50,50150
20240227,15:04:34,4.8,50,50150
20240227,15:04:46,4.75,50,49700
20240227,15:06:35,4.75,50,49700
20240227,15:07:21,4.9,100,49700
20240227,15:07:28,4.9,50,49700
20240227,15:10:51,4.85,50,49800
20240227,15:11:39,4.8,50,49800
20240227,15:12:05,4.85,50,49800
20240227,15:12:23,4.9,100,49800
20240227,15:12:49,4.9,50,49800
20240227,15:12:59,4.9,150,49800
20240227,15:13:05,4.9,50,49800
20240227,15:13:25,4.95,200,49800
20240227,15:15:04,5.05,250,49650
20240227,15:15:32,4.95,50,49650
20240227,15:15:39,5.0,50,49650
20240227,15:15:47,5.1,200,49650
20240227,15:15:54,5.05,1650,49650
20240227,15:16:01,5.0,50,49650
20240227,15:16:07,5.1,200,49650
20240227,15:16:13,4.95,200,49650
20240227,15:16:26,5.05,250,49650
20240227,15:16:32,5.1,100,49650
20240227,15:17:00,5.1,300,49650
20240227,15:17:08,5.1,400,48300
20240227,15:18:43,5.2,950,48300
20240227,15:18:49,5.2,450,48300
20240227,15:19:12,5.25,250,48300
20240227,15:19:19,5.25,200,48300
20240227,15:19:25,5.2,250,48300
20240227,15:19:31,5.2,250,48300
20240227,15:19:50,5.35,1000,48300
20240227,15:19:56,5.25,50,45900
20240227,15:20:10,5.3,50,45900
20240227,15:20:18,5.35,100,45900
20240227,15:20:26,5.35,150,45900
20240227,15:22:00,5.4,50,45900
20240227,15:22:06,5.4,100,45900
20240227,15:22:12,5.4,350,45900
20240227,15:22:19,5.35,450,45900
20240227,15:22:34,5.3,50,45900
20240227,15:22:41,5.3,50,45900
20240227,15:22:48,5.25,50,45900
20240227,15:23:21,5.3,100,45900
20240227,15:23:28,5.25,50,45900
20240227,15:23:53,5.4,300,45900
20240227,15:24:10,5.3,50,45900
20240227,15:24:22,5.35,100,45900
20240227,15:25:07,5.35,150,45900
20240227,15:25:18,5.5,1800,45900
20240227,15:25:35,5.35,1800,45900
20240227,15:25:54,5.35,750,43000
20240227,15:26:00,5.35,1200,43000
20240227,15:26:29,5.25,50,43000
20240227,15:27:07,5.3,100,43000
20240227,15:27:35,5.3,100,43000
20240227,15:27:40,5.35,350,43000
20240227,15:29:11,5.4,100,42500
20240228,09:17:16,4.95,1,42450
20240228,09:17:16,5.05,3100,42450
20240228,09:17:30,5.1,100,42450
20240228,09:17:36,5.1,100,42450
20240228,09:18:30,5.1,500,42450
20240228,09:18:42,5.15,150,42450
20240228,09:19:11,4.95,1750,45800
20240228,09:19:16,5.05,1150,45800
20240228,09:20:01,5.05,250,45800
20240228,09:20:07,5.0,650,45800
20240228,09:20:19,4.95,200,45800
20240228,09:20:25,4.95,500,45800
20240228,09:20:41,4.8,50,45800
20240228,09:20:46,4.75,200,45800
20240228,09:20:52,4.7,1950,45800
20240228,09:20:57,4.7,300,45800
20240228,09:21:03,4.75,550,45800
20240228,09:21:08,4.75,150,45800
20240228,09:21:29,4.75,500,45800
20240228,09:21:35,4.8,2700,45800
20240228,09:21:40,4.9,400,45800
20240228,09:21:46,4.9,1250,45800
20240228,09:21:51,4.9,2500,45800
20240228,09:21:56,5.05,350,45800
20240228,09:22:02,5.05,1600,51900
20240228,09:22:07,5.05,600,51900
20240228,09:22:13,5.05,50,51900
20240228,09:22:18,5.05,550,51900
20240228,09:22:29,5.05,50,51900
20240228,09:22:35,5.05,600,51900
20240228,09:22:51,5.05,50,51900
20240228,09:22:56,5.0,1750,51900
20240228,09:23:00,5.05,200,51900
20240228,09:23:06,5.05,650,51900
20240228,09:23:11,5.05,450,51900
20240228,09:23:22,5.0,250,51900
20240228,09:23:28,5.05,100,51900
20240228,09:23:33,5.05,750,51900
20240228,09:23:39,5.1,2500,51900
20240228,09:23:44,5.1,50,51900
20240228,09:23:56,5.1,50,51900
20240228,09:24:08,5.05,200,51900
20240228,09:24:13,5.0,2000,51900
20240228,09:24:25,5.0,6800,51900
20240228,09:25:09,5.05,50,65650
20240228,09:25:19,5.0,500,65650
20240228,09:25:30,5.0,500,65650
20240228,09:26:20,5.0,50,65650
20240228,09:26:25,5.05,50,65650
20240228,09:27:05,5.0,1150,65650
20240228,09:27:11,5.0,1050,65650
20240228,09:27:53,4.95,500,65650
20240228,09:28:21,4.95,50,68700
20240228,09:28:33,5.0,100,68700
20240228,09:29:50,5.0,50,68700
20240228,09:29:56,5.0,1250,68700
20240228,09:30:21,4.95,250,68700
20240228,09:30:31,4.95,200,68700
20240228,09:30:37,5.0,600,68700
20240228,09:30:42,4.95,100,68700
20240228,09:30:47,4.95,400,68700
20240228,09:31:02,5.0,350,69250
20240228,09:31:40,4.9,100,69250
20240228,09:32:27,4.9,100,69250
20240228,09:32:38,4.9,400,69250
20240228,09:33:26,4.85,50,69250
20240228,09:35:15,4.85,50,69450
20240228,09:35:56,4.9,50,69450
20240228,09:37:18,4.9,500,69450
20240228,09:38:11,4.85,1000,69450
20240228,09:38:57,4.85,50,69450
20240228,09:39:12,4.85,200,69450
20240228,09:40:02,4.95,100,69400
20240228,09:40:34,4.9,50,69400
20240228,09:40:40,4.95,200,69400
20240228,09:40:49,4.9,50,69400
20240228,09:41:10,4.85,50,69400
20240228,09:41:14,4.95,150,69400
20240228,09:41:44,4.95,100,69400
20240228,09:42:09,4.85,100,69400
20240228,09:42:14,4.85,100,69400
20240228,09:42:19,4.85,400,69400
20240228,09:42:35,4.85,400,69400
20240228,09:42:40,4.8,50,69400
20240228,09:42:47,4.8,750,69400
20240228,09:42:53,4.75,1000,69400
20240228,09:43:04,4.8,300,71950
20240228,09:43:15,4.75,50,71950
20240228,09:43:21,4.8,250,71950
20240228,09:43:33,4.8,100,71950
20240228,09:43:38,4.9,150,71950
20240228,09:43:44,4.9,50,71950
20240228,09:44:01,4.85,100,71950
20240228,09:44:06,4.8,100,71950
20240228,09:44:16,4.8,150,71950
20240228,09:45:13,4.75,1800,71950
20240228,09:45:18,4.85,50,71950
20240228,09:45:22,4.8,600,71950
20240228,09:45:27,4.75,700,71950
20240228,09:45:32,4.75,850,71950
20240228,09:45:36,4.75,600,71950
20240228,09:45:46,4.75,150,71950
20240228,09:45:50,4.75,700,71950
20240228,09:45:55,4.75,800,71950
20240228,09:46:00,4.75,150,78450
20240228,09:46:15,4.8,50,78450
20240228,09:46:41,4.75,600,78450
20240228,09:47:29,4.75,800,78450
20240228,09:48:39,4.8,50,78450
20240228,09:49:04,4.75,550,78450
20240228,09:49:25,4.75,300,79650
20240228,09:49:41,4.75,300,79650
20240228,09:49:46,4.75,300,79650
20240228,09:49:52,4.7,100,79650
20240228,09:50:09,4.7,50,79650
20240228,09:50:21,4.7,50,79650
20240228,09:50:33,4.7,50,79650
20240228,09:50:44,4.7,300,79650
20240228,09:51:05,4.7,150,79650
20240228,09:51:11,4.7,100,79650
20240228,09:51:49,4.65,100,79650
20240228,09:51:57,4.65,200,79650
20240228,09:52:04,4.6,300,80400
20240228,09:52:17,4.7,400,80400
20240228,09:52:33,4.65,100,80400
20240228,09:53:00,4.6,100,80400
20240228,09:53:05,4.7,200,80400
20240228,09:53:31,4.7,150,80400
20240228,09:53:47,4.8,50,80400
20240228,09:53:59,4.7,350,80400
20240228,09:54:04,4.7,300,80400
20240228,09:54:25,4.75,50,80400
20240228,09:54:47,4.8,400,80400
20240228,09:55:03,4.75,50,80650
20240228,09:55:37,4.75,550,80650
20240228,09:55:53,4.75,50,80650
20240228,09:55:59,4.75,100,80650
20240228,09:56:08,4.8,50,80650
20240228,09:56:18,4.8,150,80650
20240228,09:56:27,4.8,50,80650
20240228,09:56:52,4.8,50,80650
20240228,09:57:58,4.8,350,80650
20240228,09:58:10,4.85,50,80600
20240228,09:58:21,4.85,300,80600
20240228,09:58:49,4.85,150,80600
20240228,09:59:27,4.75,1500,80600
20240228,09:59:33,4.85,300,80600
20240228,10:00:05,4.9,1300,80600
20240228,10:00:12,4.85,2600,80600
20240228,10:00:18,4.85,3050,80600
20240228,10:00:24,4.85,800,80600
20240228,10:00:30,4.9,600,80600
20240228,10:00:35,4.85,900,80600
20240228,10:00:41,4.85,500,80600
20240228,10:00:46,4.85,50,80600
20240228,10:00:51,4.85,600,80600
20240228,10:01:19,4.8,50,75350
20240228,10:01:40,4.8,50,75350
20240228,10:01:51,4.8,50,75350
20240228,10:01:56,4.85,300,75350
20240228,10:02:12,4.85,550,75350
20240228,10:02:18,4.75,50,75350
20240228,10:02:43,4.85,50,75350
20240228,10:03:07,4.8,200,75350
20240228,10:03:53,4.75,250,75350
20240228,10:04:39,4.7,200,75150
20240228,10:04:58,4.75,50,75150
20240228,10:05:19,4.7,450,75150
20240228,10:06:00,4.65,100,75150
20240228,10:06:18,4.65,100,75150
20240228,10:06:40,4.65,450,75150
20240228,10:06:45,4.65,100,75150
20240228,10:07:10,4.55,300,75000
20240228,10:07:17,4.5,200,75000
20240228,10:07:25,4.5,300,75000
20240228,10:07:31,4.5,300,75000
20240228,10:07:42,4.45,50,75000
20240228,10:07:55,4.4,50,75000
20240228,10:08:10,4.35,100,75000
20240228,10:09:00,4.35,950,75000
20240228,10:09:37,4.45,50,75000
20240228,10:09:47,4.45,50,75000
20240228,10:10:12,4.4,100,74900
20240228,10:10:37,4.4,50,74900
20240228,10:11:55,4.4,50,74900
20240228,10:12:00,4.4,50,74900
20240228,10:13:06,4.35,50,74900
20240228,10:15:56,4.4,50,74900
20240228,10:17:39,4.4,50,74900
20240228,10:17:49,4.4,50,74900
20240228,10:17:54,4.35,50,74900
20240228,10:18:09,4.35,100,74900
20240228,10:18:23,4.35,50,74900
20240228,10:18:33,4.35,100,74900
20240228,10:18:43,4.35,100,74900
20240228,10:18:48,4.4,100,74900
20240228,10:18:53,4.4,200,74900
20240228,10:18:58,4.4,200,74900
20240228,10:19:04,4.4,400,75900
20240228,10:19:09,4.4,50,75900
20240228,10:19:14,4.4,50,75900
20240228,10:19:36,4.4,400,75900
20240228,10:19:52,4.4,1000,75900
20240228,10:24:58,4.4,50,76000
20240228,10:27:12,4.4,100,76000
20240228,10:28:38,4.35,50,76000
20240228,10:28:46,4.35,250,76000
20240228,10:29:01,4.4,150,76000
20240228,10:31:56,4.45,150,75850
20240228,10:32:42,4.3,1450,75850
20240228,10:32:49,4.3,50,75850
20240228,10:33:38,4.25,2000,75850
20240228,10:34:33,4.25,450,77850
20240228,10:35:01,4.3,300,77850
20240228,10:35:14,4.3,250,77850
20240228,10:35:21,4.3,350,77850
20240228,10:36:09,4.2,500,77850
20240228,10:36:16,4.2,300,77850
20240228,10:37:28,4.2,300,78100
20240228,10:37:36,4.2,900,78100
20240228,10:37:50,4.2,300,78100
20240228,10:38:17,4.2,200,78100
20240228,10:38:24,4.2,300,78100
20240228,10:38:39,4.2,300,78100
20240228,10:38:47,4.2,400,78100
20240228,10:39:24,4.15,450,78100
20240228,10:39:30,4.1,450,78100
20240228,10:39:37,4.1,150,78100
20240228,10:39:44,4.15,50,78100
20240228,10:40:19,4.15,300,78100
20240228,10:40:32,4.2,100,78100
20240228,10:40:40,4.2,400,78100
20240228,10:41:00,4.25,50,78100
20240228,10:41:14,4.3,50,78100
20240228,10:41:34,4.3,400,78100
20240228,10:42:42,4.25,1450,78100
20240228,10:43:43,4.2,50,78100
20240228,10:43:50,4.2,100,78100
20240228,10:44:28,4.2,450,78100
20240228,10:44:48,4.15,100,78100
20240228,10:45:01,4.2,150,78100
20240228,10:46:00,4.2,100,78100
20240228,10:46:14,4.25,150,78200
20240228,10:47:11,4.25,550,78200
20240228,10:47:19,4.2,250,78200
20240228,10:47:35,4.25,600,78200
20240228,10:47:42,4.25,100,78200
20240228,10:47:50,4.25,350,78200
20240228,10:48:05,4.2,50,78200
20240228,10:48:13,4.25,50,78200
20240228,10:48:49,4.25,50,78200
20240228,10:49:32,4.35,100,78650
20240228,10:50:02,4.25,200,78650
20240228,10:50:18,4.4,100,78650
20240228,10:50:26,4.5,450,78650
20240228,10:50:35,4.45,300,78650
20240228,10:50:43,4.45,1100,78650
20240228,10:50:52,4.5,150,78650
20240228,10:50:59,4.55,950,78650
20240228,10:51:08,4.75,3250,78650
20240228,10:51:17,4.95,2900,78650
20240228,10:51:26,4.9,650,78650
20240228,10:51:34,4.85,100,78650
20240228,10:51:59,5.05,700,78650
20240228,10:52:07,5.25,1000,78650
20240228,10:52:16,5.1,850,81100
20240228,10:52:24,5.15,700,81100
20240228,10:52:31,5.1,100,81100
20240228,10:52:56,5.0,200,81100
20240228,10:53:04,5.2,1000,81100
20240228,10:53:12,5.2,200,81100
20240228,10:53:42,5.15,250,81100
20240228,10:54:04,5.3,250,81100
20240228,10:54:13,5.3,2000,81100
20240228,10:54:20,5.3,1200,81100
20240228,10:54:28,5.25,650,81100
20240228,10:54:35,5.2,2200,81100
20240228,10:54:49,5.15,150,81100
20240228,10:55:03,5.2,1100,81100
20240228,10:55:10,5.25,400,81100
20240228,10:55:17,5.3,50,82050
20240228,10:55:32,5.2,150,82050
20240228,10:55:47,5.05,2000,82050
20240228,10:56:02,5.0,300,82050
20240228,10:56:10,5.1,300,82050
20240228,10:56:17,5.15,400,82050
20240228,10:56:25,5.15,300,82050
20240228,10:56:32,5.2,500,82050
20240228,10:56:47,5.1,50,82050
20240228,10:56:54,5.15,500,82050
20240228,10:57:02,5.2,50,82050
20240228,10:57:09,5.25,50,82050
20240228,10:57:32,5.4,150,82050
20240228,10:57:41,5.45,50,82050
20240228,10:57:50,5.5,250,82050
20240228,10:57:58,5.65,350,82050
20240228,10:58:07,5.8,1200,82050
20240228,10:58:24,5.85,250,84400
20240228,10:58:55,5.65,50,84400
20240228,10:59:09,5.6,150,84400
20240228,10:59:23,5.7,50,84400
20240228,10:59:30,5.8,100,84400
20240228,10:59:46,5.95,300,84400
20240228,10:59:53,5.95,100,84400
20240228,11:00:01,6.2,300,84400
20240228,11:00:18,6.25,200,84400
20240228,11:00:27,6.5,100,84400
20240228,11:00:36,6.65,100,84400
20240228,11:00:44,6.65,500,84400
20240228,11:01:00,6.45,50,84400
20240228,11:01:08,6.4,250,84400
20240228,11:01:16,6.55,50,84950
20240228,11:01:32,6.45,200,84950
20240228,11:01:40,6.35,6550,84950
20240228,11:01:48,6.2,1150,84950
20240228,11:01:56,6.1,450,84950
20240228,11:02:05,6.1,350,84950
20240228,11:02:13,6.1,250,84950
20240228,11:02:21,6.1,650,84950
20240228,11:02:36,6.15,550,84950
20240228,11:02:44,6.1,550,84950
20240228,11:02:52,6.15,200,84950
20240228,11:02:59,6.1,300,84950
20240228,11:03:07,6.3,1050,84950
20240228,11:03:15,6.35,350,84950
20240228,11:03:30,6.65,6400,84950
20240228,11:03:38,6.5,4050,84950
20240228,11:03:46,6.4,3600,84950
20240228,11:03:54,6.65,50,84950
20240228,11:04:02,6.85,250,84950
20240228,11:04:10,6.85,100,84950
20240228,11:04:25,7.0,300,84800
20240228,11:04:41,7.05,50,84800
20240228,11:04:49,7.05,200,84800
20240228,11:05:05,7.05,250,84800
20240228,11:05:13,7.15,400,84800
20240228,11:05:28,7.1,50,84800
20240228,11:05:36,7.2,2000,84800
20240228,11:05:43,7.2,50,84800
20240228,11:05:51,7.1,100,84800
20240228,11:05:58,6.95,100,84800
20240228,11:06:14,6.75,450,84800
20240228,11:06:22,6.5,250,84800
20240228,11:06:30,6.45,50,84800
20240228,11:06:37,6.4,400,84800
20240228,11:06:45,6.35,200,84800
20240228,11:06:52,6.35,350,84800
20240228,11:07:08,6.6,550,84800
20240228,11:07:16,6.65,50,83400
20240228,11:07:24,6.65,50,83400
20240228,11:07:39,6.65,50,83400
20240228,11:07:46,6.55,200,83400
20240228,11:08:00,6.55,50,83400
20240228,11:08:08,6.55,1250,83400
20240228,11:08:15,6.7,250,83400
20240228,11:08:30,6.65,400,83400
20240228,11:08:37,6.75,50,83400
20240228,11:09:06,6.8,200,83400
20240228,11:09:20,6.75,550,83400
20240228,11:09:27,6.75,50,83400
20240228,11:09:35,6.7,50,83400
20240228,11:10:18,6.45,50,84100
20240228,11:10:41,6.75,300,84100
20240228,11:10:56,6.75,250,84100
20240228,11:11:03,6.7,450,84100
20240228,11:11:10,6.9,250,84100
20240228,11:11:24,6.85,200,84100
20240228,11:11:31,6.85,450,84100
20240228,11:11:38,6.75,50,84100
20240228,11:12:05,6.75,150,84100
20240228,11:12:19,6.75,800,84100
20240228,11:12:48,6.75,50,84100
20240228,11:12:55,6.75,50,84100
20240228,11:13:02,6.7,500,84100
20240228,11:13:18,6.55,550,85150
20240228,11:13:47,6.5,700,85150
20240228,11:14:02,6.4,200,85150
20240228,11:14:46,6.55,50,85150
20240228,11:14:53,6.65,400,85150
20240228,11:15:07,6.6,150,85150
20240228,11:15:14,6.75,450,85150
20240228,11:15:35,6.65,250,85150
20240228,11:15:55,6.5,200,85150
20240228,11:16:16,6.4,250,84700
20240228,11:16:22,6.45,700,84700
20240228,11:17:14,6.35,200,84700
20240228,11:17:37,6.25,1000,84700
20240228,11:18:15,6.15,200,84700
20240228,11:18:30,6.15,250,84700
20240228,11:18:38,6.15,500,84700
20240228,11:19:18,6.05,400,84700
20240228,11:19:34,6.05,300,86250
20240228,11:19:51,6.2,350,86250
20240228,11:19:58,6.2,50,86250
20240228,11:20:05,6.15,500,86250
20240228,11:20:13,6.15,250,86250
20240228,11:20:21,6.15,1050,86250
20240228,11:21:04,6.4,950,86250
20240228,11:21:18,6.55,50,86250
20240228,11:21:40,6.6,750,86250
20240228,11:22:09,6.7,50,86250
20240228,11:22:44,6.6,250,84950
20240228,11:23:04,6.55,300,84950
20240228,11:24:31,6.45,50,84950
20240228,11:24:51,6.5,50,84950
20240228,11:25:10,6.6,200,84950
20240228,11:25:43,6.7,400,84950
20240228,11:25:50,6.8,100,84950
20240228,11:26:34,6.9,50,84950
20240228,11:26:41,6.8,50,84950
20240228,11:27:06,6.9,150,84950
20240228,11:27:12,6.85,200,84950
20240228,11:27:18,6.85,150,84950
20240228,11:27:31,6.85,50,84950
20240228,11:28:06,6.85,50,84950
20240228,11:28:30,6.85,50,85000
20240228,11:28:54,6.7,300,85000
20240228,11:29:29,6.5,400,85000
20240228,11:29:55,6.4,50,85000
20240228,11:30:15,6.75,200,85000
20240228,11:30:22,6.9,300,85000
20240228,11:30:29,6.9,200,85000
20240228,11:30:42,6.9,50,85000
20240228,11:30:49,6.95,50,85000
20240228,11:31:02,6.95,100,85000
20240228,11:31:14,7.0,450,85000
20240228,11:31:20,6.95,550,84950
20240228,11:31:59,6.8,250,84950
20240228,11:32:07,6.8,50,84950
20240228,11:32:14,6.7,200,84950
20240228,11:32:21,6.65,100,84950
20240228,11:32:29,6.75,100,84950
20240228,11:32:36,6.75,50,84950
20240228,11:32:44,6.7,150,84950
20240228,11:32:50,6.7,100,84950
20240228,11:32:58,6.75,500,84950
20240228,11:33:05,6.7,350,84950
20240228,11:33:27,6.6,100,84950
20240228,11:33:34,6.5,450,84950
20240228,11:33:48,6.5,250,84950
20240228,11:33:55,6.5,100,84950
20240228,11:36:32,6.65,50,84850
20240228,11:36:52,6.5,150,84850
20240228,11:38:15,6.6,250,84850
20240228,11:38:33,6.5,100,84850
20240228,11:38:52,6.5,450,84850
20240228,11:40:08,6.45,150,84850
20240228,11:40:44,6.45,50,85350
20240228,11:40:56,6.5,350,85350
20240228,11:41:03,6.55,750,85350
20240228,11:41:09,6.5,400,85350
20240228,11:41:21,6.55,250,85350
20240228,11:41:53,6.75,1000,85350
20240228,11:42:05,6.7,50,85350
20240228,11:42:22,6.65,150,85350
20240228,11:42:35,6.6,1150,85350
20240228,11:42:41,6.65,100,85350
20240228,11:43:47,6.8,300,85250
20240228,11:44:05,6.75,1000,85250
20240228,11:44:23,6.8,100,85250
20240228,11:44:31,6.9,600,85250
20240228,11:44:39,7.0,100,85250
20240228,11:44:46,7.1,400,85250
20240228,11:44:54,7.2,1500,85250
20240228,11:45:01,7.15,250,85250
20240228,11:45:08,7.5,800,85250
20240228,11:45:16,7.65,750,85250
20240228,11:45:23,7.7,650,85250
20240228,11:45:30,7.55,100,85250
20240228,11:45:49,7.65,100,85250
20240228,11:45:56,7.6,250,85250
20240228,11:46:02,7.75,100,85250
20240228,11:46:09,8.15,1600,85250
20240228,11:46:16,7.95,200,85250
20240228,11:46:24,8.05,200,85850
20240228,11:46:31,8.0,250,85850
20240228,11:46:51,7.75,100,85850
20240228,11:46:59,7.7,250,85850
20240228,11:47:06,7.55,200,85850
20240228,11:47:13,7.35,250,85850
20240228,11:47:20,7.3,450,85850
20240228,11:47:27,7.25,50,85850
20240228,11:47:57,7.0,250,85850
20240228,11:48:03,7.0,250,85850
20240228,11:48:10,7.1,450,85850
20240228,11:48:17,7.05,550,85850
20240228,11:48:25,7.1,250,85850
20240228,11:48:32,7.05,300,85850
20240228,11:48:53,6.95,150,85850
20240228,11:49:21,6.65,250,85650
20240228,11:49:36,6.75,100,85650
20240228,11:50:04,6.6,900,85650
20240228,11:50:12,6.75,200,85650
20240228,11:51:16,6.85,500,85650
20240228,11:51:36,6.85,50,85650
20240228,11:51:42,6.9,50,85650
20240228,11:52:13,6.9,50,85650
20240228,11:52:25,6.9,50,85450
20240228,11:53:09,6.95,100,85450
20240228,11:53:59,7.0,400,85450
20240228,11:54:13,7.0,50,85450
20240228,11:54:43,7.0,150,85450
20240228,11:54:49,6.95,600,85450
20240228,11:55:07,6.95,50,85450
20240228,11:55:19,7.0,450,85450
20240228,11:55:25,6.9,50,85650
20240228,11:57:12,6.9,150,85650
20240228,11:58:23,6.9,150,85650
20240228,11:59:10,6.9,50,85650
20240228,12:00:05,6.85,400,85650
20240228,12:01:05,6.85,150,85650
20240228,12:01:12,6.95,100,85650
20240228,12:01:19,7.05,100,85650
20240228,12:01:26,7.1,50,85800
20240228,12:01:33,7.15,150,85800
20240228,12:01:39,7.15,300,85800
20240228,12:01:46,7.1,300,85800
20240228,12:01:53,7.1,250,85800
20240228,12:01:59,7.05,250,85800
20240228,12:02:05,7.05,150,85800
20240228,12:02:12,7.05,100,85800
20240228,12:02:19,7.05,250,85800
20240228,12:02:59,7.25,50,85800
20240228,12:03:17,7.25,250,85800
20240228,12:03:23,7.25,100,85800
20240228,12:03:43,7.3,100,85800
20240228,12:04:02,7.35,400,85800
20240228,12:04:16,7.4,550,85800
20240228,12:04:24,7.45,1150,85250
20240228,12:04:30,7.45,200,85250
20240228,12:04:44,7.45,600,85250
20240228,12:04:50,7.4,700,85250
20240228,12:05:08,7.35,250,85250
20240228,12:05:20,7.3,700,85250
20240228,12:05:49,7.5,450,85250
20240228,12:06:00,7.4,100,85250
20240228,12:06:18,7.35,50,85250
20240228,12:06:25,7.4,250,85250
20240228,12:06:38,7.4,550,85250
20240228,12:06:52,7.4,50,85250
20240228,12:06:58,7.35,50,85250
20240228,12:07:17,7.35,250,85250
20240228,12:07:36,7.35,500,83850
20240228,12:07:42,7.45,250,83850
20240228,12:08:11,7.25,50,83850
20240228,12:08:18,7.3,500,83850
20240228,12:08:24,7.25,200,83850
20240228,12:08:41,7.2,450,83850
20240228,12:08:48,7.2,550,83850
20240228,12:08:54,7.2,800,83850
20240228,12:09:00,7.2,850,83850
20240228,12:09:06,7.2,700,83850
20240228,12:09:12,7.25,400,83850
20240228,12:09:31,7.2,550,83850
20240228,12:09:37,7.3,800,83850
20240228,12:09:43,7.35,250,83850
20240228,12:09:56,7.45,300,83850
20240228,12:10:02,7.5,200,83850
20240228,12:10:08,7.55,50,83850
20240228,12:10:14,7.5,100,83850
20240228,12:10:20,7.55,100,83850
20240228,12:10:26,7.6,150,84050
20240228,12:10:32,7.6,100,84050
20240228,12:10:45,7.6,750,84050
20240228,12:11:10,7.45,250,84050
20240228,12:11:16,7.45,450,84050
20240228,12:12:12,7.25,500,84050
20240228,12:12:45,7.2,250,84050
20240228,12:12:56,7.2,500,84050
20240228,12:13:02,7.2,150,84050
20240228,12:13:09,7.2,1950,84050
20240228,12:13:15,7.25,750,84050
20240228,12:13:21,7.3,1050,84050
20240228,12:14:00,7.25,150,84800
20240228,12:14:05,7.2,550,84800
20240228,12:14:32,7.05,500,84800
20240228,12:14:39,6.95,50,84800
20240228,12:14:53,6.9,900,84800
20240228,12:15:41,7.0,150,84800
20240228,12:16:05,6.95,300,84800
20240228,12:16:18,6.95,50,84800
20240228,12:16:48,7.05,300,85550
20240228,12:16:59,7.05,300,85550
20240228,12:17:17,7.0,200,85550
20240228,12:17:34,7.0,350,85550
20240228,12:18:18,7.1,50,85550
20240228,12:18:50,7.1,600,85550
20240228,12:19:48,7.1,200,85750
20240228,12:20:06,7.05,50,85750
20240228,12:20:19,7.0,500,85750
20240228,12:20:32,7.0,1550,85750
20240228,12:20:51,6.85,250,85750
20240228,12:21:39,6.85,300,85750
20240228,12:22:14,6.9,500,85750
20240228,12:23:33,6.9,300,85600
20240228,12:23:43,6.95,250,85600
20240228,12:24:03,6.95,250,85600
20240228,12:24:12,6.9,150,85600
20240228,12:24:25,6.85,150,85600
20240228,12:26:07,7.1,600,85450
20240228,12:26:16,7.15,50,85450
20240228,12:26:21,7.15,50,85450
20240228,12:26:36,7.25,500,85450
20240228,12:26:51,7.25,50,85450
20240228,12:27:00,7.3,300,85450
20240228,12:27:10,7.3,250,85450
20240228,12:27:29,7.4,50,85450
20240228,12:28:07,7.4,150,85450
20240228,12:28:12,7.4,150,85450
20240228,12:28:25,7.3,400,85450
20240228,12:29:05,7.2,550,85500
20240228,12:29:19,7.15,400,85500
20240228,12:31:12,7.25,250,85500
20240228,12:31:42,7.25,300,85500
20240228,12:32:37,7.35,300,85500
20240228,12:32:46,7.25,50,85500
20240228,12:34:01,7.2,400,85500
20240228,12:34:50,7.5,100,85850
20240228,12:35:00,7.45,50,85850
20240228,12:35:05,7.45,50,85850
20240228,12:35:13,7.5,250,85850
20240228,12:36:01,7.65,100,85850
20240228,12:36:07,7.65,300,85850
20240228,12:37:10,7.55,50,85850
20240228,12:37:20,7.6,50,85850
20240228,12:37:35,7.55,50,85750
20240228,12:38:55,7.3,50,85750
20240228,12:39:26,7.4,50,85750
20240228,12:40:09,7.35,400,85750
20240228,12:41:48,7.4,400,85750
20240228,12:42:22,7.35,450,85750
20240228,12:42:46,7.35,450,85750
20240228,12:43:16,7.25,50,85750
20240228,12:45:07,7.25,100,85800
20240228,12:47:12,7.35,50,85800
20240228,12:47:17,7.35,250,85800
20240228,12:47:23,7.4,100,85800
20240228,12:47:34,7.35,100,85800
20240228,12:47:50,7.45,400,85800
20240228,12:48:19,7.35,500,85800
20240228,12:52:51,7.4,500,85800
20240228,12:53:02,7.4,250,85800
20240228,12:53:28,7.35,1550,85800
20240228,12:54:14,7.3,50,85800
20240228,12:54:40,7.55,750,85800
20240228,12:55:01,7.8,1050,85800
20240228,12:55:10,7.85,50,85800
20240228,12:55:30,7.75,50,85800
20240228,12:55:57,7.85,500,85750
20240228,12:56:04,7.95,250,85750
20240228,12:56:12,7.85,50,85750
20240228,12:56:25,7.85,50,85750
20240228,12:57:11,8.1,50,85750
20240228,12:57:18,8.2,1050,85750
20240228,12:57:37,8.2,50,85750
20240228,12:58:44,8.5,350,85750
20240228,12:58:52,8.6,200,85750
20240228,12:58:59,8.95,1400,85750
20240228,12:59:07,9.35,1500,85750
20240228,12:59:15,9.6,600,85750
20240228,12:59:23,9.6,300,85750
20240228,12:59:30,9.35,50,85750
20240228,12:59:44,9.6,150,85750
20240228,13:00:04,9.8,150,85750
20240228,13:00:11,9.85,550,85750
20240228,13:00:18,9.95,350,85750
20240228,13:00:25,9.95,50,85750
20240228,13:00:32,9.95,100,85750
20240228,13:00:39,9.9,50,85750
20240228,13:00:45,10.05,300,85750
20240228,13:00:52,10.6,100,85750
20240228,13:00:59,10.95,1350,85750
20240228,13:01:07,11.25,5900,85750
20240228,13:01:14,11.3,4450,85750
20240228,13:01:22,11.15,2700,85750
20240228,13:01:29,11.1,2350,85750
20240228,13:01:36,11.0,3700,87800
20240228,13:01:43,11.05,1800,87800
20240228,13:01:49,10.95,150,87800
20240228,13:01:55,10.95,800,87800
20240228,13:02:01,10.55,850,87800
20240228,13:02:07,10.55,50,87800
20240228,13:02:13,10.35,250,87800
20240228,13:02:25,10.15,250,87800
20240228,13:02:31,10.15,250,87800
20240228,13:02:37,10.15,500,87800
20240228,13:02:43,10.1,450,87800
20240228,13:02:48,10.1,800,87800
20240228,13:03:24,10.1,500,87800
20240228,13:03:35,10.15,50,87800
20240228,13:03:46,10.3,100,87800
20240228,13:03:58,10.2,100,87800
20240228,13:04:42,9.85,50,87300
20240228,13:04:47,9.9,50,87300
20240228,13:04:53,9.8,600,87300
20240228,13:05:03,9.8,250,87300
20240228,13:05:08,9.9,100,87300
20240228,13:05:19,9.95,150,87300
20240228,13:05:24,10.0,150,87300
20240228,13:05:35,10.1,300,87300
20240228,13:06:03,10.1,700,87300
20240228,13:06:20,10.15,50,87300
20240228,13:06:31,10.2,100,87300
20240228,13:06:49,10.45,1500,87300
20240228,13:06:56,10.6,600,87300
20240228,13:07:02,10.75,450,87300
20240228,13:07:09,11.1,200,87300
20240228,13:07:17,11.4,100,87300
20240228,13:07:24,11.45,550,87300
20240228,13:07:32,11.45,1000,87300
20240228,13:07:39,11.5,50,87800
20240228,13:07:46,11.85,400,87800
20240228,13:07:55,11.95,100,87800
20240228,13:08:02,11.85,400,87800
20240228,13:08:10,12.25,50,87800
20240228,13:08:17,12.45,1650,87800
20240228,13:08:24,12.3,1250,87800
20240228,13:08:30,12.25,2250,87800
20240228,13:08:36,12.5,750,87800
20240228,13:08:44,12.65,50,87800
20240228,13:08:51,12.65,500,87800
20240228,13:09:05,12.2,1000,87800
20240228,13:09:13,11.95,250,87800
20240228,13:09:33,12.0,450,87800
20240228,13:09:40,11.55,50,87800
20240228,13:09:55,11.25,200,87800
20240228,13:10:17,11.1,50,87800
20240228,13:10:23,11.3,50,87800
20240228,13:10:30,11.55,50,87800
20240228,13:10:37,11.55,750,87800
20240228,13:10:44,11.5,50,92050
20240228,13:10:58,11.5,500,92050
20240228,13:11:17,11.7,50,92050
20240228,13:11:32,11.75,50,92050
20240228,13:11:57,12.0,350,92050
20240228,13:12:04,12.25,50,92050
20240228,13:12:11,12.45,100,92050
20240228,13:12:17,12.45,50,92050
20240228,13:12:23,12.45,550,92050
20240228,13:12:30,12.4,50,92050
20240228,13:12:36,12.15,100,92050
20240228,13:12:43,12.0,250,92050
20240228,13:12:55,11.95,50,92050
20240228,13:13:15,11.75,50,92050
20240228,13:13:22,11.9,750,92050
20240228,13:13:28,12.05,50,92050
20240228,13:13:41,12.3,250,92600
20240228,13:13:56,12.5,250,92600
20240228,13:14:11,12.75,7300,92600
20240228,13:14:18,12.8,400,92600
20240228,13:14:25,12.8,100,92600
20240228,13:14:31,12.85,250,92600
20240228,13:14:38,12.85,900,92600
20240228,13:14:45,13.05,3650,92600
20240228,13:14:52,13.05,650,92600
20240228,13:14:58,12.9,1200,92600
20240228,13:15:06,12.75,1400,92600
20240228,13:15:13,12.55,50,92600
20240228,13:15:27,12.7,600,92600
20240228,13:15:34,12.75,550,92600
20240228,13:15:56,11.85,50,92600
20240228,13:16:03,11.95,50,92600
20240228,13:16:10,12.05,50,92600
20240228,13:16:18,11.8,50,92600
20240228,13:16:41,11.5,1000,93900
20240228,13:17:04,11.15,300,93900
20240228,13:17:28,10.45,50,93900
20240228,13:17:37,10.25,200,93900
20240228,13:17:52,10.3,650,93900
20240228,13:18:00,10.35,50,93900
20240228,13:18:08,10.25,100,93900
20240228,13:18:15,10.35,50,93900
20240228,13:18:22,10.25,150,93900
20240228,13:19:15,9.75,400,93900
20240228,13:19:22,9.85,500,93900
20240228,13:19:30,9.9,50,93900
20240228,13:19:53,9.85,700,93150
20240228,13:20:01,9.85,300,93150
20240228,13:20:08,9.8,300,93150
20240228,13:20:16,10.15,150,93150
20240228,13:20:23,10.0,200,93150
20240228,13:20:31,9.65,500,93150
20240228,13:20:47,9.5,350,93150
20240228,13:20:55,9.4,1200,93150
20240228,13:21:03,9.4,350,93150
20240228,13:21:27,9.4,550,93150
20240228,13:21:35,9.45,50,93150
20240228,13:21:57,9.6,50,93150
20240228,13:22:19,9.6,50,93150
20240228,13:22:42,9.6,100,91750
20240228,13:22:57,9.6,1400,91750
20240228,13:23:59,9.25,1100,91750
20240228,13:24:07,9.1,850,91750
20240228,13:24:24,9.0,50,91750
20240228,13:24:31,8.95,700,91750
20240228,13:25:16,9.05,450,91750
20240228,13:25:36,8.8,100,91750
20240228,13:25:48,8.8,300,92250
20240228,13:25:54,8.8,200,92250
20240228,13:26:01,8.75,200,92250
20240228,13:26:08,8.7,300,92250
20240228,13:26:37,8.7,50,92250
20240228,13:26:50,8.8,250,92250
20240228,13:27:24,9.05,250,92250
20240228,13:28:19,9.0,200,92250
20240228,13:29:24,9.3,500,92200
20240228,13:29:52,9.05,400,92200
20240228,13:30:02,8.85,350,92200
20240228,13:30:12,9.0,50,92200
20240228,13:30:29,9.0,850,92200
20240228,13:31:02,9.05,650,92200
20240228,13:31:11,9.0,50,92200
20240228,13:31:19,8.9,100,92200
20240228,13:31:29,8.8,50,92200
20240228,13:31:46,8.5,100,92200
20240228,13:32:02,8.25,1000,92200
20240228,13:32:09,8.2,150,92200
20240228,13:32:24,8.1,800,92200
20240228,13:32:46,7.9,300,92200
20240228,13:32:53,7.9,4050,92200
20240228,13:33:01,7.45,550,92200
20240228,13:33:09,7.45,100,92200
20240228,13:33:16,7.4,200,92200
20240228,13:33:31,7.6,700,92200
20240228,13:34:04,7.8,50,92200
20240228,13:34:11,7.75,400,92200
20240228,13:34:38,7.8,50,92200
20240228,13:35:11,7.85,100,90100
20240228,13:35:18,7.8,700,90100
20240228,13:35:24,7.85,250,90100
20240228,13:35:45,7.9,200,90100
20240228,13:36:13,8.05,250,90100
20240228,13:36:27,8.2,250,90100
20240228,13:36:34,8.2,450,90100
20240228,13:37:01,8.15,300,90100
20240228,13:37:09,8.0,250,90100
20240228,13:37:57,8.2,50,90100
20240228,13:38:04,8.25,300,90100
20240228,13:38:32,8.35,50,90100
20240228,13:38:52,8.45,1300,90100
20240228,13:39:06,8.55,150,90100
20240228,13:39:40,8.6,2000,90100
20240228,13:40:00,8.5,600,90100
20240228,13:40:08,8.45,500,90100
20240228,13:40:29,8.5,400,90100
20240228,13:41:02,8.5,400,86100
20240228,13:41:36,8.55,50,86100
20240228,13:41:50,8.65,100,86100
20240228,13:42:03,8.7,100,86100
20240228,13:42:10,8.65,50,86100
20240228,13:42:17,8.7,250,86100
20240228,13:43:20,8.5,50,86100
20240228,13:43:38,8.45,100,86500
20240228,13:43:45,8.45,100,86500
20240228,13:43:59,8.1,2500,86500
20240228,13:44:06,8.2,400,86500
20240228,13:44:27,8.25,600,86500
20240228,13:45:57,8.45,100,86500
20240228,13:46:17,8.45,150,86500
20240228,13:46:29,8.45,900,86500
20240228,13:46:48,8.55,500,88550
20240228,13:46:55,8.45,2850,88550
20240228,13:47:02,8.55,100,88550
20240228,13:47:10,8.7,100,88550
20240228,13:47:36,8.75,250,88550
20240228,13:47:43,8.9,300,88550
20240228,13:47:50,9.0,300,88550
20240228,13:48:03,9.0,350,88550
20240228,13:48:10,8.95,300,88550
20240228,13:48:23,9.0,300,88550
20240228,13:48:29,9.1,200,88550
20240228,13:49:06,9.0,650,88550
20240228,13:49:19,9.0,100,88550
20240228,13:49:25,8.95,50,88550
20240228,13:49:32,8.95,350,88550
20240228,13:50:05,8.85,50,88600
20240228,13:50:17,8.75,50,88600
20240228,13:50:31,8.75,100,88600
20240228,13:50:51,8.5,550,88600
20240228,13:51:19,8.35,450,88600
20240228,13:51:53,8.5,1600,88600
20240228,13:52:00,8.4,100,88600
20240228,13:52:26,8.35,550,88600
20240228,13:53:04,8.35,950,87400
20240228,13:53:10,8.35,950,87400
20240228,13:54:12,8.15,150,87400
20240228,13:55:36,8.4,150,87400
20240228,13:55:44,8.3,550,87650
20240228,13:58:12,8.4,50,87650
20240228,13:58:19,8.45,50,87650
20240228,13:58:25,8.35,150,87650
20240228,13:58:40,8.2,2050,87650
20240228,14:00:05,8.3,50,87300
20240228,14:00:49,8.25,50,87300
20240228,14:00:58,8.2,100,87300
20240228,14:01:05,8.15,150,87300
20240228,14:01:13,8.15,50,87300
20240228,14:01:20,8.2,50,87300
20240228,14:01:52,8.0,650,87350
20240228,14:02:09,7.8,7200,87350
20240228,14:02:16,7.75,2800,87350
20240228,14:03:36,7.9,700,87350
20240228,14:04:16,8.0,100,87350
20240228,14:04:23,8.05,50,87350
20240228,14:04:29,8.0,1000,87350
20240228,14:04:41,8.0,50,87350
20240228,14:04:47,7.95,50,84200
20240228,14:05:19,7.85,350,84200
20240228,14:05:44,7.7,550,84200
20240228,14:05:51,7.5,400,84200
20240228,14:06:00,7.4,50,84200
20240228,14:06:07,7.4,250,84200
20240228,14:06:15,7.5,950,84200
20240228,14:06:21,7.6,1300,84200
20240228,14:07:09,7.3,350,84200
20240228,14:07:16,7.3,850,84200
20240228,14:07:38,7.15,50,84200
20240228,14:07:44,7.15,500,82000
20240228,14:07:51,7.25,50,82000
20240228,14:08:03,7.15,250,82000
20240228,14:08:16,7.15,800,82000
20240228,14:08:22,7.15,300,82000
20240228,14:08:39,7.3,50,82000
20240228,14:08:45,7.25,900,82000
20240228,14:09:25,7.15,250,82000
20240228,14:09:33,7.1,500,82000
20240228,14:09:42,7.1,300,82000
20240228,14:09:49,7.1,1300,82000
20240228,14:09:57,7.1,200,82000
20240228,14:10:19,7.15,5650,82000
20240228,14:10:41,7.2,200,82000
20240228,14:11:47,7.25,100,84750
20240228,14:11:59,7.25,850,84750
20240228,14:12:06,7.3,50,84750
20240228,14:12:13,7.25,100,84750
20240228,14:12:27,7.25,350,84750
20240228,14:12:36,7.15,250,84750
20240228,14:12:45,7.05,150,84750
20240228,14:12:54,7.15,250,84750
20240228,14:13:23,7.25,250,84750
20240228,14:13:30,7.15,300,84750
20240228,14:13:46,7.15,50,84750
20240228,14:14:09,7.05,800,84400
20240228,14:14:16,7.05,500,84400
20240228,14:14:25,7.1,50,84400
20240228,14:14:40,7.2,1100,84400
20240228,14:15:22,7.25,400,84400
20240228,14:15:36,7.4,150,84400
20240228,14:16:00,7.45,100,84400
20240228,14:16:07,7.55,200,84400
20240228,14:16:16,7.7,300,84400
20240228,14:16:25,7.8,750,84400
20240228,14:16:33,7.8,850,84400
20240228,14:16:40,7.75,800,84400
20240228,14:16:48,7.75,350,84400
20240228,14:16:55,7.75,100,84200
20240228,14:17:03,7.85,500,84200
20240228,14:17:33,7.6,50,84200
20240228,14:17:48,7.5,350,84200
20240228,14:18:11,7.45,250,84200
20240228,14:18:19,7.3,50,84200
20240228,14:18:27,7.35,50,84200
20240228,14:18:48,7.5,50,84200
20240228,14:19:03,7.55,250,84200
20240228,14:19:10,7.6,50,84200
20240228,14:20:02,7.7,150,84300
20240228,14:20:17,7.65,50,84300
20240228,14:20:24,7.7,250,84300
20240228,14:20:49,7.75,50,84300
20240228,14:21:04,7.7,250,84300
20240228,14:21:12,7.75,100,84300
20240228,14:21:49,7.65,50,84300
20240228,14:22:18,7.65,50,84300
20240228,14:22:25,7.75,50,84300
20240228,14:22:32,7.8,50,84300
20240228,14:22:40,7.75,50,84300
20240228,14:23:23,7.65,300,84300
20240228,14:23:31,7.7,1200,84300
20240228,14:23:38,7.7,150,84300
20240228,14:24:00,7.7,100,84300
20240228,14:24:21,7.55,200,84300
20240228,14:24:29,7.65,250,84300
20240228,14:24:59,7.6,50,84300
20240228,14:25:06,7.5,400,84300
20240228,14:25:22,7.45,850,84300
20240228,14:25:30,7.5,50,84300
20240228,14:27:18,7.4,200,84250
20240228,14:28:04,7.35,50,84250
20240228,14:28:19,7.25,200,84250
20240228,14:30:25,7.1,50,84050
20240228,14:30:47,7.15,250,84050
20240228,14:31:15,7.2,50,84050
20240228,14:31:30,7.25,50,84050
20240228,14:31:44,7.3,50,84050
20240228,14:31:58,7.3,250,84050
20240228,14:32:42,7.65,50,84050
20240228,14:32:51,7.9,450,84050
20240228,14:32:59,8.0,250,84050
20240228,14:33:14,7.8,650,84050
20240228,14:33:22,8.1,100,84050
20240228,14:33:29,8.2,250,84050
20240228,14:33:35,8.35,150,84050
20240228,14:33:43,8.6,1050,84050
20240228,14:33:58,8.5,200,84050
20240228,14:34:05,8.75,500,84050
20240228,14:34:12,8.5,300,84050
20240228,14:34:19,8.7,400,84050
20240228,14:34:26,8.7,300,84050
20240228,14:34:32,8.75,500,84050
20240228,14:34:39,8.65,50,84050
20240228,14:34:45,8.85,200,84050
20240228,14:34:58,8.85,100,84000
20240228,14:35:11,8.85,50,84000
20240228,14:35:24,8.65,350,84000
20240228,14:35:31,8.4,150,84000
20240228,14:35:38,8.4,550,84000
20240228,14:35:45,8.45,200,84000
20240228,14:35:53,8.55,250,84000
20240228,14:36:00,8.4,100,84000
20240228,14:36:52,8.65,100,84000
20240228,14:36:59,8.65,400,84000
20240228,14:37:11,8.5,50,84000
20240228,14:37:17,8.5,50,84000
20240228,14:37:59,8.55,50,84000
20240228,14:39:06,9.2,850,84000
20240228,14:39:31,8.95,350,84000
20240228,14:39:56,8.85,450,84000
20240228,14:40:09,8.7,250,84000
20240228,14:40:21,8.65,50,84000
20240228,14:40:27,8.6,300,84000
20240228,14:40:34,8.65,250,84000
20240228,14:41:52,9.0,250,84000
20240228,14:42:20,8.95,100,84000
20240228,14:42:54,8.9,1050,84000
20240228,14:42:59,8.85,250,84000
20240228,14:43:04,8.75,1900,84000
20240228,14:43:10,8.75,1800,84000
20240228,14:43:15,8.9,1000,84000
20240228,14:43:22,9.3,650,84000
20240228,14:43:29,9.15,350,84000
20240228,14:43:36,9.2,250,84000
20240228,14:43:43,9.1,350,84000
20240228,14:43:55,9.35,50,88200
20240228,14:44:08,9.4,550,88200
20240228,14:44:19,9.15,50,88200
20240228,14:44:32,8.9,250,88200
20240228,14:44:38,9.0,100,88200
20240228,14:44:51,9.15,50,88200
20240228,14:45:09,8.95,50,88200
20240228,14:45:15,9.05,300,88200
20240228,14:45:21,8.75,100,88200
20240228,14:45:34,8.75,200,88200
20240228,14:45:40,8.65,250,88200
20240228,14:45:46,8.75,200,88200
20240228,14:45:58,8.7,750,88200
20240228,14:46:04,8.65,50,88200
20240228,14:46:21,8.5,300,88200
20240228,14:46:27,8.5,1000,88200
20240228,14:46:33,8.3,1000,88200
20240228,14:46:46,8.3,1100,88200
20240228,14:47:03,8.25,1150,88250
20240228,14:47:10,8.2,1450,88250
20240228,14:47:22,8.05,700,88250
20240228,14:47:29,8.2,1100,88250
20240228,14:47:36,8.05,5350,88250
20240228,14:47:42,7.85,1650,88250
20240228,14:47:49,7.9,2850,88250
20240228,14:47:56,7.85,1600,88250
20240228,14:48:03,7.7,300,88250
20240228,14:48:11,7.75,1550,88250
20240228,14:48:18,7.75,50,88250
20240228,14:48:24,7.75,1800,88250
20240228,14:48:38,7.5,100,88250
20240228,14:48:45,7.4,1700,88250
20240228,14:48:53,7.2,400,88250
20240228,14:49:01,7.2,100,88250
20240228,14:49:08,7.15,50,88250
20240228,14:49:15,7.2,500,88250
20240228,14:49:22,7.15,400,88250
20240228,14:49:29,7.2,350,88250
20240228,14:49:35,7.45,350,88250
20240228,14:49:41,7.3,800,88250
20240228,14:49:54,7.4,500,88650
20240228,14:50:05,7.4,250,88650
20240228,14:50:12,7.3,250,88650
20240228,14:50:18,7.5,750,88650
20240228,14:50:49,7.65,50,88650
20240228,14:52:04,7.6,1200,88650
20240228,14:52:10,7.6,1200,88650
20240228,14:52:16,7.4,1250,88650
20240228,14:52:24,7.3,50,88650
20240228,14:52:38,7.45,600,88650
20240228,14:52:44,7.45,150,88650
20240228,14:52:57,7.6,50,91900
20240228,14:53:04,7.8,1100,91900
20240228,14:53:09,7.7,1700,91900
20240228,14:53:14,7.9,1000,91900
20240228,14:53:20,7.9,400,91900
20240228,14:53:26,7.95,2550,91900
20240228,14:53:31,7.95,800,91900
20240228,14:53:37,8.25,2600,91900
20240228,14:53:43,8.35,1350,91900
20240228,14:53:49,8.4,2400,91900
20240228,14:53:54,8.35,1900,91900
20240228,14:54:04,8.25,50,91900
20240228,14:54:09,8.25,1700,91900
20240228,14:54:14,8.1,1200,91900
20240228,14:54:30,8.3,100,91900
20240228,14:54:35,8.3,250,91900
20240228,14:54:40,8.2,850,91900
20240228,14:54:45,8.1,1600,91900
20240228,14:54:50,8.0,1050,91900
20240228,14:55:07,8.2,250,91900
20240228,14:55:27,8.4,350,91900
20240228,14:55:37,8.3,1450,91900
20240228,14:55:42,8.25,150,91900
20240228,14:56:03,8.4,850,107200
20240228,14:56:15,8.45,550,107200
20240228,14:56:25,8.35,3350,107200
20240228,14:56:30,8.25,250,107200
20240228,14:56:35,8.15,1900,107200
20240228,14:56:47,8.5,950,107200
20240228,14:56:53,8.6,1800,107200
20240228,14:56:58,8.4,2450,107200
20240228,14:57:04,8.3,1700,107200
20240228,14:57:15,8.4,150,107200
20240228,14:57:21,8.4,50,107200
20240228,14:57:26,8.4,1100,107200
20240228,14:57:43,8.55,300,107200
20240228,14:57:55,8.6,400,107200
20240228,14:58:07,8.7,1700,107200
20240228,14:58:12,8.75,1200,107200
20240228,14:58:18,8.7,2700,107200
20240228,14:58:24,8.85,800,107200
20240228,14:58:35,8.75,500,107200
20240228,14:58:41,8.6,1950,107200
20240228,14:58:47,8.6,200,107200
20240228,14:58:53,8.55,700,117000
20240228,14:58:59,8.6,300,117000
20240228,14:59:15,8.35,500,117000
20240228,14:59:21,8.55,50,117000
20240228,14:59:27,8.6,500,117000
20240228,14:59:40,8.75,100,117000
20240228,14:59:47,8.65,800,117000
20240228,15:00:00,8.7,1250,117000
20240228,15:00:06,8.85,350,117000
20240228,15:00:13,8.9,950,117000
20240228,15:00:32,8.7,250,117000
20240228,15:00:39,8.7,150,117000
20240228,15:00:51,8.4,200,117000
20240228,15:01:09,8.2,50,117000
20240228,15:01:15,8.3,650,117000
20240228,15:01:27,8.35,350,117000
20240228,15:01:44,8.35,450,117000
20240228,15:01:56,8.0,600,118350
20240228,15:02:03,7.9,250,118350
20240228,15:02:09,8.05,50,118350
20240228,15:02:14,8.0,400,118350
20240228,15:02:20,8.25,200,118350
20240228,15:02:37,8.35,100,118350
20240228,15:02:59,8.05,2700,118350
20240228,15:03:27,7.9,150,118350
20240228,15:03:33,8.05,50,118350
20240228,15:03:38,8.05,50,118350
20240228,15:03:43,8.05,50,118350
20240228,15:03:48,8.05,50,118350
20240228,15:03:57,8.1,50,118350
20240228,15:04:02,8.0,550,118350
20240228,15:04:08,8.0,650,118350
20240228,15:04:34,8.05,500,118350
20240228,15:05:10,8.05,300,116850
20240228,15:05:15,8.1,500,116850
20240228,15:05:44,8.05,350,116850
20240228,15:05:54,8.0,400,116850
20240228,15:06:05,7.95,300,116850
20240228,15:06:10,8.0,150,116850
20240228,15:06:26,8.1,50,116850
20240228,15:06:32,8.05,50,116850
20240228,15:07:07,7.85,500,116850
20240228,15:07:45,7.75,50,116850
20240228,15:07:50,7.8,50,116850
20240228,15:08:05,7.9,100,116500
20240228,15:08:29,8.45,50,116500
20240228,15:08:54,8.9,1300,116500
20240228,15:09:00,8.9,250,116500
20240228,15:09:13,8.85,50,116500
20240228,15:09:43,9.05,250,116500
20240228,15:09:48,9.0,100,116500
20240228,15:09:54,9.0,50,116500
20240228,15:10:00,9.25,1100,116500
20240228,15:10:06,9.35,350,116500
20240228,15:10:13,9.5,300,116500
20240228,15:10:19,9.65,300,116500
20240228,15:10:33,9.6,1100,116500
20240228,15:10:47,9.3,400,116500
20240228,15:10:54,9.4,100,116100
20240228,15:11:00,9.6,1500,116100
20240228,15:11:15,10.0,150,116100
20240228,15:11:22,9.75,250,116100
20240228,15:11:29,9.85,50,116100
20240228,15:11:35,9.85,200,116100
20240228,15:11:41,9.75,350,116100
20240228,15:11:48,9.75,100,116100
20240228,15:12:02,10.05,200,116100
20240228,15:12:15,9.75,1250,116100
20240228,15:12:22,9.85,500,116100
20240228,15:12:29,9.7,250,116100
20240228,15:12:36,9.75,100,116100
20240228,15:13:03,9.9,50,116100
20240228,15:13:10,9.9,4800,116100
20240228,15:13:17,9.9,750,116100
20240228,15:13:23,10.05,100,116100
20240228,15:13:30,10.1,50,116100
20240228,15:13:37,9.9,2650,116100
20240228,15:13:58,9.9,1300,112050
20240228,15:14:05,9.85,550,112050
20240228,15:14:12,9.9,600,112050
20240228,15:14:19,9.8,50,112050
20240228,15:14:33,9.65,50,112050
20240228,15:15:01,9.4,50,112050
20240228,15:15:08,9.4,150,112050
20240228,15:15:15,9.6,50,112050
20240228,15:15:22,9.6,650,112050
