date,time,tick_price,volume,open_interest
20240101,15:08:11,377.7,100,100
20240101,15:21:18,444.85,100,100
20240102,09:40:19,437.05,1,100
20240102,09:40:19,437.05,950,100
20240102,09:56:57,478.45,500,950
20240102,10:00:02,501.2,500,1450
20240102,10:15:07,501.2,50,1950
20240102,10:23:55,509.0,450,1900
20240102,10:30:57,529.95,50,2350
20240102,10:36:53,549.4,50,2400
20240102,11:02:05,549.4,50,2450
20240103,10:04:29,554.8,1,2500
20240103,10:04:29,554.8,50,2500
20240105,09:15:08,442.05,1,2450
20240105,09:15:08,442.05,100,2450
20240105,09:49:23,424.5,50,2550
20240105,14:09:09,424.5,50,2600
20240105,14:11:14,486.95,50,2600
20240105,14:53:10,434.85,50,2650
20240105,14:58:30,437.8,50,2650
20240105,15:04:44,415.65,50,2650
20240105,15:05:53,413.25,50,2650
20240108,09:23:41,418.0,1,2600
20240108,09:23:41,418.0,50,2600
20240108,09:37:51,457.8,50,2650
20240108,09:40:07,467.95,50,2650
20240108,09:41:12,486.4,50,2650
20240108,09:50:25,499.05,50,2650
20240108,10:50:00,499.05,650,2650
20240108,10:57:29,507.15,100,2650
20240108,10:57:39,507.15,100,2650
20240108,10:58:05,505.3,100,2650
20240108,10:58:55,502.9,100,2650
20240108,10:59:14,506.35,100,2650
20240108,11:00:17,506.35,100,3150
20240108,11:00:19,506.35,550,3150
20240108,11:08:36,535.5,50,3000
20240108,11:52:54,535.5,50,2950
20240108,11:55:28,569.9,50,2950
20240108,12:06:30,571.2,50,3000
20240108,15:09:03,602.0,50,3050
20240109,09:52:17,522.9,1,3000
20240109,09:52:17,522.9,50,3000
20240109,09:59:16,508.0,50,3000
20240109,09:59:59,506.3,50,3000
20240109,10:21:47,457.95,50,2950
20240109,10:22:16,450.1,50,2950
20240109,10:27:25,450.1,50,2950
20240109,10:28:35,460.55,50,2950
20240109,10:59:55,448.1,50,2900
20240109,11:20:04,448.1,50,2850
20240109,14:00:49,453.6,50,2850
20240109,14:29:01,553.9,50,2850
20240109,14:31:22,560.0,50,2950
20240109,15:27:57,574.5,50,2950
20240110,13:38:24,650.0,1,2900
20240110,13:38:24,650.0,50,2900
20240110,13:43:20,640.0,50,2850
20240110,14:40:22,536.0,50,2900
20240110,14:43:42,536.0,50,2900
20240111,09:15:57,438.6,1,2950
20240111,09:15:57,443.75,1,2950
20240111,09:15:57,442.15,300,2950
20240111,09:15:58,438.6,300,2950
20240111,09:16:00,441.7,300,2950
20240111,09:16:01,440.65,350,2950
20240111,09:16:03,436.9,300,2950
20240111,09:16:04,442.05,150,2950
20240111,09:16:06,439.85,50,2950
20240111,09:16:07,438.6,100,2950
20240111,09:16:10,438.55,300,2950
20240111,09:16:12,439.7,150,2950
20240111,09:16:13,442.9,350,2950
20240111,09:16:15,441.95,600,2950
20240111,09:16:16,441.0,200,2950
20240111,09:16:18,439.25,600,2950
20240111,09:16:19,440.15,100,2950
20240111,09:16:21,440.85,250,2950
20240111,09:16:22,440.5,150,2950
20240111,09:16:24,440.15,350,2950
20240111,09:16:25,437.65,100,2950
20240111,09:16:27,437.9,200,2950
20240111,09:16:28,439.45,50,2950
20240111,09:16:30,437.75,200,2950
20240111,09:16:31,440.9,150,2950
20240111,09:16:33,440.15,300,2950
20240111,09:16:57,439.2,250,2950
20240111,09:17:29,441.5,100,3250
20240111,09:17:30,441.4,100,3250
20240111,09:17:33,443.85,100,3250
20240111,09:17:35,441.55,50,3250
20240111,09:17:36,441.1,100,3250
20240111,09:17:38,442.1,50,3250
20240111,09:17:39,440.25,150,3250
20240111,09:17:40,440.45,100,3250
20240111,09:17:42,439.95,200,3250
20240111,09:17:43,441.55,200,3250
20240111,09:17:45,439.95,200,3250
20240111,09:17:46,440.75,200,3250
20240111,09:17:48,441.7,150,3250
20240111,09:17:49,440.75,150,3250
20240111,09:17:51,439.45,100,3250
20240111,09:18:49,441.15,50,3250
20240111,09:18:50,441.1,100,3250
20240111,09:18:52,438.65,50,3250
20240111,09:18:54,440.35,150,3250
20240111,09:18:55,439.3,100,3250
20240111,09:18:57,440.8,150,3250
20240111,09:18:59,438.75,150,3250
20240111,09:20:23,437.35,150,3250
20240111,09:20:25,435.1,100,3250
20240111,09:20:27,437.0,50,3250
20240111,09:20:52,438.4,100,3350
20240111,09:21:02,439.1,50,3350
20240111,09:26:09,441.65,50,3450
20240111,09:27:44,435.65,50,3500
20240111,09:31:12,448.4,100,3500
20240111,09:31:18,448.4,50,3550
20240111,09:31:21,443.4,100,3550
20240111,09:33:50,455.4,100,3800
20240111,09:42:11,472.5,50,3900
20240111,09:42:13,472.5,50,3900
20240111,09:43:08,467.65,150,3900
20240111,09:43:09,465.15,50,3900
20240111,09:43:45,460.2,50,3900
20240111,09:44:55,467.0,50,4050
20240111,09:45:26,466.95,50,4050
20240111,09:58:48,475.3,50,4050
20240111,10:04:05,478.8,50,4100
20240111,10:07:52,479.25,50,4050
20240111,10:09:29,479.25,50,4100
20240111,10:11:25,479.8,300,4100
20240111,10:30:12,482.55,50,4350
20240111,10:31:50,495.45,50,4350
20240111,10:32:18,498.1,150,4350
20240111,10:33:32,498.1,50,4350
20240111,10:41:43,482.1,50,4350
20240111,10:54:37,496.85,50,4300
20240111,10:55:07,509.7,50,4300
20240111,10:55:33,509.7,100,4300
20240111,10:55:35,501.55,50,4300
20240111,11:50:35,495.0,100,4150
20240111,11:56:06,485.35,50,4150
20240111,12:02:13,490.65,50,4150
20240111,12:03:21,492.9,50,4150
20240111,12:11:03,487.9,50,4150
20240111,12:16:37,501.05,100,4150
20240111,12:21:02,488.2,50,4250
20240111,12:24:40,488.65,50,4200
20240111,12:31:40,480.0,50,4250
20240111,12:33:21,481.0,50,4300
20240111,12:36:52,478.95,50,4300
20240111,12:44:03,480.35,50,4250
20240111,12:45:12,479.0,50,4300
20240111,12:48:02,480.8,50,4350
20240111,12:49:19,483.55,50,4350
20240111,13:16:33,476.0,50,4350
20240111,13:30:08,489.4,50,4400
20240111,13:32:25,489.45,50,4400
20240111,13:36:29,492.35,50,4400
20240111,13:37:50,489.35,50,4400
20240111,13:46:24,490.0,50,4350
20240111,13:47:27,488.3,50,4350
20240111,13:49:50,489.1,50,4350
20240111,14:06:11,487.1,50,4350
20240111,14:14:05,528.35,50,4350
20240111,14:15:09,540.1,50,4350
20240111,14:15:24,540.1,50,4350
20240111,14:16:51,537.4,50,4350
20240111,14:17:09,535.8,100,4350
20240111,14:18:06,550.0,50,4350
20240111,14:18:42,550.0,50,4350
20240111,14:21:58,530.0,50,4350
20240111,14:29:07,491.25,50,4350
20240111,14:29:19,491.9,300,4350
20240111,14:36:50,513.5,50,4150
20240111,14:37:38,510.3,50,4150
20240111,14:38:18,503.0,50,4150
20240111,14:48:52,498.05,100,4150
20240111,14:58:27,492.0,550,4150
20240111,14:59:08,485.0,500,4150
20240111,15:00:13,490.0,500,4150
20240111,15:00:48,501.0,500,5550
20240111,15:02:55,506.65,50,5550
20240111,15:07:16,511.25,50,5950
20240111,15:15:44,503.45,50,6000
20240111,15:24:55,503.35,1650,6000
20240111,15:25:00,500.8,1650,6000
20240111,15:25:12,499.9,150,6000
20240111,15:27:46,504.9,50,8500
20240111,15:29:12,500.0,50,8500
20240112,09:16:15,424.55,1,8550
20240112,09:16:15,424.55,50,8550
20240112,09:17:20,422.8,500,8600
20240112,09:17:26,422.8,100,8600
20240112,09:17:27,428.35,50,8600
20240112,09:19:31,428.35,50,8600
20240112,09:20:01,421.15,100,8600
20240112,09:20:45,410.65,100,9100
20240112,09:20:47,410.65,150,9100
20240112,09:21:20,412.95,50,9100
20240112,09:21:52,415.2,100,9100
20240112,09:22:03,415.1,200,9100
20240112,09:22:35,418.0,150,9100
20240112,09:23:56,408.3,50,9150
20240112,09:25:21,408.3,50,9150
20240112,09:26:16,412.8,50,9150
20240112,09:26:17,412.85,50,9150
20240112,09:26:23,413.5,50,9300
20240112,09:27:11,405.75,100,9300
20240112,09:27:20,405.75,50,9300
20240112,09:29:51,402.7,50,9400
20240112,09:30:21,402.4,50,9400
20240112,09:30:45,400.65,100,9400
20240112,09:30:46,400.65,50,9400
20240112,09:30:53,400.35,50,9400
20240112,09:30:58,399.0,50,9400
20240112,09:31:25,397.05,50,9400
20240112,09:31:27,395.8,300,9400
20240112,09:31:28,395.8,150,9400
20240112,09:31:36,399.95,100,9400
20240112,09:31:48,400.25,200,9400
20240112,09:32:06,401.85,50,9400
20240112,09:32:18,402.85,50,9400
20240112,09:32:29,403.6,50,9150
20240112,09:32:35,404.2,50,9150
20240112,09:32:42,403.0,50,9150
20240112,09:32:48,404.2,50,9150
20240112,09:33:00,406.05,50,9150
20240112,09:33:04,408.6,50,9150
20240112,09:33:05,409.35,50,9150
20240112,09:33:07,409.75,50,9150
20240112,09:33:11,409.3,50,9150
20240112,09:33:16,407.6,100,9150
20240112,09:33:19,407.7,50,9150
20240112,09:33:39,407.7,50,9150
20240112,09:33:50,410.0,200,9150
20240112,09:33:53,412.3,50,9150
20240112,09:33:57,412.55,250,9150
20240112,09:34:00,413.0,50,9150
20240112,09:34:02,413.9,50,9150
20240112,09:34:03,413.0,50,9150
20240112,09:34:06,412.25,50,9150
20240112,09:34:32,409.4,50,9150
20240112,09:34:46,411.05,50,9150
20240112,09:34:57,409.95,100,9150
20240112,09:35:07,408.75,50,9150
20240112,09:35:11,409.2,50,9150
20240112,09:35:22,407.0,50,9750
20240112,09:35:25,408.25,50,9750
20240112,09:35:29,407.05,50,9750
20240112,09:35:33,405.8,300,9750
20240112,09:35:51,411.0,50,9750
20240112,09:35:58,411.0,50,9750
20240112,09:36:01,409.75,50,9750
20240112,09:36:05,411.35,50,9750
20240112,09:36:07,411.85,50,9750
20240112,09:36:33,414.5,100,9750
20240112,09:36:36,413.5,50,9750
20240112,09:36:40,415.05,50,9750
20240112,09:36:44,415.85,100,9750
20240112,09:36:45,416.45,50,9750
20240112,09:36:47,416.0,50,9750
20240112,09:36:49,415.6,50,9750
20240112,09:36:54,414.35,50,9750
20240112,09:37:22,414.85,50,9750
20240112,09:37:37,413.1,50,9750
20240112,09:37:55,420.0,50,9750
20240112,09:38:00,418.3,50,9750
20240112,09:38:11,420.15,50,9750
20240112,09:38:17,419.55,50,9750
20240112,09:38:18,419.05,50,9750
20240112,09:38:32,417.75,50,9950
20240112,09:38:36,415.15,50,9950
20240112,09:39:21,416.25,50,9950
20240112,09:39:39,414.95,100,9950
20240112,09:40:03,413.6,100,9950
20240112,09:40:04,416.0,100,9950
20240112,09:40:47,409.95,50,9950
20240112,09:41:11,409.85,50,9950
20240112,09:44:01,400.0,150,9800
20240112,09:44:02,399.2,50,9800
20240112,09:44:05,401.25,50,9800
20240112,09:44:17,399.55,50,9800
20240112,09:44:22,398.4,100,9800
20240112,09:44:28,400.2,50,9550
20240112,09:45:40,399.3,1800,9550
20240112,09:45:41,399.0,1800,9550
20240112,09:45:44,398.9,50,9550
20240112,09:45:55,399.1,50,9550
20240112,09:46:11,394.8,100,9550
20240112,09:46:13,394.8,50,9550
20240112,09:46:30,397.15,50,9550
20240112,09:48:39,401.4,1800,9600
20240112,09:48:41,403.7,50,9600
20240112,09:49:35,402.95,50,9600
20240112,09:49:42,400.7,1800,9600
20240112,09:49:49,400.65,50,9600
20240112,09:50:00,401.25,100,9600
20240112,09:50:04,400.55,100,9600
20240112,09:52:17,406.0,50,11400
20240112,09:52:40,396.65,50,11400
20240112,09:52:51,399.1,50,11400
20240112,09:53:37,402.2,50,11350
20240112,09:55:13,395.3,50,11350
20240112,09:57:49,393.5,50,11350
20240112,09:57:56,391.4,50,11350
20240112,09:58:44,391.35,1800,11350
20240112,09:59:08,390.1,50,11350
20240112,09:59:48,390.1,1800,12500
20240112,09:59:49,390.6,1800,12500
20240112,09:59:54,389.55,3600,12500
20240112,09:59:55,389.55,1800,12500
20240112,10:00:05,388.65,50,12500
20240112,10:00:16,387.3,50,12500
20240112,10:00:27,387.3,200,12500
20240112,10:00:29,389.75,50,12500
20240112,10:02:06,385.9,50,12500
20240112,10:02:50,384.5,50,21800
20240112,10:03:25,378.7,250,21800
20240112,10:03:26,378.7,50,21800
20240112,10:03:40,379.1,50,21800
20240112,10:03:48,379.65,50,21800
20240112,10:03:54,376.95,50,21800
20240112,10:04:25,372.7,100,21800
20240112,10:04:29,370.25,100,21800
20240112,10:05:02,364.5,50,21800
20240112,10:05:06,361.95,50,21800
20240112,10:05:07,361.3,50,21800
20240112,10:05:13,361.3,100,21800
20240112,10:05:16,363.15,200,21800
20240112,10:05:18,360.0,50,21800
20240112,10:05:19,360.0,100,21800
20240112,10:05:26,362.2,50,22150
20240112,10:05:32,368.6,50,22150
20240112,10:06:07,356.3,50,22150
20240112,10:06:24,351.8,50,22150
20240112,10:06:55,351.8,250,22150
20240112,10:07:12,351.8,100,22150
20240112,10:07:13,351.8,100,22150
20240112,10:07:19,351.8,50,22150
20240112,10:07:25,351.8,50,22150
20240112,10:07:28,351.8,50,22150
20240112,10:07:54,350.0,250,22150
20240112,10:08:19,350.0,50,22150
20240112,10:08:25,351.9,150,22150
20240112,10:08:31,350.8,50,22700
20240112,10:08:47,351.0,50,22700
20240112,10:08:48,352.7,50,22700
20240112,10:08:57,350.9,50,22700
20240112,10:09:09,348.25,50,22700
20240112,10:09:24,346.3,400,22700
20240112,10:09:29,342.2,50,22700
20240112,10:09:37,341.45,50,22700
20240112,10:09:47,341.45,50,22700
20240112,10:10:01,341.85,100,22700
20240112,10:10:07,343.6,50,22700
20240112,10:10:11,345.15,800,22700
20240112,10:10:15,349.05,150,22700
20240112,10:10:17,346.55,50,22700
20240112,10:10:19,346.35,400,22700
20240112,10:10:23,341.45,150,22700
20240112,10:10:27,341.1,50,22700
20240112,10:10:34,341.1,500,22700
20240112,10:10:40,346.4,300,22700
20240112,10:10:43,346.5,50,22700
20240112,10:11:09,348.05,50,22700
20240112,10:11:12,348.85,50,22700
20240112,10:11:26,344.8,50,22700
20240112,10:12:05,344.8,1050,24300
20240112,10:12:15,348.3,450,24300
20240112,10:12:35,352.5,50,24300
20240112,10:12:50,350.9,50,24300
20240112,10:13:13,350.9,50,24300
20240112,10:13:29,349.0,100,24300
20240112,10:13:29,349.0,150,24300
20240112,10:14:26,351.9,250,24300
20240112,10:14:56,348.1,50,24300
20240112,10:15:24,348.1,50,25300
20240112,10:15:49,348.0,50,25300
20240112,10:15:53,347.25,50,25300
20240112,10:16:01,347.25,50,25300
20240112,10:16:37,345.85,350,25300
20240112,10:19:32,350.0,50,25300
20240112,10:20:12,353.35,50,25300
20240112,10:20:24,350.0,50,25300
20240112,10:20:47,345.15,100,25250
20240112,10:21:16,342.65,250,25250
20240112,10:21:21,342.7,100,25250
20240112,10:21:56,349.1,50,25250
20240112,10:22:31,351.25,50,25250
20240112,10:22:41,349.5,50,25250
20240112,10:23:50,350.5,50,25200
20240112,10:24:00,347.6,50,25200
20240112,10:24:46,347.2,50,25200
20240112,10:24:49,346.5,50,25200
20240112,10:25:09,347.15,1050,25200
20240112,10:25:45,343.85,50,25200
20240112,10:26:08,340.0,200,25200
20240112,10:26:09,338.15,200,25200
20240112,10:26:17,336.8,50,25200
20240112,10:26:31,336.8,50,26200
20240112,10:26:33,334.95,250,26200
20240112,10:26:51,335.0,50,26200
20240112,10:27:04,332.0,50,26200
20240112,10:27:12,332.0,50,26200
20240112,10:27:23,329.25,50,26200
20240112,10:27:26,329.25,50,26200
20240112,10:27:44,328.55,150,26200
20240112,10:27:54,327.7,50,26200
20240112,10:27:59,327.7,300,26200
20240112,10:28:06,328.05,50,26200
20240112,10:28:16,324.95,50,26200
20240112,10:28:17,324.95,50,26200
20240112,10:28:21,327.8,50,26200
20240112,10:28:22,326.75,50,26200
20240112,10:28:32,323.7,50,26200
20240112,10:28:35,323.7,50,26200
20240112,10:28:58,327.4,100,26200
20240112,10:29:38,331.3,50,27100
20240112,10:29:41,331.55,100,27100
20240112,10:29:55,335.4,200,27100
20240112,10:29:56,335.4,50,27100
20240112,10:30:12,335.0,1000,27100
20240112,10:30:14,334.25,100,27100
20240112,10:30:16,332.4,50,27100
20240112,10:30:24,334.75,50,27100
20240112,10:30:30,338.0,50,27100
20240112,10:30:38,340.35,450,27100
20240112,10:30:41,341.25,400,27100
20240112,10:31:01,337.1,50,27100
20240112,10:31:25,337.7,1500,27100
20240112,10:31:27,335.0,100,27100
20240112,10:31:29,334.6,50,27100
20240112,10:31:35,337.5,50,27100
20240112,10:31:39,336.0,50,27100
20240112,10:32:22,343.0,800,27100
20240112,10:32:28,342.75,50,27100
20240112,10:32:31,342.75,50,29750
20240112,10:32:33,343.25,50,29750
20240112,10:32:39,345.0,500,29750
20240112,10:32:54,347.05,150,29750
20240112,10:33:11,340.0,50,29750
20240112,10:33:45,339.7,50,29750
20240112,10:34:15,340.7,50,29750
20240112,10:34:25,342.45,50,29750
20240112,10:34:29,342.85,50,29750
20240112,10:34:35,342.45,50,29750
20240112,10:34:43,342.45,50,29750
20240112,10:36:15,336.6,50,30150
20240112,10:37:20,333.7,100,30150
20240112,10:37:26,330.0,50,30150
20240112,10:38:38,334.95,50,30250
20240112,10:39:03,334.15,50,30250
20240112,10:39:24,332.9,50,30250
20240112,10:39:51,329.0,50,30250
20240112,10:39:58,329.55,100,30250
20240112,10:40:14,326.0,50,30250
20240112,10:40:23,325.0,150,30250
20240112,10:40:24,325.0,50,30250
20240112,10:40:25,325.0,100,30250
20240112,10:40:26,325.0,100,30250
20240112,10:40:33,325.1,150,30250
20240112,10:40:42,323.9,150,30250
20240112,10:40:44,323.25,550,30250
20240112,10:40:45,324.1,550,30250
20240112,10:40:46,322.0,1100,30250
20240112,10:40:47,321.85,600,30250
20240112,10:40:52,321.15,550,30250
20240112,10:40:55,319.65,150,30250
20240112,10:41:00,318.4,50,30250
20240112,10:41:04,317.05,100,30250
20240112,10:41:08,317.05,50,30250
20240112,10:41:35,321.05,100,30900
20240112,10:41:40,322.55,50,30900
20240112,10:41:41,322.95,150,30900
20240112,10:41:44,323.85,50,30900
20240112,10:42:13,328.15,1000,30900
20240112,10:42:19,331.7,250,30900
20240112,10:42:24,331.3,50,30900
20240112,10:42:28,328.85,50,30900
20240112,10:42:40,332.25,50,30900
20240112,10:42:42,332.85,50,30900
20240112,10:43:29,332.8,50,30900
20240112,10:44:09,328.9,50,30900
20240112,10:44:39,327.45,50,31350
20240112,10:45:33,329.9,50,31350
20240112,10:46:31,325.0,50,31350
20240112,10:46:33,325.9,50,31350
20240112,10:46:57,325.0,1350,31350
20240112,10:46:59,323.85,200,31350
20240112,10:47:00,324.5,100,31350
20240112,10:47:23,323.55,200,31350
20240112,10:47:26,320.0,250,31350
20240112,10:47:27,320.25,150,31350
20240112,10:47:30,320.0,100,31350
20240112,10:47:32,320.0,50,32000
20240112,10:47:36,321.4,50,32000
20240112,10:47:41,322.5,50,32000
20240112,10:47:48,321.95,50,32000
20240112,10:47:53,324.4,50,32000
20240112,10:48:15,326.55,50,32000
20240112,10:49:06,324.4,50,32000
20240112,10:49:15,325.7,50,32000
20240112,10:49:27,324.2,50,32000
20240112,10:49:49,326.15,50,32000
20240112,10:49:59,328.0,50,32000
20240112,10:50:08,328.0,200,32000
20240112,10:50:29,322.95,150,32000
20240112,10:50:39,322.7,150,32100
20240112,10:50:47,323.3,50,32100
20240112,10:51:13,324.95,50,32100
20240112,10:51:14,323.95,50,32100
20240112,10:51:44,320.0,850,32100
20240112,10:51:55,320.45,50,32100
20240112,10:52:47,324.1,700,32100
20240112,10:52:57,328.05,50,32100
20240112,10:54:41,332.55,150,33000
20240112,10:56:23,326.45,50,33000
20240112,10:57:14,324.7,50,32950
20240112,10:59:00,320.0,50,32950
20240112,10:59:03,320.0,100,32950
20240112,10:59:04,320.25,100,32950
20240112,10:59:19,320.25,50,32950
20240112,11:00:00,321.0,50,33250
20240112,11:00:08,318.45,50,33250
20240112,11:00:10,316.15,50,33250
20240112,11:00:15,315.0,100,33250
20240112,11:00:18,313.2,50,33250
20240112,11:00:20,313.2,50,33250
20240112,11:00:22,313.2,50,33250
20240112,11:00:24,315.0,50,33250
20240112,11:00:28,315.6,50,33250
20240112,11:00:35,312.3,50,33250
20240112,11:00:38,312.3,50,33250
20240112,11:00:48,310.85,50,33250
20240112,11:00:50,310.0,50,33250
20240112,11:00:59,310.0,250,33250
20240112,11:01:05,309.9,450,33250
20240112,11:01:09,309.15,50,33250
20240112,11:01:11,309.15,100,33250
20240112,11:01:12,309.55,100,33250
20240112,11:01:13,310.75,200,33250
20240112,11:01:14,311.45,100,33250
20240112,11:01:30,316.5,100,33250
20240112,11:01:34,320.3,200,33250
20240112,11:01:54,320.25,100,33250
20240112,11:02:27,323.45,50,33250
20240112,11:02:38,320.25,50,34300
20240112,11:02:39,321.4,100,34300
20240112,11:02:45,325.0,50,34300
20240112,11:02:46,325.9,50,34300
20240112,11:03:18,319.75,50,34300
20240112,11:03:51,324.6,50,34300
20240112,11:03:59,323.4,100,34300
20240112,11:04:40,328.6,50,34300
20240112,11:06:27,327.85,200,34350
20240112,11:07:22,333.0,150,34350
20240112,11:07:31,332.85,50,34350
20240112,11:07:33,333.05,50,34350
20240112,11:07:34,332.6,200,34350
20240112,11:08:08,335.65,50,34350
20240112,11:08:46,335.0,100,34300
20240112,11:09:26,335.0,500,34300
20240112,11:09:37,331.7,100,34300
20240112,11:09:38,331.9,50,34300
20240112,11:10:31,333.95,50,34300
20240112,11:10:58,331.5,50,34300
20240112,11:13:33,331.65,50,34350
20240112,11:14:00,333.4,1800,34350
20240112,11:14:49,335.95,1800,36150
20240112,11:16:06,330.0,350,36150
20240112,11:17:56,330.2,150,38000
20240112,11:18:29,328.0,50,38000
20240112,11:18:57,325.0,50,38000
20240112,11:20:27,325.45,50,38000
20240112,11:21:08,321.65,50,37850
20240112,11:21:44,320.15,50,37850
20240112,11:21:45,319.65,50,37850
20240112,11:21:50,321.8,50,37850
20240112,11:21:58,320.1,50,37850
20240112,11:22:02,320.8,200,37850
20240112,11:22:03,321.0,100,37850
20240112,11:22:12,324.65,50,37850
20240112,11:22:37,324.0,50,37850
20240112,11:22:41,326.55,50,37850
20240112,11:22:54,327.15,300,37850
20240112,11:23:19,328.1,500,37850
20240112,11:24:07,324.0,250,38250
20240112,11:26:15,325.8,100,38250
20240112,11:28:26,326.2,50,38300
20240112,11:29:59,320.0,50,38350
20240112,11:31:16,325.4,50,38350
20240112,11:32:10,330.9,50,38350
20240112,11:32:42,330.9,50,38450
20240112,11:34:02,330.8,50,38450
20240112,11:34:17,330.85,50,38450
20240112,11:34:55,329.2,50,38450
20240112,11:35:03,328.4,100,38450
20240112,11:35:10,325.85,50,38450
20240112,11:35:16,325.8,200,38450
20240112,11:36:42,324.3,300,38650
20240112,11:37:20,325.0,50,38650
20240112,11:37:55,327.5,100,38650
20240112,11:38:05,326.85,100,38650
20240112,11:38:08,326.8,300,38650
20240112,11:38:48,324.0,50,38750
20240112,11:39:16,323.0,50,38750
20240112,11:39:25,322.5,50,38750
20240112,11:39:55,322.1,50,38750
20240112,11:40:03,320.0,200,38750
20240112,11:40:43,323.7,50,38750
20240112,11:40:44,325.0,50,38750
20240112,11:42:36,322.75,50,39000
20240112,11:43:23,319.6,50,39000
20240112,11:43:35,319.0,500,39000
20240112,11:43:53,319.45,100,39000
20240112,11:44:19,316.7,300,39000
20240112,11:44:27,315.9,50,39000
20240112,11:44:43,318.75,50,39000
20240112,11:46:12,318.75,50,39000
20240112,11:46:27,318.8,250,39000
20240112,11:46:32,318.75,50,39000
20240112,11:47:10,319.2,50,39000
20240112,11:49:05,319.05,50,39350
20240112,11:49:06,318.05,150,39350
20240112,11:49:07,317.2,50,39350
20240112,11:50:29,317.2,50,39350
20240112,11:50:41,316.6,50,39300
20240112,11:51:01,316.05,100,39300
20240112,11:51:23,310.0,50,39300
20240112,11:52:51,318.05,50,39300
20240112,11:53:31,318.05,50,39300
20240112,11:53:37,319.8,100,39300
20240112,11:54:02,319.8,50,39400
20240112,11:54:54,320.5,50,39400
20240112,11:55:01,320.5,150,39400
20240112,11:55:46,321.95,50,39400
20240112,11:56:04,324.0,50,39400
20240112,11:57:01,320.4,50,39350
20240112,11:58:18,319.05,100,39350
20240112,11:59:12,316.65,100,39350
20240112,11:59:54,319.8,400,39350
20240112,11:59:59,320.2,50,39350
20240112,12:00:42,325.0,50,39350
20240112,12:01:03,326.55,150,39350
20240112,12:01:09,327.5,50,39350
20240112,12:01:27,329.0,50,39350
20240112,12:01:31,329.1,100,39350
20240112,12:02:32,332.05,250,39350
20240112,12:02:32,331.8,300,39350
20240112,12:02:40,331.0,50,39350
20240112,12:02:51,328.8,300,39450
20240112,12:02:53,328.65,50,39450
20240112,12:03:37,336.1,100,39450
20240112,12:03:39,337.0,50,39450
20240112,12:03:45,338.7,150,39450
20240112,12:03:59,339.65,250,39450
20240112,12:04:05,336.6,100,39450
20240112,12:04:14,337.05,50,39450
20240112,12:04:26,337.05,50,39450
20240112,12:04:37,334.5,100,39450
20240112,12:04:38,334.8,50,39450
20240112,12:04:39,334.55,50,39450
20240112,12:04:50,334.6,50,39450
20240112,12:05:01,334.6,50,39450
20240112,12:05:11,335.75,500,39450
20240112,12:05:16,337.95,50,39450
20240112,12:05:24,338.05,250,39450
20240112,12:05:34,336.55,50,39450
20240112,12:06:05,338.4,300,39150
20240112,12:06:06,337.95,500,39150
20240112,12:06:10,338.9,700,39150
20240112,12:06:14,341.25,100,39150
20240112,12:06:25,338.6,100,39150
20240112,12:06:45,339.15,150,39150
20240112,12:06:47,340.7,100,39150
20240112,12:06:56,341.85,50,39150
20240112,12:07:18,342.25,250,39150
20240112,12:07:27,339.0,50,39150
20240112,12:07:33,334.9,250,39150
20240112,12:07:35,335.35,50,39150
20240112,12:07:52,332.8,100,39150
20240112,12:08:05,331.05,100,39150
20240112,12:08:11,330.25,50,39150
20240112,12:08:58,330.05,50,39000
20240112,12:09:03,328.0,100,39000
20240112,12:09:36,334.65,100,39000
20240112,12:10:25,332.45,100,39000
20240112,12:10:36,330.25,50,39000
20240112,12:11:28,333.55,250,39000
20240112,12:12:20,337.25,150,39100
20240112,12:12:25,336.75,200,39100
20240112,12:13:27,330.0,50,39100
20240112,12:13:38,329.0,100,39100
20240112,12:13:42,328.0,450,39100
20240112,12:13:43,328.0,1050,39100
20240112,12:14:02,328.65,250,39100
20240112,12:14:19,330.75,100,39100
20240112,12:14:48,330.95,50,39450
20240112,12:15:01,331.0,50,39450
20240112,12:15:02,330.65,500,39450
20240112,12:17:53,329.35,50,39450
20240112,12:19:33,330.45,200,39400
20240112,12:19:35,330.2,100,39400
20240112,12:20:34,331.8,300,39400
20240112,12:21:52,333.0,50,39100
20240112,12:22:40,331.25,500,39100
20240112,12:24:58,330.9,200,38900
20240112,12:26:27,332.7,600,38900
20240112,12:27:04,328.15,50,38900
20240112,12:27:27,327.75,50,38900
20240112,12:28:31,325.0,50,38900
20240112,12:28:42,327.7,50,38900
20240112,12:29:49,327.05,100,38900
20240112,12:30:21,325.35,100,38900
20240112,12:30:47,325.0,50,38900
20240112,12:31:20,324.75,50,38900
20240112,12:31:45,325.35,50,38900
20240112,12:31:57,328.2,50,38900
20240112,12:32:22,325.8,50,38900
20240112,12:32:34,323.85,50,38900
20240112,12:32:37,323.25,50,38900
20240112,12:32:43,321.0,50,38900
20240112,12:32:51,319.95,250,39050
20240112,12:33:04,322.35,500,39050
20240112,12:33:07,321.3,50,39050
20240112,12:33:10,322.2,50,39050
20240112,12:33:37,320.0,50,39050
20240112,12:34:09,324.0,50,39050
20240112,12:34:10,325.0,600,39050
20240112,12:34:11,325.25,50,39050
20240112,12:34:40,327.0,50,39050
20240112,12:34:41,328.0,250,39050
20240112,12:34:42,328.75,200,39050
20240112,12:35:17,330.7,150,39050
20240112,12:35:39,330.35,50,39050
20240112,12:35:41,329.6,50,39050
20240112,12:35:44,329.0,50,39050
20240112,12:37:11,329.0,100,39200
20240112,12:37:33,330.0,100,39200
20240112,12:38:41,333.0,50,39200
20240112,12:39:05,335.5,50,39200
20240112,12:39:22,335.0,50,39200
20240112,12:39:38,332.7,50,39200
20240112,12:40:49,334.8,250,39200
20240112,12:43:26,331.05,50,39100
20240112,12:44:59,331.6,200,39150
20240112,12:45:34,327.65,100,39150
20240112,12:47:37,327.0,50,39150
20240112,12:48:29,327.6,100,38950
20240112,12:49:34,325.0,50,38950
20240112,12:49:35,322.6,50,38950
20240112,12:50:01,322.6,50,38950
20240112,12:50:06,320.75,200,38950
20240112,12:50:29,320.4,150,38950
20240112,12:50:35,321.25,50,38950
20240112,12:50:47,321.9,100,38950
20240112,12:50:58,321.0,100,38900
20240112,12:51:32,319.65,50,38900
20240112,12:51:35,318.1,50,38900
20240112,12:51:40,318.15,50,38900
20240112,12:51:49,318.45,200,38900
20240112,12:51:53,315.85,50,38900
20240112,12:52:00,314.15,50,38900
20240112,12:52:01,314.85,300,38900
20240112,12:52:03,314.0,50,38900
20240112,12:52:18,317.5,50,38900
20240112,12:52:23,314.4,50,38900
20240112,12:52:24,314.0,150,38900
20240112,12:52:44,314.0,50,38900
20240112,12:52:45,313.65,350,38900
20240112,12:52:46,312.65,100,38900
20240112,12:52:48,312.0,150,38900
20240112,12:52:49,310.35,250,38900
20240112,12:53:26,315.05,50,38900
20240112,12:53:29,314.9,50,38900
20240112,12:53:33,314.4,50,38900
20240112,12:53:44,313.8,300,38900
20240112,12:53:45,313.15,50,38900
20240112,12:53:54,313.0,50,39150
20240112,12:53:58,313.0,50,39150
20240112,12:54:00,313.0,50,39150
20240112,12:54:01,313.0,50,39150
20240112,12:54:05,311.7,50,39150
20240112,12:54:10,307.1,600,39150
20240112,12:54:11,306.6,200,39150
20240112,12:54:14,306.6,150,39150
20240112,12:54:22,305.0,50,39150
20240112,12:54:23,304.0,50,39150
20240112,12:54:26,304.0,50,39150
20240112,12:54:26,305.85,50,39150
20240112,12:54:39,305.85,100,39150
20240112,12:54:41,305.4,250,39150
20240112,12:55:08,304.65,250,39150
20240112,12:55:11,307.35,100,39150
20240112,12:55:23,305.3,100,39150
20240112,12:55:24,305.4,50,39150
20240112,12:55:32,306.9,50,39150
20240112,12:55:37,301.2,100,39150
20240112,12:55:39,300.3,100,39150
20240112,12:55:40,299.85,300,39150
20240112,12:55:41,298.35,100,39150
20240112,12:55:44,297.95,150,39150
20240112,12:55:46,293.65,450,39150
20240112,12:55:48,293.65,200,39150
20240112,12:55:49,296.8,300,39150
20240112,12:55:51,299.15,100,39150
20240112,12:55:55,295.25,100,39150
20240112,12:55:56,294.9,100,39150
20240112,12:56:01,295.7,50,39150
20240112,12:56:03,294.9,50,39150
20240112,12:56:05,295.45,50,39150
20240112,12:56:22,299.45,50,39150
20240112,12:56:24,298.25,100,39150
20240112,12:56:32,295.55,50,39150
20240112,12:56:41,297.95,50,39150
20240112,12:57:01,298.1,200,40400
20240112,12:57:07,297.5,300,40400
20240112,12:57:09,298.5,250,40400
20240112,12:57:33,296.7,250,40400
20240112,12:58:00,299.4,200,40400
20240112,12:58:01,299.7,50,40400
20240112,12:58:02,301.3,50,40400
20240112,12:58:10,299.95,50,40400
20240112,12:58:50,299.95,50,40400
20240112,12:58:52,300.45,400,40400
20240112,12:58:54,300.75,250,40400
20240112,12:59:07,304.85,350,40400
20240112,12:59:17,302.85,100,40400
20240112,12:59:19,302.9,50,40400
20240112,12:59:21,303.8,150,40400
20240112,12:59:44,303.0,50,40400
20240112,13:00:11,304.05,50,41700
20240112,13:00:39,301.85,250,41700
20240112,13:00:49,300.15,100,41700
20240112,13:00:50,300.45,100,41700
20240112,13:01:43,303.5,50,41700
20240112,13:01:46,303.0,50,41700
20240112,13:02:32,299.4,50,41700
20240112,13:02:48,298.2,100,41700
20240112,13:02:49,297.3,250,41700
20240112,13:02:59,298.1,500,42300
20240112,13:03:05,300.9,300,42300
20240112,13:03:06,300.45,450,42300
20240112,13:03:08,298.75,50,42300
20240112,13:03:13,300.45,500,42300
20240112,13:03:19,301.4,50,42300
20240112,13:03:37,303.5,350,42300
20240112,13:03:38,302.6,300,42300
20240112,13:03:40,303.0,50,42300
20240112,13:04:05,305.25,50,42300
20240112,13:04:12,306.55,500,42300
20240112,13:04:20,306.0,500,42300
20240112,13:04:30,306.0,50,42300
20240112,13:04:31,306.3,250,42300
20240112,13:04:32,306.3,100,42300
20240112,13:04:45,304.3,50,42300
20240112,13:04:47,305.5,50,42300
20240112,13:04:52,305.65,50,42300
20240112,13:04:55,305.8,50,42300
20240112,13:05:05,306.45,250,42300
20240112,13:05:07,306.4,250,42300
20240112,13:05:52,303.9,150,42300
20240112,13:06:25,303.45,50,42250
20240112,13:06:27,303.0,50,42250
20240112,13:06:30,303.15,50,42250
20240112,13:06:40,301.6,250,42250
20240112,13:07:03,307.25,150,42250
20240112,13:07:04,306.95,100,42250
20240112,13:07:05,306.1,100,42250
20240112,13:07:06,307.2,250,42250
20240112,13:07:11,307.0,50,42250
20240112,13:08:13,306.35,50,42250
20240112,13:08:15,307.0,50,42250
20240112,13:08:19,306.85,50,42250
20240112,13:08:49,305.95,50,42250
20240112,13:09:03,305.85,50,42200
20240112,13:09:04,307.0,500,42200
20240112,13:09:05,307.75,50,42200
20240112,13:09:06,307.0,50,42200
20240112,13:09:18,307.8,50,42200
20240112,13:09:58,310.0,50,42200
20240112,13:10:10,310.0,50,42200
20240112,13:10:17,309.6,50,42200
20240112,13:10:22,309.0,50,42200
20240112,13:10:23,308.5,100,42200
20240112,13:10:36,308.4,50,42200
20240112,13:10:49,307.3,250,42200
20240112,13:10:53,306.5,100,42200
20240112,13:11:05,305.5,250,42200
20240112,13:11:20,304.0,400,42200
20240112,13:11:35,301.25,100,42200
20240112,13:11:38,301.7,50,42200
20240112,13:11:47,301.95,1000,42200
20240112,13:12:10,301.9,100,42200
20240112,13:12:12,301.65,50,42450
20240112,13:12:28,301.55,50,42450
20240112,13:12:49,302.95,50,42450
20240112,13:12:51,304.0,1100,42450
20240112,13:13:05,304.05,250,42450
20240112,13:14:20,304.35,250,42450
20240112,13:14:22,305.0,50,42450
20240112,13:14:26,306.6,50,42450
20240112,13:14:36,307.2,50,42450
20240112,13:14:55,305.05,50,41950
20240112,13:15:01,305.25,200,41950
20240112,13:15:26,303.45,500,41950
20240112,13:15:27,303.1,50,41950
20240112,13:15:45,300.0,50,41950
20240112,13:15:50,298.9,700,41950
20240112,13:15:54,295.0,100,41950
20240112,13:15:58,296.9,200,41950
20240112,13:16:00,297.05,150,41950
20240112,13:16:07,298.9,250,41950
20240112,13:16:24,298.0,50,41950
20240112,13:17:25,303.0,50,41950
20240112,13:17:30,301.65,250,41950
20240112,13:17:46,302.35,250,41950
20240112,13:18:08,303.45,400,43150
20240112,13:18:10,302.65,50,43150
20240112,13:20:13,307.7,150,43150
20240112,13:20:37,303.2,50,43150
20240112,13:21:01,299.1,650,43150
20240112,13:21:08,297.6,250,43150
20240112,13:21:22,299.75,50,43150
20240112,13:22:36,300.55,50,43150
20240112,13:22:41,302.0,50,43150
20240112,13:22:51,302.0,250,43150
20240112,13:22:52,302.0,150,43150
20240112,13:22:55,301.0,50,43150
20240112,13:22:58,300.95,50,43150
20240112,13:23:39,300.95,50,43150
20240112,13:23:41,300.0,50,43150
20240112,13:24:10,296.55,500,43900
20240112,13:24:15,298.3,50,43900
20240112,13:24:57,299.25,50,43900
20240112,13:25:02,300.95,50,43900
20240112,13:25:07,300.8,100,43900
20240112,13:25:22,299.85,200,43900
20240112,13:25:43,300.0,50,43900
20240112,13:25:44,299.8,50,43900
20240112,13:26:13,299.7,200,43900
20240112,13:26:18,299.8,350,43900
20240112,13:26:24,297.1,250,43900
20240112,13:26:29,296.9,400,43900
20240112,13:26:40,296.85,50,43900
20240112,13:27:11,296.0,1000,44800
20240112,13:27:13,295.55,150,44800
20240112,13:27:47,290.4,650,44800
20240112,13:27:49,290.4,50,44800
20240112,13:27:56,291.4,50,44800
20240112,13:28:06,291.4,50,44800
20240112,13:28:10,290.0,50,44800
20240112,13:28:13,288.3,200,44800
20240112,13:28:14,287.75,250,44800
20240112,13:28:15,287.4,50,44800
20240112,13:28:20,287.4,500,44800
20240112,13:28:23,289.9,50,44800
20240112,13:28:46,292.6,250,44800
20240112,13:28:56,292.0,100,44800
20240112,13:28:58,291.8,350,44800
20240112,13:29:03,294.8,50,44800
20240112,13:29:06,294.3,250,44800
20240112,13:29:08,295.3,50,44800
20240112,13:29:09,295.75,200,44800
20240112,13:29:12,295.0,250,44800
20240112,13:29:17,292.8,400,44800
20240112,13:29:26,291.65,150,44800
20240112,13:29:39,292.9,100,44800
20240112,13:29:55,293.75,50,44800
20240112,13:30:22,297.05,250,45050
20240112,13:30:26,296.55,50,45050
20240112,13:30:29,297.0,250,45050
20240112,13:30:42,295.0,50,45050
20240112,13:30:49,293.8,200,45050
20240112,13:31:23,289.0,50,45050
20240112,13:31:27,288.6,50,45050
20240112,13:31:42,288.0,50,45050
20240112,13:31:49,285.0,350,45050
20240112,13:31:52,285.0,100,45050
20240112,13:31:53,284.45,300,45050
20240112,13:31:54,285.7,100,45050
20240112,13:31:57,284.95,50,45050
20240112,13:32:01,287.4,200,45050
20240112,13:32:05,285.2,50,45050
20240112,13:32:16,286.55,50,45050
20240112,13:32:22,284.7,250,45050
20240112,13:32:29,286.25,250,45050
20240112,13:32:37,288.1,50,45050
20240112,13:32:41,287.3,50,45050
20240112,13:32:45,286.6,50,45050
20240112,13:32:59,289.45,250,44850
20240112,13:33:05,290.4,200,44850
20240112,13:33:33,288.85,200,44850
20240112,13:33:37,288.6,100,44850
20240112,13:33:44,288.4,250,44850
20240112,13:33:48,290.0,50,44850
20240112,13:33:49,290.2,300,44850
20240112,13:34:10,292.75,100,44850
20240112,13:34:40,293.85,50,44850
20240112,13:34:44,293.8,50,44850
20240112,13:35:17,295.1,250,44850
20240112,13:35:29,291.7,100,44850
20240112,13:35:33,290.0,100,44850
20240112,13:35:57,289.0,400,44850
20240112,13:36:14,287.35,50,45750
20240112,13:36:27,285.75,50,45750
20240112,13:36:28,286.45,400,45750
20240112,13:36:30,286.9,100,45750
20240112,13:36:31,287.5,50,45750
20240112,13:36:50,287.45,50,45750
20240112,13:37:25,286.85,150,45750
20240112,13:37:26,287.05,50,45750
20240112,13:37:27,287.15,150,45750
20240112,13:37:28,286.75,150,45750
20240112,13:37:30,286.9,650,45750
20240112,13:37:31,287.5,300,45750
20240112,13:37:32,286.55,50,45750
20240112,13:37:33,286.55,300,45750
20240112,13:37:35,285.7,50,45750
20240112,13:37:46,286.8,50,45750
20240112,13:37:55,285.55,250,45750
20240112,13:37:59,285.0,50,45750
20240112,13:38:00,283.85,150,45750
20240112,13:38:02,283.7,50,45750
20240112,13:38:06,283.7,250,45750
20240112,13:38:11,284.2,1100,45750
20240112,13:38:17,284.85,50,45750
20240112,13:38:26,283.9,100,45750
20240112,13:38:27,283.9,50,45750
20240112,13:38:30,282.8,50,45750
20240112,13:38:31,281.75,250,45750
20240112,13:38:37,281.75,50,45750
20240112,13:38:41,282.4,50,45750
20240112,13:38:47,281.95,50,45750
20240112,13:39:08,283.0,50,46650
20240112,13:39:11,284.2,50,46650
20240112,13:39:42,280.0,200,46650
20240112,13:39:45,279.65,50,46650
20240112,13:39:54,279.55,150,46650
20240112,13:40:10,281.4,250,46650
20240112,13:40:11,280.4,250,46650
20240112,13:40:31,279.0,200,46650
20240112,13:40:39,275.85,50,46650
20240112,13:40:51,275.85,300,46650
20240112,13:41:12,276.1,100,46650
20240112,13:41:14,275.9,50,46650
20240112,13:41:15,275.0,50,46650
20240112,13:41:16,273.45,350,46650
20240112,13:41:27,271.0,300,46650
20240112,13:41:28,270.3,50,46650
20240112,13:41:29,270.3,50,46650
20240112,13:41:30,270.3,50,46650
20240112,13:41:31,269.85,200,46650
20240112,13:41:32,270.45,50,46650
20240112,13:41:34,272.95,50,46650
20240112,13:41:36,273.55,50,46650
20240112,13:41:41,270.65,50,46650
20240112,13:41:42,268.0,50,46650
20240112,13:41:42,268.0,250,46650
20240112,13:41:45,268.85,50,46650
20240112,13:41:47,268.4,400,46650
20240112,13:41:50,269.35,250,46650
20240112,13:41:51,268.85,100,46650
20240112,13:41:53,268.15,50,46650
20240112,13:42:00,266.8,300,47950
20240112,13:42:01,266.25,350,47950
20240112,13:42:02,266.25,550,47950
20240112,13:42:03,268.1,300,47950
20240112,13:42:05,267.6,50,47950
20240112,13:42:06,268.5,50,47950
20240112,13:42:07,268.2,400,47950
20240112,13:42:16,267.9,150,47950
20240112,13:42:18,267.35,250,47950
20240112,13:42:21,268.25,250,47950
20240112,13:42:22,267.45,250,47950
20240112,13:42:27,268.15,600,47950
20240112,13:42:30,269.15,50,47950
20240112,13:42:30,268.65,100,47950
20240112,13:42:31,268.4,200,47950
20240112,13:42:32,267.05,600,47950
20240112,13:42:33,265.0,600,47950
20240112,13:42:38,262.9,400,47950
20240112,13:42:39,263.7,650,47950
20240112,13:42:40,264.5,150,47950
20240112,13:42:42,263.35,100,47950
20240112,13:42:43,263.45,50,47950
20240112,13:42:44,264.15,100,47950
20240112,13:42:46,263.55,250,47950
20240112,13:42:49,262.85,250,47950
20240112,13:42:51,262.8,50,47950
20240112,13:42:52,260.75,200,47950
20240112,13:42:53,260.55,50,47950
20240112,13:42:54,260.55,50,47950
20240112,13:42:55,262.7,50,47950
20240112,13:42:59,263.55,50,47950
20240112,13:43:01,264.85,850,47950
20240112,13:43:02,264.2,250,47950
20240112,13:43:03,263.0,50,47950
20240112,13:43:12,264.9,500,47950
20240112,13:43:13,264.5,550,47950
20240112,13:43:15,265.15,150,47950
20240112,13:43:16,265.4,350,47950
20240112,13:43:21,263.5,50,47950
20240112,13:43:27,266.15,100,47950
20240112,13:43:28,265.1,50,47950
20240112,13:43:38,267.8,100,47950
20240112,13:43:40,267.15,300,47950
20240112,13:43:41,267.2,50,47950
20240112,13:43:50,268.1,100,47950
20240112,13:43:51,268.15,250,47950
20240112,13:43:52,267.05,100,47950
20240112,13:43:54,267.65,150,47950
20240112,13:43:57,268.1,100,47950
20240112,13:44:02,268.8,100,47950
20240112,13:44:03,268.4,150,47950
20240112,13:44:04,268.95,50,47950
20240112,13:44:05,268.35,400,47950
20240112,13:44:08,269.35,200,47950
20240112,13:44:09,269.3,50,47950
20240112,13:44:10,270.5,500,47950
20240112,13:44:11,271.95,350,47950
20240112,13:44:13,271.55,50,47950
20240112,13:44:22,271.3,300,47950
20240112,13:44:23,271.45,150,47950
20240112,13:44:24,270.85,150,47950
20240112,13:44:25,270.3,400,47950
20240112,13:44:26,270.55,50,47950
20240112,13:44:29,271.5,50,47950
20240112,13:44:38,270.3,50,47950
20240112,13:44:48,271.0,50,47950
20240112,13:44:51,273.35,50,47950
20240112,13:44:55,273.35,50,47950
20240112,13:44:56,272.95,50,47950
20240112,13:44:57,271.8,50,47950
20240112,13:45:00,271.7,100,54550
20240112,13:45:01,271.4,50,54550
20240112,13:45:04,271.25,50,54550
20240112,13:45:05,271.1,50,54550
20240112,13:45:09,269.45,150,54550
20240112,13:45:12,270.45,50,54550
20240112,13:45:28,270.45,100,54550
20240112,13:45:37,271.7,100,54550
20240112,13:45:47,272.2,750,54550
20240112,13:45:48,272.0,150,54550
20240112,13:45:58,271.95,50,54550
20240112,13:45:59,271.85,100,54550
20240112,13:46:11,272.1,100,54550
20240112,13:46:26,274.2,50,54550
20240112,13:46:33,273.2,50,54550
20240112,13:46:34,273.2,400,54550
20240112,13:46:35,273.2,1300,54550
20240112,13:46:37,275.0,400,54550
20240112,13:46:38,275.4,150,54550
20240112,13:46:52,277.0,50,54550
20240112,13:46:59,273.65,150,54550
20240112,13:47:03,273.2,100,54550
20240112,13:47:04,274.45,100,54550
20240112,13:47:08,274.6,100,54550
20240112,13:47:15,273.65,100,54550
20240112,13:47:23,274.6,50,54550
20240112,13:47:27,275.05,50,54550
20240112,13:47:32,274.95,50,54550
20240112,13:47:35,274.0,1000,54550
20240112,13:47:37,274.55,100,54550
20240112,13:48:08,273.7,250,56250
20240112,13:48:25,273.7,50,56250
20240112,13:48:37,273.7,50,56250
20240112,13:49:05,272.1,50,56250
20240112,13:49:12,271.05,200,56250
20240112,13:49:13,271.0,50,56250
20240112,13:49:18,270.75,100,56250
20240112,13:49:42,271.8,50,56250
20240112,13:50:13,271.6,50,56250
20240112,13:50:14,271.35,250,56250
20240112,13:50:16,271.6,50,56250
20240112,13:50:28,271.6,50,56250
20240112,13:50:40,271.85,350,56250
20240112,13:50:54,272.0,50,56250
20240112,13:50:55,271.95,250,56250
20240112,13:51:04,272.3,250,57000
20240112,13:51:15,270.0,50,57000
20240112,13:51:16,270.9,100,57000
20240112,13:51:19,270.0,200,57000
20240112,13:51:40,269.85,450,57000
20240112,13:51:42,270.8,500,57000
20240112,13:51:49,271.55,200,57000
20240112,13:52:13,268.05,300,57000
20240112,13:52:29,269.8,50,57000
20240112,13:52:31,268.45,450,57000
20240112,13:52:35,268.75,250,57000
20240112,13:52:36,268.6,50,57000
20240112,13:52:41,269.0,50,57000
20240112,13:52:43,269.0,50,57000
20240112,13:52:45,268.85,50,57000
20240112,13:52:48,268.9,100,57000
20240112,13:52:49,269.0,100,57000
20240112,13:52:52,269.2,100,57000
20240112,13:53:47,268.0,100,57000
20240112,13:53:54,267.75,50,57000
20240112,13:54:02,268.0,50,57000
20240112,13:54:15,270.9,250,58300
20240112,13:54:19,270.75,100,58300
20240112,13:54:22,269.65,100,58300
20240112,13:54:28,269.1,100,58300
20240112,13:54:32,269.3,100,58300
20240112,13:54:43,268.0,300,58300
20240112,13:54:47,268.5,100,58300
20240112,13:54:53,269.5,400,58300
20240112,13:54:54,268.85,150,58300
20240112,13:55:01,267.5,250,58300
20240112,13:55:02,267.35,350,58300
20240112,13:55:04,266.7,350,58300
20240112,13:55:05,266.45,150,58300
20240112,13:55:06,266.7,300,58300
20240112,13:55:10,266.75,100,58300
20240112,13:55:12,265.45,100,58300
20240112,13:55:14,265.55,50,58300
20240112,13:55:16,266.35,150,58300
20240112,13:55:17,265.0,250,58300
20240112,13:55:20,264.75,150,58300
20240112,13:55:27,266.5,50,58300
20240112,13:55:31,267.0,300,58300
20240112,13:55:32,266.9,200,58300
20240112,13:55:37,269.65,50,58300
20240112,13:55:39,270.4,50,58300
20240112,13:55:41,270.1,350,58300
20240112,13:55:52,270.5,250,58300
20240112,13:55:56,269.95,50,58300
20240112,13:56:05,270.2,250,58300
20240112,13:56:06,270.15,1000,58300
20240112,13:56:09,270.5,50,58300
20240112,13:56:19,271.0,200,58300
20240112,13:56:23,270.6,250,58300
20240112,13:56:26,272.25,150,58300
20240112,13:56:31,273.0,250,58300
20240112,13:56:39,273.0,950,58300
20240112,13:56:45,271.95,50,58300
20240112,13:56:54,273.5,250,58300
20240112,13:57:01,271.3,300,58300
20240112,13:57:02,270.45,350,61900
20240112,13:57:08,272.0,50,61900
20240112,13:57:19,271.1,50,61900
20240112,13:57:43,272.9,50,61900
20240112,13:57:52,270.8,50,61900
20240112,13:58:06,269.75,250,61900
20240112,13:58:10,269.9,250,61900
20240112,13:58:17,269.95,250,61900
20240112,13:58:22,270.05,200,61900
20240112,13:58:48,272.5,250,61900
20240112,13:59:47,270.0,50,61900
20240112,13:59:50,269.75,50,61900
20240112,13:59:57,268.0,450,61900
20240112,14:00:00,267.25,250,61900
20240112,14:00:01,267.45,150,61900
20240112,14:00:09,268.3,250,62150
20240112,14:00:31,268.2,50,62150
20240112,14:00:45,275.0,50,62150
20240112,14:00:46,277.45,200,62150
20240112,14:00:57,274.3,50,62150
20240112,14:00:58,273.0,50,62150
20240112,14:01:04,274.95,250,62150
20240112,14:01:05,275.45,100,62150
20240112,14:01:06,275.85,350,62150
20240112,14:01:12,274.4,50,62150
20240112,14:01:20,273.25,50,62150
20240112,14:01:24,273.5,50,62150
20240112,14:01:25,273.6,50,62150
20240112,14:01:27,272.2,50,62150
20240112,14:01:45,272.5,250,62150
20240112,14:01:46,272.2,100,62150
20240112,14:02:00,268.0,150,62150
20240112,14:02:02,268.0,250,62150
20240112,14:02:07,270.4,300,62150
20240112,14:02:10,270.3,300,62150
20240112,14:02:11,271.75,50,62150
20240112,14:03:17,277.6,100,63500
20240112,14:03:19,277.25,250,63500
20240112,14:03:23,275.75,300,63500
20240112,14:03:24,275.45,100,63500
20240112,14:03:25,277.2,100,63500
20240112,14:03:27,276.7,250,63500
20240112,14:03:29,277.2,100,63500
20240112,14:03:33,275.45,100,63500
20240112,14:03:39,275.7,50,63500
20240112,14:03:44,275.0,100,63500
20240112,14:03:47,273.9,50,63500
20240112,14:03:53,275.2,50,63500
20240112,14:04:07,276.4,100,63500
20240112,14:04:16,277.2,50,63500
20240112,14:04:20,275.55,100,63500
20240112,14:04:35,274.6,100,63500
20240112,14:05:04,276.25,200,63500
20240112,14:05:05,276.3,100,63500
20240112,14:05:08,275.95,100,63500
20240112,14:05:09,275.15,50,63500
20240112,14:05:10,274.9,100,63500
20240112,14:05:11,275.0,50,63500
20240112,14:05:13,274.9,50,63500
20240112,14:05:20,276.05,400,63500
20240112,14:05:23,275.5,50,63500
20240112,14:05:25,275.55,50,63500
20240112,14:05:26,276.9,50,63500
20240112,14:05:27,276.25,100,63500
20240112,14:05:28,278.8,50,63500
20240112,14:05:32,277.45,1050,63500
20240112,14:05:34,277.65,50,63500
20240112,14:05:37,277.25,50,63500
20240112,14:05:47,277.95,950,63500
20240112,14:05:51,280.0,150,63500
20240112,14:05:54,280.0,100,63500
20240112,14:05:56,281.65,250,63500
20240112,14:06:01,283.95,350,63500
20240112,14:06:02,283.55,50,63500
20240112,14:06:03,283.9,50,63500
20240112,14:06:06,283.7,250,63700
20240112,14:06:06,284.3,50,63700
20240112,14:06:08,283.0,200,63700
20240112,14:06:10,283.85,100,63700
20240112,14:06:17,280.85,300,63700
20240112,14:06:38,284.0,250,63700
20240112,14:06:40,283.15,50,63700
20240112,14:06:41,285.45,1050,63700
20240112,14:06:43,285.35,150,63700
20240112,14:06:49,284.05,50,63700
20240112,14:06:53,284.05,50,63700
20240112,14:06:59,284.15,50,63700
20240112,14:07:01,282.0,1050,63700
20240112,14:07:02,280.45,150,63700
20240112,14:07:04,279.75,50,63700
20240112,14:07:05,279.3,250,63700
20240112,14:07:07,280.8,1150,63700
20240112,14:07:12,280.65,50,63700
20240112,14:07:16,280.25,200,63700
20240112,14:07:17,279.15,150,63700
20240112,14:07:38,278.35,50,63700
20240112,14:07:39,277.0,50,63700
20240112,14:07:41,278.3,200,63700
20240112,14:07:42,280.0,100,63700
20240112,14:07:48,280.8,100,63700
20240112,14:07:51,280.8,250,63700
20240112,14:08:04,278.65,100,63700
20240112,14:08:10,280.95,150,63700
20240112,14:08:16,280.75,300,63700
20240112,14:08:17,280.95,100,63700
20240112,14:08:21,279.9,200,63700
20240112,14:09:02,280.45,100,63700
20240112,14:09:03,279.9,50,63700
20240112,14:09:11,281.85,250,62700
20240112,14:09:18,281.55,50,62700
20240112,14:09:32,278.55,50,62700
20240112,14:09:33,278.3,50,62700
20240112,14:09:40,278.65,250,62700
20240112,14:09:55,278.55,100,62700
20240112,14:09:57,277.45,50,62700
20240112,14:10:15,279.4,50,62700
20240112,14:10:18,279.45,50,62700
20240112,14:10:19,278.75,300,62700
20240112,14:10:21,278.05,50,62700
20240112,14:10:25,277.65,50,62700
20240112,14:10:27,277.65,50,62700
20240112,14:10:29,278.0,50,62700
20240112,14:10:35,277.55,100,62700
20240112,14:10:38,278.15,50,62700
20240112,14:10:47,273.9,250,62700
20240112,14:10:50,274.4,250,62700
20240112,14:11:06,276.15,50,62700
20240112,14:11:13,279.2,50,62700
20240112,14:11:19,278.45,50,62700
20240112,14:11:31,278.65,100,62700
20240112,14:11:47,280.5,50,62700
20240112,14:11:55,280.85,1000,62700
20240112,14:11:58,280.6,150,62700
20240112,14:12:05,282.0,350,63700
20240112,14:12:07,284.35,1550,63700
20240112,14:12:33,285.0,100,63700
20240112,14:13:20,283.0,150,63700
20240112,14:13:23,281.25,100,63700
20240112,14:13:23,280.85,50,63700
20240112,14:13:41,281.95,50,63700
20240112,14:13:56,282.7,400,63700
20240112,14:13:58,283.35,250,63700
20240112,14:14:21,281.9,250,63700
20240112,14:14:30,280.6,50,63700
20240112,14:14:32,279.8,200,63700
20240112,14:14:52,277.05,50,63700
20240112,14:14:57,276.95,250,63700
20240112,14:15:00,277.45,1000,63700
20240112,14:15:05,278.15,250,62800
20240112,14:15:06,277.45,350,62800
20240112,14:15:10,276.9,300,62800
20240112,14:15:44,280.45,50,62800
20240112,14:16:33,275.7,3750,62800
20240112,14:16:34,276.1,100,62800
20240112,14:16:35,276.0,2400,62800
20240112,14:16:37,274.85,250,62800
20240112,14:16:40,275.15,50,62800
20240112,14:16:51,272.45,250,62800
20240112,14:16:54,272.25,250,62800
20240112,14:16:56,272.2,50,62800
20240112,14:16:57,272.35,50,62800
20240112,14:16:59,271.6,100,62800
20240112,14:17:03,270.0,150,62800
20240112,14:17:06,271.0,300,62800
20240112,14:17:22,269.85,50,62800
20240112,14:17:25,270.4,300,62800
20240112,14:17:26,269.65,200,62800
20240112,14:17:36,270.75,100,62800
20240112,14:17:42,269.35,50,62800
20240112,14:18:01,270.5,50,62800
20240112,14:18:02,271.5,50,62800
20240112,14:18:03,271.9,50,62800
20240112,14:18:04,271.1,50,66350
20240112,14:18:54,275.0,100,66350
20240112,14:19:07,273.1,50,66350
20240112,14:19:24,276.4,50,66350
20240112,14:19:58,279.55,250,66350
20240112,14:20:03,278.0,50,66350
20240112,14:20:05,277.0,650,66350
20240112,14:20:41,275.95,300,66350
20240112,14:21:04,274.7,250,66350
20240112,14:21:30,275.45,200,67100
20240112,14:21:32,274.95,50,67100
20240112,14:21:51,278.05,100,67100
20240112,14:22:04,275.85,300,67100
20240112,14:22:19,274.5,300,67100
20240112,14:22:20,274.1,250,67100
20240112,14:22:41,270.3,100,67100
20240112,14:22:51,270.4,50,67100
20240112,14:23:05,268.6,250,67100
20240112,14:23:06,268.25,100,67100
20240112,14:23:21,268.75,100,67100
20240112,14:23:36,271.6,50,67100
20240112,14:24:17,268.0,50,67450
20240112,14:24:27,265.4,350,67450
20240112,14:24:40,267.75,200,67450
20240112,14:24:43,266.95,200,67450
20240112,14:24:45,265.8,600,67450
20240112,14:24:48,268.85,50,67450
20240112,14:25:12,269.35,100,67450
20240112,14:25:21,270.45,50,67450
20240112,14:25:22,270.35,50,67450
20240112,14:25:23,269.15,150,67450
20240112,14:25:25,268.0,50,67450
20240112,14:25:35,269.35,600,67450
20240112,14:25:55,270.2,250,67450
20240112,14:26:05,270.25,600,67450
20240112,14:26:11,270.5,50,67450
20240112,14:26:24,270.5,50,67450
20240112,14:27:06,266.4,200,66950
20240112,14:27:13,267.1,50,66950
20240112,14:27:35,264.25,1200,66950
20240112,14:27:37,264.0,300,66950
20240112,14:27:49,261.4,50,66950
20240112,14:27:50,260.0,100,66950
20240112,14:27:51,259.65,50,66950
20240112,14:28:05,259.65,250,66950
20240112,14:28:10,258.0,400,66950
20240112,14:28:16,258.0,250,66950
20240112,14:28:20,260.0,50,66950
20240112,14:28:22,259.85,100,66950
20240112,14:28:27,261.25,1800,66950
20240112,14:28:31,260.45,50,66950
20240112,14:28:34,261.2,1800,66950
20240112,14:28:35,259.55,1900,66950
20240112,14:28:38,260.3,250,66950
20240112,14:28:44,262.25,300,66950
20240112,14:28:57,260.9,100,66950
20240112,14:28:58,261.2,50,66950
20240112,14:29:01,261.0,1000,66950
20240112,14:29:04,261.45,50,66950
20240112,14:29:11,264.0,150,66950
20240112,14:29:16,264.45,50,66950
20240112,14:29:17,265.75,50,66950
20240112,14:29:17,265.2,250,66950
20240112,14:29:19,264.35,200,66950
20240112,14:29:24,264.95,250,66950
20240112,14:29:40,266.8,250,66950
20240112,14:29:52,266.7,250,66950
20240112,14:30:01,265.5,50,66950
20240112,14:30:05,264.5,150,66950
20240112,14:30:06,264.35,50,64900
20240112,14:30:15,263.6,100,64900
20240112,14:30:21,261.0,50,64900
20240112,14:30:22,259.0,1200,64900
20240112,14:30:24,261.4,50,64900
20240112,14:30:25,262.0,50,64900
20240112,14:30:26,261.5,250,64900
20240112,14:30:34,261.9,200,64900
20240112,14:30:45,262.55,50,64900
20240112,14:30:47,262.8,150,64900
20240112,14:30:48,263.8,1250,64900
20240112,14:30:59,265.0,650,64900
20240112,14:31:01,265.6,50,64900
20240112,14:31:05,263.65,250,64900
20240112,14:31:06,262.7,300,64900
20240112,14:31:07,263.1,50,64900
20240112,14:31:10,263.65,50,64900
20240112,14:31:13,263.1,50,64900
20240112,14:31:14,262.5,50,64900
20240112,14:31:24,262.55,50,64900
20240112,14:31:39,261.15,50,64900
20240112,14:31:51,260.3,50,64900
20240112,14:31:53,261.0,50,64900
20240112,14:31:55,260.35,50,64900
20240112,14:31:59,260.5,250,64900
20240112,14:32:05,261.1,50,64900
20240112,14:32:29,260.05,250,64900
20240112,14:32:33,260.1,250,64900
20240112,14:33:04,261.35,50,64900
20240112,14:33:07,263.3,200,64050
20240112,14:33:08,263.55,100,64050
20240112,14:33:23,262.4,50,64050
20240112,14:33:29,261.6,50,64050
20240112,14:33:32,261.45,100,64050
20240112,14:33:35,261.75,100,64050
20240112,14:33:40,262.8,50,64050
20240112,14:33:45,263.25,50,64050
20240112,14:33:47,263.3,50,64050
20240112,14:33:49,262.8,150,64050
20240112,14:33:53,261.75,250,64050
20240112,14:34:05,264.0,400,64050
20240112,14:34:18,264.0,50,64050
20240112,14:34:22,263.0,50,64050
20240112,14:34:48,263.25,150,64050
20240112,14:35:11,260.9,250,64050
20240112,14:35:29,259.35,50,64050
20240112,14:35:51,259.1,50,64050
20240112,14:36:03,254.55,600,64050
20240112,14:36:05,256.2,250,64050
20240112,14:36:07,255.85,350,64050
20240112,14:36:12,256.15,50,63850
20240112,14:36:13,257.0,50,63850
20240112,14:36:22,256.1,100,63850
20240112,14:36:27,254.9,50,63850
20240112,14:36:29,254.2,50,63850
20240112,14:36:31,254.15,1400,63850
20240112,14:36:32,254.15,150,63850
20240112,14:36:32,254.0,50,63850
20240112,14:36:34,252.75,50,63850
20240112,14:36:35,252.75,1350,63850
20240112,14:36:36,252.95,50,63850
20240112,14:36:39,251.35,250,63850
20240112,14:36:40,251.25,250,63850
20240112,14:36:42,250.7,250,63850
20240112,14:36:43,250.75,300,63850
20240112,14:36:46,248.95,1950,63850
20240112,14:36:48,250.0,400,63850
20240112,14:36:51,249.5,100,63850
20240112,14:36:54,250.75,50,63850
20240112,14:36:55,250.8,200,63850
20240112,14:36:56,249.85,250,63850
20240112,14:37:02,248.6,50,63850
20240112,14:37:05,245.6,650,63850
20240112,14:37:06,244.7,100,63850
20240112,14:37:07,245.1,200,63850
20240112,14:37:07,246.2,50,63850
20240112,14:37:11,243.7,2500,63850
20240112,14:37:12,244.8,100,63850
20240112,14:37:14,245.95,1850,63850
20240112,14:37:15,246.95,700,63850
20240112,14:37:16,245.95,1200,63850
20240112,14:37:17,245.25,3950,63850
20240112,14:37:18,246.45,1900,63850
20240112,14:37:21,245.05,250,63850
20240112,14:37:23,246.45,50,63850
20240112,14:37:24,247.6,250,63850
20240112,14:37:25,248.45,1000,63850
20240112,14:37:26,248.7,350,63850
20240112,14:37:27,247.65,400,63850
20240112,14:37:28,246.95,50,63850
20240112,14:37:29,245.9,200,63850
20240112,14:37:30,246.85,2100,63850
20240112,14:37:33,245.55,500,63850
20240112,14:37:34,245.75,400,63850
20240112,14:37:46,244.95,750,63850
20240112,14:37:52,245.7,400,63850
20240112,14:37:52,245.2,250,63850
20240112,14:37:54,245.0,50,63850
20240112,14:37:56,245.1,150,63850
20240112,14:37:59,245.2,50,63850
20240112,14:38:00,244.2,50,63850
20240112,14:38:03,242.8,450,63850
20240112,14:38:10,241.1,1750,63850
20240112,14:38:11,241.1,50,63850
20240112,14:38:17,242.2,1550,63850
20240112,14:38:22,240.0,250,63850
20240112,14:38:24,240.0,250,63850
20240112,14:38:27,240.6,50,63850
20240112,14:38:28,240.0,200,63850
20240112,14:38:32,238.8,300,63850
20240112,14:38:36,238.8,300,63850
20240112,14:38:39,238.8,50,63850
20240112,14:38:40,238.6,50,63850
20240112,14:38:42,237.55,150,63850
20240112,14:38:45,237.55,250,63850
20240112,14:38:46,241.1,50,63850
20240112,14:38:48,241.35,50,63850
20240112,14:38:51,240.05,250,63850
20240112,14:38:53,238.7,300,63850
20240112,14:38:56,238.1,50,63850
20240112,14:38:59,238.0,50,63850
20240112,14:39:05,238.6,250,63850
20240112,14:39:06,237.9,150,63850
20240112,14:39:11,237.75,1250,61300
20240112,14:39:12,237.9,250,61300
20240112,14:39:13,237.55,200,61300
20240112,14:39:18,235.85,250,61300
20240112,14:39:24,234.65,450,61300
20240112,14:39:25,234.65,50,61300
20240112,14:39:29,234.8,1150,61300
20240112,14:39:30,235.6,750,61300
20240112,14:39:31,235.4,750,61300
20240112,14:39:34,236.2,50,61300
20240112,14:39:35,236.25,50,61300
20240112,14:39:37,237.0,50,61300
20240112,14:39:38,236.7,250,61300
20240112,14:39:42,236.0,250,61300
20240112,14:39:46,236.35,100,61300
20240112,14:39:47,236.25,50,61300
20240112,14:39:55,235.0,50,61300
20240112,14:39:58,234.0,600,61300
20240112,14:39:59,233.3,50,61300
20240112,14:40:02,233.3,150,61300
20240112,14:40:03,236.0,50,61300
20240112,14:40:04,235.7,250,61300
20240112,14:40:05,234.1,750,61300
20240112,14:40:07,234.2,100,61300
20240112,14:40:09,235.0,50,61300
20240112,14:40:09,235.05,100,61300
20240112,14:40:12,233.95,50,61300
20240112,14:40:18,235.85,200,61300
20240112,14:40:19,235.0,600,61300
20240112,14:40:22,234.75,200,61300
20240112,14:40:25,233.1,150,61300
20240112,14:40:28,233.1,200,61300
20240112,14:40:29,234.7,200,61300
20240112,14:40:31,234.8,50,61300
20240112,14:40:32,234.55,150,61300
20240112,14:40:33,235.2,300,61300
20240112,14:40:34,236.05,200,61300
20240112,14:40:35,236.8,50,61300
20240112,14:40:37,234.8,100,61300
20240112,14:40:41,234.5,100,61300
20240112,14:40:44,233.9,300,61300
20240112,14:40:51,235.15,100,61300
20240112,14:40:52,235.3,450,61300
20240112,14:40:55,235.6,50,61300
20240112,14:40:57,233.9,50,61300
20240112,14:41:05,236.55,300,61300
20240112,14:41:06,236.35,200,61300
20240112,14:41:14,237.9,150,61300
20240112,14:41:18,238.85,50,61300
20240112,14:41:22,240.6,350,61300
20240112,14:41:23,240.8,50,61300
20240112,14:41:28,241.05,100,61300
20240112,14:41:29,240.45,200,61300
20240112,14:41:31,241.9,50,61300
20240112,14:41:33,241.45,50,61300
20240112,14:41:35,241.05,50,61300
20240112,14:41:36,242.25,50,61300
20240112,14:41:39,243.15,100,61300
20240112,14:41:42,242.0,200,61300
20240112,14:41:44,242.0,50,61300
20240112,14:41:46,242.2,100,61300
20240112,14:41:50,245.0,350,61300
20240112,14:41:54,245.7,1200,61300
20240112,14:41:55,246.55,400,61300
20240112,14:41:56,246.0,100,61300
20240112,14:42:04,244.2,50,61300
20240112,14:42:07,243.75,300,61300
20240112,14:42:11,241.9,200,62900
20240112,14:42:18,241.7,250,62900
20240112,14:42:21,240.0,250,62900
20240112,14:42:33,241.5,50,62900
20240112,14:42:34,241.85,100,62900
20240112,14:42:50,243.5,250,62900
20240112,14:43:03,242.35,50,62900
20240112,14:43:04,242.7,250,62900
20240112,14:43:17,242.05,400,62900
20240112,14:43:27,244.55,250,62900
20240112,14:43:28,244.95,350,62900
20240112,14:43:38,245.9,100,62900
20240112,14:43:44,244.3,100,62900
20240112,14:43:51,244.05,50,62900
20240112,14:43:52,243.75,600,62900
20240112,14:44:07,244.9,250,62900
20240112,14:44:13,244.9,250,62900
20240112,14:44:14,244.9,300,62900
20240112,14:44:21,244.15,100,62900
20240112,14:44:23,244.75,50,62900
20240112,14:44:25,244.85,250,62900
20240112,14:44:26,245.85,200,62900
20240112,14:44:27,245.95,100,62900
20240112,14:44:29,246.45,150,62900
20240112,14:44:31,246.9,250,62900
20240112,14:44:32,247.15,50,62900
20240112,14:44:33,247.2,50,62900
20240112,14:44:44,246.5,100,62900
20240112,14:44:47,246.0,100,62900
20240112,14:44:48,246.2,100,62900
20240112,14:44:49,246.65,50,62900
20240112,14:44:50,246.9,50,62900
20240112,14:44:56,247.4,50,62900
20240112,14:44:57,247.6,400,62900
20240112,14:44:59,248.0,250,62900
20240112,14:45:00,248.25,250,62900
20240112,14:45:03,246.85,50,62900
20240112,14:45:06,246.55,150,62900
20240112,14:45:10,244.95,50,62900
20240112,14:45:22,248.85,50,62350
20240112,14:45:29,250.0,50,62350
20240112,14:45:34,249.8,50,62350
20240112,14:45:40,251.75,50,62350
20240112,14:45:42,250.8,100,62350
20240112,14:45:43,250.55,100,62350
20240112,14:45:44,248.35,50,62350
20240112,14:45:46,247.5,200,62350
20240112,14:45:48,246.9,350,62350
20240112,14:45:49,246.95,100,62350
20240112,14:45:51,246.8,400,62350
20240112,14:45:54,245.7,250,62350
20240112,14:45:59,247.3,100,62350
20240112,14:46:11,248.35,200,62350
20240112,14:46:11,248.85,200,62350
20240112,14:46:17,251.4,950,62350
20240112,14:46:22,251.55,50,62350
20240112,14:46:33,250.1,1550,62350
20240112,14:46:34,250.0,750,62350
20240112,14:46:36,250.0,900,62350
20240112,14:46:38,249.4,1650,62350
20240112,14:46:45,248.45,1250,62350
20240112,14:46:47,250.3,250,62350
20240112,14:46:50,250.75,100,62350
20240112,14:46:51,250.95,50,62350
20240112,14:46:53,251.15,300,62350
20240112,14:47:00,250.85,300,62350
20240112,14:47:08,253.0,450,62350
20240112,14:47:12,252.7,50,62350
20240112,14:47:18,253.6,50,62350
20240112,14:47:20,253.75,50,62350
20240112,14:47:22,252.95,1550,62350
20240112,14:47:23,251.4,50,62350
20240112,14:47:24,252.25,800,62350
20240112,14:47:26,251.35,400,62350
20240112,14:47:27,250.1,100,62350
20240112,14:47:29,249.8,1050,62350
20240112,14:47:30,250.35,100,62350
20240112,14:47:31,250.75,50,62350
20240112,14:47:31,251.4,550,62350
20240112,14:47:32,251.25,200,62350
20240112,14:47:35,251.05,2400,62350
20240112,14:47:36,250.6,1000,62350
20240112,14:47:38,250.25,750,62350
20240112,14:47:40,251.2,750,62350
20240112,14:47:41,250.8,1500,62350
20240112,14:47:42,251.2,550,62350
20240112,14:47:45,250.85,100,62350
20240112,14:47:51,251.45,50,62350
20240112,14:47:57,251.3,300,62350
20240112,14:48:03,251.3,100,62350
20240112,14:48:04,251.85,200,62350
20240112,14:48:06,251.9,50,62350
20240112,14:48:33,251.45,100,67250
20240112,14:48:37,251.9,50,67250
20240112,14:48:41,252.8,50,67250
20240112,14:48:42,252.7,50,67250
20240112,14:48:43,251.85,650,67250
20240112,14:48:45,252.45,50,67250
20240112,14:48:46,252.55,50,67250
20240112,14:48:57,252.25,50,67250
20240112,14:49:07,253.95,50,67250
20240112,14:49:08,254.05,100,67250
20240112,14:49:09,254.5,150,67250
20240112,14:49:10,254.85,150,67250
20240112,14:49:12,255.2,150,67250
20240112,14:49:22,257.6,650,67250
20240112,14:49:26,256.6,250,67250
20240112,14:49:29,256.55,250,67250
20240112,14:49:31,255.45,50,67250
20240112,14:49:35,258.0,200,67250
20240112,14:49:36,258.3,50,67250
20240112,14:49:37,258.2,550,67250
20240112,14:49:41,259.05,250,67250
20240112,14:49:42,259.7,50,67250
20240112,14:49:43,258.95,250,67250
20240112,14:49:45,257.8,50,67250
20240112,14:49:46,255.85,50,67250
20240112,14:49:47,255.7,100,67250
20240112,14:49:58,260.05,150,67250
20240112,14:50:00,260.8,600,67250
20240112,14:50:01,260.7,400,67250
20240112,14:50:03,261.9,150,67250
20240112,14:50:05,265.0,250,67250
20240112,14:50:06,264.85,1800,67250
20240112,14:50:08,263.9,50,67250
20240112,14:50:09,266.1,50,67250
20240112,14:50:14,263.15,400,67250
20240112,14:50:16,259.8,50,67250
20240112,14:50:17,257.6,550,67250
20240112,14:50:23,255.3,150,67250
20240112,14:50:24,256.25,50,67250
20240112,14:50:28,260.0,150,67250
20240112,14:50:44,256.45,150,67250
20240112,14:50:53,258.1,1000,67250
20240112,14:50:59,261.05,100,67250
20240112,14:51:00,260.75,50,67250
20240112,14:51:03,260.95,300,67250
20240112,14:51:06,260.25,250,67250
20240112,14:51:10,260.4,150,67600
20240112,14:51:10,259.75,100,67600
20240112,14:51:12,259.65,50,67600
20240112,14:51:18,259.2,50,67600
20240112,14:51:28,256.55,50,67600
20240112,14:51:32,254.75,950,67600
20240112,14:51:35,254.3,50,67600
20240112,14:51:40,253.9,50,67600
20240112,14:51:46,254.55,150,67600
20240112,14:51:51,253.75,100,67600
20240112,14:52:04,256.85,50,67600
20240112,14:52:12,255.75,50,67600
20240112,14:52:17,256.0,150,67600
20240112,14:52:19,256.65,150,67600
20240112,14:52:39,261.15,50,67600
20240112,14:52:44,259.55,50,67600
20240112,14:52:45,260.3,50,67600
20240112,14:52:54,260.7,50,67600
20240112,14:52:57,260.8,250,67600
20240112,14:53:00,259.0,150,67600
20240112,14:53:02,259.8,50,67600
20240112,14:53:20,263.3,150,67600
20240112,14:53:23,263.7,50,67600
20240112,14:53:25,264.9,200,67600
20240112,14:53:27,265.8,1350,67600
20240112,14:53:28,264.2,500,67600
20240112,14:53:29,264.25,150,67600
20240112,14:53:30,264.25,50,67600
20240112,14:53:31,264.75,250,67600
20240112,14:53:32,264.75,300,67600
20240112,14:53:34,264.1,50,67600
20240112,14:53:37,264.4,600,67600
20240112,14:53:39,264.05,50,67600
20240112,14:53:42,263.4,100,67600
20240112,14:53:50,262.9,50,67600
20240112,14:53:52,263.5,100,67600
20240112,14:53:53,263.95,250,67600
20240112,14:53:56,262.95,50,67600
20240112,14:54:03,256.9,400,67600
20240112,14:54:04,258.35,200,67600
20240112,14:54:08,258.15,50,67600
20240112,14:54:11,259.45,150,68900
20240112,14:54:20,263.45,50,68900
20240112,14:54:21,263.55,100,68900
20240112,14:54:22,264.4,250,68900
20240112,14:54:23,262.9,100,68900
20240112,14:54:24,262.5,250,68900
20240112,14:54:30,262.45,50,68900
20240112,14:54:31,262.85,450,68900
20240112,14:54:32,263.3,250,68900
20240112,14:54:33,263.3,250,68900
20240112,14:54:41,262.8,50,68900
20240112,14:54:47,262.9,50,68900
20240112,14:54:51,260.8,100,68900
20240112,14:54:52,260.75,50,68900
20240112,14:54:53,259.25,100,68900
20240112,14:54:58,261.7,250,68900
20240112,14:54:59,261.7,50,68900
20240112,14:55:20,262.5,50,68900
20240112,14:55:26,261.5,50,68900
20240112,14:55:34,261.05,50,68900
20240112,14:55:36,261.8,550,68900
20240112,14:55:37,261.8,500,68900
20240112,14:55:45,262.9,200,68900
20240112,14:56:01,263.9,50,68900
20240112,14:56:03,264.95,200,68900
20240112,14:56:17,263.95,50,68900
20240112,14:56:18,264.1,50,68900
20240112,14:56:19,263.85,50,68900
20240112,14:56:21,264.2,150,68900
20240112,14:56:24,263.8,50,68900
20240112,14:56:24,263.6,150,68900
20240112,14:56:25,263.5,50,68900
20240112,14:56:26,264.3,50,68900
20240112,14:56:27,263.15,450,68900
20240112,14:56:28,263.0,100,68900
20240112,14:56:31,263.75,50,68900
20240112,14:56:31,263.95,50,68900
20240112,14:56:32,264.0,200,68900
20240112,14:56:33,263.75,200,68900
20240112,14:56:41,258.35,150,68900
20240112,14:56:42,258.3,500,68900
20240112,14:56:45,259.15,250,68900
20240112,14:56:46,259.05,150,68900
20240112,14:56:50,259.15,200,68900
20240112,14:56:51,261.15,400,68900
20240112,14:56:52,261.8,300,68900
20240112,14:56:53,262.3,50,68900
20240112,14:56:54,262.15,200,68900
20240112,14:56:56,262.3,450,68900
20240112,14:56:56,262.35,200,68900
20240112,14:56:57,263.2,200,68900
20240112,14:56:58,262.1,450,68900
20240112,14:56:59,262.9,650,68900
20240112,14:57:00,261.55,550,68900
20240112,14:57:02,262.15,450,68900
20240112,14:57:03,262.0,350,68900
20240112,14:57:04,261.6,250,68900
20240112,14:57:05,262.65,200,68900
20240112,14:57:07,262.95,250,68900
20240112,14:57:08,263.8,100,68900
20240112,14:57:10,263.6,1000,68900
20240112,14:57:10,263.0,250,68900
20240112,14:57:11,262.55,700,74550
20240112,14:57:12,262.1,750,74550
20240112,14:57:13,262.3,1100,74550
20240112,14:57:14,262.8,850,74550
20240112,14:57:16,262.45,50,74550
20240112,14:57:17,263.1,50,74550
20240112,14:57:18,263.9,500,74550
20240112,14:57:20,263.95,1100,74550
20240112,14:57:21,263.6,150,74550
20240112,14:57:22,263.1,50,74550
20240112,14:57:30,263.25,50,74550
20240112,14:57:45,262.65,150,74550
20240112,14:57:55,262.95,50,74550
20240112,14:58:07,262.2,900,74550
20240112,14:58:08,262.85,750,74550
20240112,14:58:10,261.35,800,74550
20240112,14:58:11,261.55,400,74550
20240112,14:58:11,262.0,550,74550
20240112,14:58:13,262.75,350,74550
20240112,14:58:13,262.6,500,74550
20240112,14:58:14,262.05,50,74550
20240112,14:58:15,261.7,50,74550
20240112,14:58:18,261.1,350,74550
20240112,14:58:19,261.05,50,74550
20240112,14:58:20,261.65,250,74550
20240112,14:58:21,261.35,50,74550
20240112,14:58:31,262.7,50,74550
20240112,14:58:36,262.05,50,74550
20240112,14:58:40,263.2,450,74550
20240112,14:58:42,263.35,50,74550
20240112,14:58:44,263.55,250,74550
20240112,14:58:47,263.3,50,74550
20240112,14:58:47,263.4,550,74550
20240112,14:58:48,263.3,100,74550
20240112,14:58:50,261.3,200,74550
20240112,14:58:52,258.05,200,74550
20240112,14:58:53,258.3,450,74550
20240112,14:59:01,257.3,100,74550
20240112,14:59:04,258.0,100,74550
20240112,14:59:07,259.25,250,74550
20240112,14:59:09,259.45,200,74550
20240112,14:59:13,259.3,250,74550
20240112,14:59:14,259.5,250,74550
20240112,14:59:15,261.05,200,74550
20240112,14:59:16,263.15,50,74550
20240112,14:59:21,261.95,150,74550
20240112,14:59:22,261.55,150,74550
20240112,14:59:27,261.7,200,74550
20240112,14:59:37,259.25,100,74550
20240112,14:59:47,260.1,50,74550
20240112,15:00:02,259.3,250,74550
20240112,15:00:03,258.75,50,74550
20240112,15:00:05,258.45,450,74550
20240112,15:00:09,255.7,150,74550
20240112,15:00:11,252.15,200,74550
20240112,15:00:12,250.25,1500,80800
20240112,15:00:13,252.2,50,80800
20240112,15:00:14,254.95,350,80800
20240112,15:00:15,256.4,1050,80800
20240112,15:00:16,256.3,150,80800
20240112,15:00:17,255.25,100,80800
20240112,15:00:20,254.9,350,80800
20240112,15:00:21,255.4,50,80800
20240112,15:00:23,258.5,400,80800
20240112,15:00:24,260.3,150,80800
20240112,15:00:25,260.2,100,80800
20240112,15:00:27,258.2,250,80800
20240112,15:00:31,257.6,150,80800
20240112,15:00:32,257.1,50,80800
20240112,15:00:35,256.45,50,80800
20240112,15:00:37,257.15,200,80800
20240112,15:00:39,257.25,50,80800
20240112,15:00:42,259.35,200,80800
20240112,15:00:44,259.8,100,80800
20240112,15:00:45,260.15,400,80800
20240112,15:00:46,260.25,150,80800
20240112,15:00:47,259.45,100,80800
20240112,15:00:50,259.4,150,80800
20240112,15:00:51,258.85,100,80800
20240112,15:00:52,259.35,100,80800
20240112,15:00:59,258.4,50,80800
20240112,15:01:00,258.55,350,80800
20240112,15:01:01,258.9,50,80800
20240112,15:01:06,257.15,50,80800
20240112,15:01:09,258.95,100,80800
20240112,15:01:10,258.2,50,80800
20240112,15:01:13,261.3,100,80800
20240112,15:01:14,261.85,250,80800
20240112,15:01:16,261.3,150,80800
20240112,15:01:18,260.2,300,80800
20240112,15:01:19,258.75,50,80800
20240112,15:01:19,259.15,50,80800
20240112,15:01:24,257.55,150,80800
20240112,15:01:25,258.65,50,80800
20240112,15:01:26,260.4,150,80800
20240112,15:01:32,260.75,200,80800
20240112,15:01:36,261.45,150,80800
20240112,15:01:37,260.6,100,80800
20240112,15:01:39,260.2,100,80800
20240112,15:01:41,261.5,50,80800
20240112,15:01:43,260.05,100,80800
20240112,15:01:44,260.2,200,80800
20240112,15:01:50,259.4,100,80800
20240112,15:01:55,259.9,450,80800
20240112,15:01:57,259.6,250,80800
20240112,15:01:59,259.2,50,80800
20240112,15:02:10,257.95,100,80800
20240112,15:02:15,258.3,100,80800
20240112,15:02:17,258.15,50,80800
20240112,15:02:23,258.55,200,80800
20240112,15:02:24,259.1,300,80800
20240112,15:02:24,259.1,50,80800
20240112,15:02:28,260.0,200,80800
20240112,15:02:29,260.75,150,80800
20240112,15:02:31,259.95,50,80800
20240112,15:02:33,260.5,200,80800
20240112,15:02:34,259.35,50,80800
20240112,15:02:38,260.15,450,80800
20240112,15:02:39,261.45,200,80800
20240112,15:03:01,261.0,100,80800
20240112,15:03:02,260.7,100,80800
20240112,15:03:03,261.45,100,80800
20240112,15:03:04,260.85,100,80800
20240112,15:03:05,260.95,50,80800
20240112,15:03:06,259.65,50,80800
20240112,15:03:08,260.15,100,80800
20240112,15:03:09,260.0,900,80800
20240112,15:03:10,258.4,250,80800
20240112,15:03:12,256.9,50,80800
20240112,15:03:13,255.1,600,83000
20240112,15:03:14,255.5,550,83000
20240112,15:03:15,256.0,1100,83000
20240112,15:03:18,254.35,50,83000
20240112,15:03:24,253.95,100,83000
20240112,15:03:30,254.35,700,83000
20240112,15:03:43,254.1,50,83000
20240112,15:03:45,253.3,150,83000
20240112,15:03:47,253.0,100,83000
20240112,15:03:49,251.4,150,83000
20240112,15:03:50,250.6,50,83000
20240112,15:03:51,252.7,50,83000
20240112,15:03:56,252.65,50,83000
20240112,15:04:00,253.05,250,83000
20240112,15:04:04,252.45,200,83000
20240112,15:04:05,253.25,50,83000
20240112,15:04:07,252.9,350,83000
20240112,15:04:20,253.8,100,83000
20240112,15:04:21,256.35,200,83000
20240112,15:04:22,256.15,50,83000
20240112,15:04:24,256.3,150,83000
20240112,15:04:25,257.45,300,83000
20240112,15:04:27,257.6,100,83000
20240112,15:04:31,260.0,750,83000
20240112,15:04:33,258.15,50,83000
20240112,15:04:34,258.55,50,83000
20240112,15:04:35,260.6,100,83000
20240112,15:04:36,258.7,600,83000
20240112,15:04:37,260.7,200,83000
20240112,15:04:38,260.75,850,83000
20240112,15:04:39,261.3,250,83000
20240112,15:04:40,261.3,550,83000
20240112,15:04:44,261.25,150,83000
20240112,15:04:45,262.9,600,83000
20240112,15:04:47,263.5,250,83000
20240112,15:04:50,266.25,950,83000
20240112,15:04:52,266.5,350,83000
20240112,15:04:53,269.35,300,83000
20240112,15:04:54,270.45,100,83000
20240112,15:04:55,271.05,600,83000
20240112,15:04:57,272.5,500,83000
20240112,15:04:58,271.5,350,83000
20240112,15:04:59,275.5,100,83000
20240112,15:05:00,278.45,100,83000
20240112,15:05:01,279.95,250,83000
20240112,15:05:03,278.35,650,83000
20240112,15:05:04,281.1,1700,83000
20240112,15:05:05,278.8,250,83000
20240112,15:05:06,277.35,450,83000
20240112,15:05:07,275.4,400,83000
20240112,15:05:09,273.0,800,83000
20240112,15:05:10,272.8,400,83000
20240112,15:05:12,271.85,100,83000
20240112,15:05:13,271.95,550,83000
20240112,15:05:14,270.1,100,83000
20240112,15:05:15,270.55,50,83000
20240112,15:05:16,270.55,50,83000
20240112,15:05:17,268.7,100,83000
20240112,15:05:19,266.75,300,83000
20240112,15:05:21,274.0,300,83000
20240112,15:05:22,275.55,50,83000
20240112,15:05:25,277.95,100,83000
20240112,15:05:29,276.4,50,83000
20240112,15:05:31,277.95,300,83000
20240112,15:05:32,274.55,50,83000
20240112,15:05:33,273.55,50,83000
20240112,15:05:34,273.35,200,83000
20240112,15:05:35,275.2,150,83000
20240112,15:05:40,273.0,50,83000
20240112,15:05:42,271.5,50,83000
20240112,15:05:44,272.95,150,83000
20240112,15:05:47,271.15,350,83000
20240112,15:05:56,274.05,100,83000
20240112,15:06:00,275.0,50,83000
20240112,15:06:04,276.85,100,83000
20240112,15:06:06,279.4,100,83000
20240112,15:06:06,279.9,250,83000
20240112,15:06:07,278.3,50,83000
20240112,15:06:08,276.9,250,83000
20240112,15:06:10,276.9,500,83000
20240112,15:06:12,275.5,200,83950
20240112,15:06:23,277.25,50,83950
20240112,15:06:25,277.3,50,83950
20240112,15:06:26,278.8,100,83950
20240112,15:06:28,281.0,150,83950
20240112,15:06:29,281.9,300,83950
20240112,15:06:32,283.55,50,83950
20240112,15:06:34,283.55,50,83950
20240112,15:06:35,282.1,150,83950
20240112,15:06:36,282.95,50,83950
20240112,15:06:38,282.8,700,83950
20240112,15:06:39,284.75,250,83950
20240112,15:06:40,285.0,100,83950
20240112,15:06:41,285.9,1700,83950
20240112,15:06:42,285.55,200,83950
20240112,15:06:44,285.7,50,83950
20240112,15:06:46,284.4,200,83950
20240112,15:06:47,283.8,400,83950
20240112,15:06:48,283.55,850,83950
20240112,15:06:49,286.5,300,83950
20240112,15:06:50,286.35,550,83950
20240112,15:06:51,286.15,50,83950
20240112,15:06:52,284.05,50,83950
20240112,15:06:53,284.85,100,83950
20240112,15:06:54,286.15,50,83950
20240112,15:06:55,285.5,250,83950
20240112,15:06:56,285.15,100,83950
20240112,15:06:57,285.7,500,83950
20240112,15:06:58,285.1,200,83950
20240112,15:07:00,281.5,700,83950
20240112,15:07:01,281.75,350,83950
20240112,15:07:02,282.65,950,83950
20240112,15:07:03,283.55,400,83950
20240112,15:07:04,282.3,150,83950
20240112,15:07:07,279.95,450,83950
20240112,15:07:09,281.6,500,83950
20240112,15:07:10,284.3,150,83950
20240112,15:07:12,283.3,100,83950
20240112,15:07:16,285.0,100,83950
20240112,15:07:20,285.0,150,83950
20240112,15:07:23,282.0,600,83950
20240112,15:07:24,281.7,250,83950
20240112,15:07:27,282.8,500,83950
20240112,15:07:28,282.1,50,83950
20240112,15:07:29,281.3,50,83950
20240112,15:07:39,283.45,400,83950
20240112,15:07:42,282.45,50,83950
20240112,15:07:44,283.45,50,83950
20240112,15:07:47,282.35,100,83950
20240112,15:07:48,282.65,50,83950
20240112,15:07:49,282.5,50,83950
20240112,15:07:51,285.55,50,83950
20240112,15:07:52,284.15,50,83950
20240112,15:07:56,285.6,500,83950
20240112,15:07:57,286.6,50,83950
20240112,15:07:58,288.5,100,83950
20240112,15:08:01,288.4,50,83950
20240112,15:08:02,290.75,200,83950
20240112,15:08:04,292.05,250,83950
20240112,15:08:05,293.35,600,83950
20240112,15:08:06,292.95,400,83950
20240112,15:08:07,293.3,300,83950
20240112,15:08:09,294.05,50,83950
20240112,15:08:13,292.75,1000,83950
20240112,15:08:15,293.25,50,83950
20240112,15:08:16,295.05,200,83950
20240112,15:08:20,296.0,100,83950
20240112,15:08:22,297.8,250,83950
20240112,15:08:25,294.3,100,83950
20240112,15:08:26,295.85,1900,83950
20240112,15:08:26,296.05,150,83950
20240112,15:08:28,294.85,50,83950
20240112,15:08:29,290.85,100,83950
20240112,15:08:30,291.25,100,83950
20240112,15:08:33,291.0,100,83950
20240112,15:08:36,290.0,650,83950
20240112,15:08:39,290.4,350,83950
20240112,15:08:41,290.75,2000,83950
20240112,15:08:41,290.4,50,83950
20240112,15:08:43,290.9,50,83950
20240112,15:08:48,293.4,300,83950
20240112,15:08:56,296.0,450,83950
20240112,15:09:02,296.0,150,83950
20240112,15:09:04,291.5,50,83950
20240112,15:09:05,295.25,600,83950
20240112,15:09:06,296.15,250,83950
20240112,15:09:07,297.25,100,83950
20240112,15:09:13,295.55,150,83950
20240112,15:09:13,297.3,450,83850
20240112,15:09:16,299.4,2150,83850
20240112,15:09:17,299.45,50,83850
20240112,15:09:18,297.0,200,83850
20240112,15:09:19,295.75,250,83850
20240112,15:09:20,297.75,650,83850
20240112,15:09:22,297.55,300,83850
20240112,15:09:23,300.0,1450,83850
20240112,15:09:24,299.65,50,83850
20240112,15:09:26,299.55,200,83850
20240112,15:09:29,299.45,250,83850
20240112,15:09:30,300.0,1250,83850
20240112,15:09:34,297.7,100,83850
20240112,15:09:37,297.1,50,83850
20240112,15:09:38,299.25,100,83850
20240112,15:09:39,298.65,50,83850
20240112,15:09:44,295.0,300,83850
20240112,15:09:49,297.25,50,83850
20240112,15:09:49,297.0,500,83850
20240112,15:09:52,297.95,100,83850
20240112,15:09:53,298.45,50,83850
20240112,15:09:59,297.9,50,83850
20240112,15:10:03,298.4,100,83850
20240112,15:10:06,300.0,600,83850
20240112,15:10:07,299.0,100,83850
20240112,15:10:10,298.0,50,83850
20240112,15:10:12,298.2,200,83850
20240112,15:10:16,302.6,100,83850
20240112,15:10:17,302.6,350,83850
20240112,15:10:21,302.9,50,83850
20240112,15:10:23,300.3,200,83850
20240112,15:10:24,299.55,50,83850
20240112,15:10:25,298.95,100,83850
20240112,15:10:28,298.6,400,83850
20240112,15:10:30,294.95,250,83850
20240112,15:10:32,293.8,350,83850
20240112,15:10:33,290.7,100,83850
20240112,15:10:33,290.0,250,83850
20240112,15:10:35,288.0,150,83850
20240112,15:10:37,288.0,850,83850
20240112,15:10:38,289.8,50,83850
20240112,15:10:39,288.45,200,83850
20240112,15:10:39,287.6,50,83850
20240112,15:10:40,288.2,450,83850
20240112,15:10:42,287.65,100,83850
20240112,15:10:43,290.3,250,83850
20240112,15:10:55,292.3,200,83850
20240112,15:10:56,290.0,100,83850
20240112,15:10:59,288.2,50,83850
20240112,15:11:00,287.35,150,83850
20240112,15:11:01,284.7,200,83850
20240112,15:11:02,282.05,50,83850
20240112,15:11:04,286.7,300,83850
20240112,15:11:04,285.75,200,83850
20240112,15:11:05,285.55,50,83850
20240112,15:11:07,285.0,50,83850
20240112,15:11:08,284.7,200,83850
20240112,15:11:09,288.55,650,83850
20240112,15:11:10,287.7,50,83850
20240112,15:11:11,285.8,50,83850
20240112,15:11:12,286.0,300,83850
20240112,15:11:13,286.5,100,83850
20240112,15:11:14,285.3,50,83850
20240112,15:11:17,286.45,50,83850
20240112,15:11:20,284.35,50,83850
20240112,15:11:21,284.35,200,83850
20240112,15:11:22,281.25,100,83850
20240112,15:11:23,282.75,50,83850
20240112,15:11:24,284.0,250,83850
20240112,15:11:27,283.55,100,83850
20240112,15:11:28,283.3,100,83850
20240112,15:11:29,282.65,150,83850
20240112,15:11:30,284.25,150,83850
20240112,15:11:30,284.1,250,83850
20240112,15:11:34,280.35,550,83850
20240112,15:11:36,280.65,100,83850
20240112,15:11:38,276.55,50,83850
20240112,15:11:39,276.45,50,83850
20240112,15:11:40,278.3,100,83850
20240112,15:11:41,278.6,800,83850
20240112,15:11:41,277.35,50,83850
20240112,15:11:44,277.4,100,83850
20240112,15:11:45,277.4,50,83850
20240112,15:11:47,280.3,550,83850
20240112,15:11:48,278.7,50,83850
20240112,15:12:01,280.75,100,83850
20240112,15:12:04,283.0,700,83850
20240112,15:12:05,282.85,300,83850
20240112,15:12:06,281.4,100,83850
20240112,15:12:07,283.6,50,83850
20240112,15:12:09,283.95,50,83850
20240112,15:12:11,286.55,550,83850
20240112,15:12:12,285.75,150,83850
20240112,15:12:13,285.8,50,83850
20240112,15:12:14,286.0,50,77600
20240112,15:12:15,284.6,300,77600
20240112,15:12:16,287.55,100,77600
20240112,15:12:17,286.55,50,77600
20240112,15:12:18,286.8,300,77600
20240112,15:12:19,285.65,100,77600
20240112,15:12:21,285.55,100,77600
20240112,15:12:22,284.85,450,77600
20240112,15:12:24,283.75,50,77600
20240112,15:12:25,281.85,350,77600
20240112,15:12:26,283.1,450,77600
20240112,15:12:34,283.0,200,77600
20240112,15:12:36,283.1,200,77600
20240112,15:12:43,282.9,50,77600
20240112,15:12:48,279.3,50,77600
20240112,15:12:49,277.4,250,77600
20240112,15:12:50,278.0,150,77600
20240112,15:12:51,278.5,100,77600
20240112,15:12:53,280.0,100,77600
20240112,15:12:59,283.7,100,77600
20240112,15:13:00,284.6,100,77600
20240112,15:13:02,284.25,50,77600
20240112,15:13:04,284.5,250,77600
20240112,15:13:04,285.95,150,77600
20240112,15:13:06,286.55,100,77600
20240112,15:13:15,286.9,250,77600
20240112,15:13:18,286.05,100,77600
20240112,15:13:27,285.45,50,77600
20240112,15:13:41,288.2,100,77600
20240112,15:13:44,287.45,50,77600
20240112,15:13:49,285.9,100,77600
20240112,15:13:50,285.0,50,77600
20240112,15:13:51,285.0,50,77600
20240112,15:13:52,284.45,150,77600
20240112,15:14:04,286.8,150,77600
20240112,15:14:05,287.4,100,77600
20240112,15:14:06,286.4,250,77600
20240112,15:14:15,285.0,750,77600
20240112,15:14:17,282.35,300,77600
20240112,15:14:20,283.35,50,77600
20240112,15:14:25,282.9,50,77600
20240112,15:14:32,280.0,1000,77600
20240112,15:14:42,281.3,50,77600
20240112,15:14:44,281.25,50,77600
20240112,15:14:45,281.4,50,77600
20240112,15:14:47,281.7,50,77600
20240112,15:15:00,279.75,200,77600
20240112,15:15:02,276.85,150,77600
20240112,15:15:04,278.2,300,77600
20240112,15:15:05,278.5,250,77600
20240112,15:15:12,281.6,1200,77600
20240112,15:15:13,281.9,50,77600
20240112,15:15:15,280.5,150,81500
20240112,15:15:19,279.9,350,81500
20240112,15:15:27,278.7,50,81500
20240112,15:15:31,276.0,100,81500
20240112,15:15:33,275.6,50,81500
20240112,15:15:37,272.8,100,81500
20240112,15:15:39,272.6,50,81500
20240112,15:15:44,273.5,250,81500
20240112,15:15:51,268.3,100,81500
20240112,15:15:52,268.05,50,81500
20240112,15:16:00,270.7,50,81500
20240112,15:16:06,264.65,150,81500
20240112,15:16:12,262.7,150,81500
20240112,15:16:14,264.35,200,81500
20240112,15:16:15,263.4,200,81500
20240112,15:16:17,261.35,50,81500
20240112,15:16:20,263.25,50,81500
20240112,15:16:25,262.0,100,81500
20240112,15:16:30,261.0,150,81500
20240112,15:16:32,261.95,100,81500
20240112,15:16:36,261.75,650,81500
20240112,15:16:37,261.4,100,81500
20240112,15:16:38,261.5,50,81500
20240112,15:16:40,261.9,100,81500
20240112,15:16:41,263.2,400,81500
20240112,15:16:42,262.9,100,81500
20240112,15:16:49,263.2,50,81500
20240112,15:16:51,265.2,100,81500
20240112,15:16:54,266.5,100,81500
20240112,15:17:00,268.95,300,81500
20240112,15:17:03,266.8,50,81500
20240112,15:17:05,267.7,250,81500
20240112,15:17:12,267.8,100,81500
20240112,15:17:33,266.9,50,81500
20240112,15:18:03,263.0,250,81500
20240112,15:18:04,264.0,150,81500
20240112,15:18:09,264.0,250,81500
20240112,15:18:16,265.85,100,83050
20240112,15:18:31,266.2,50,83050
20240112,15:18:48,263.35,100,83050
20240112,15:18:50,263.5,250,83050
20240112,15:19:02,264.55,150,83050
20240112,15:19:08,265.05,50,83050
20240112,15:19:09,264.15,100,83050
20240112,15:19:13,264.3,300,83050
20240112,15:19:14,263.85,250,83050
20240112,15:19:42,264.3,100,83050
20240112,15:19:46,265.0,100,83050
20240112,15:20:04,263.2,100,83050
20240112,15:20:06,260.15,450,83050
20240112,15:20:11,259.5,50,83050
20240112,15:20:18,259.3,200,83050
20240112,15:20:25,257.65,100,83050
20240112,15:20:28,258.2,100,83050
20240112,15:20:30,258.85,150,83050
20240112,15:20:31,257.6,50,83050
20240112,15:20:32,256.65,100,83050
20240112,15:20:39,256.3,250,83050
20240112,15:20:40,256.0,500,83050
20240112,15:20:41,255.45,200,83050
20240112,15:20:45,255.6,550,83050
20240112,15:20:45,255.1,200,83050
20240112,15:20:47,254.9,350,83050
20240112,15:20:49,254.35,50,83050
20240112,15:20:50,253.85,250,83050
20240112,15:20:54,253.0,50,83050
20240112,15:21:00,255.1,150,83050
20240112,15:21:00,256.15,50,83050
20240112,15:21:01,255.9,100,83050
20240112,15:21:07,255.45,50,83050
20240112,15:21:13,254.85,50,83050
20240112,15:21:17,256.7,50,81600
20240112,15:21:19,254.85,100,81600
20240112,15:21:21,254.7,50,81600
20240112,15:21:23,254.35,50,81600
20240112,15:21:24,254.25,250,81600
20240112,15:21:25,253.7,100,81600
20240112,15:21:26,253.65,50,81600
20240112,15:21:30,254.25,50,81600
20240112,15:21:31,253.95,200,81600
20240112,15:21:37,253.2,50,81600
20240112,15:21:38,253.1,200,81600
20240112,15:21:39,253.65,150,81600
20240112,15:21:42,252.35,100,81600
20240112,15:21:47,252.95,100,81600
20240112,15:21:56,253.0,1900,81600
20240112,15:21:57,252.55,50,81600
20240112,15:22:01,255.85,350,81600
20240112,15:22:02,255.65,50,81600
20240112,15:22:05,254.85,300,81600
20240112,15:22:06,257.15,150,81600
20240112,15:22:14,257.15,250,81600
20240112,15:22:16,257.75,50,81600
20240112,15:22:17,258.0,500,81600
20240112,15:22:18,256.9,100,81600
20240112,15:22:19,256.3,50,81600
20240112,15:22:20,254.8,200,81600
20240112,15:22:22,254.55,450,81600
20240112,15:22:23,255.0,100,81600
20240112,15:22:26,256.9,400,81600
20240112,15:22:27,256.85,50,81600
20240112,15:22:31,256.95,100,81600
20240112,15:22:41,258.6,150,81600
20240112,15:22:42,258.15,50,81600
20240112,15:22:43,259.4,350,81600
20240112,15:22:44,258.65,50,81600
20240112,15:22:47,258.45,50,81600
20240112,15:23:00,259.8,50,81600
20240112,15:23:02,260.1,50,81600
20240112,15:23:04,258.7,100,81600
20240112,15:23:05,258.45,100,81600
20240112,15:23:07,259.95,100,81600
20240112,15:23:10,260.6,600,81600
20240112,15:23:11,259.4,500,81600
20240112,15:23:12,259.7,250,81600
20240112,15:23:13,260.45,1050,81600
20240112,15:23:29,258.65,1050,81600
20240112,15:23:30,259.1,50,81600
20240112,15:23:31,259.3,200,81600
20240112,15:23:32,259.6,500,81600
20240112,15:23:33,259.25,150,81600
20240112,15:23:34,258.6,100,81600
20240112,15:23:35,259.35,50,81600
20240112,15:23:36,260.25,100,81600
20240112,15:23:39,260.2,100,81600
20240112,15:23:40,261.75,300,81600
20240112,15:23:42,261.65,350,81600
20240112,15:23:43,262.05,350,81600
20240112,15:23:44,261.0,50,81600
20240112,15:23:45,260.8,400,81600
20240112,15:23:48,261.5,500,81600
20240112,15:23:50,260.4,350,81600
20240112,15:23:51,260.85,200,81600
20240112,15:23:52,260.7,400,81600
20240112,15:23:53,259.45,650,81600
20240112,15:23:54,260.05,150,81600
20240112,15:23:56,260.65,50,81600
20240112,15:23:57,260.6,50,81600
20240112,15:23:58,260.8,250,81600
20240112,15:23:59,261.3,50,81600
20240112,15:24:00,260.65,50,81600
20240112,15:24:00,259.95,50,81600
20240112,15:24:01,260.3,50,81600
20240112,15:24:05,259.6,100,81600
20240112,15:24:06,259.45,250,81600
20240112,15:24:08,258.95,50,81600
20240112,15:24:16,257.8,50,74350
20240112,15:24:17,256.8,200,74350
20240112,15:24:18,256.25,100,74350
20240112,15:24:19,255.75,100,74350
20240112,15:24:20,254.45,50,74350
20240112,15:24:21,254.8,100,74350
20240112,15:24:23,255.65,250,74350
20240112,15:24:24,255.2,100,74350
20240112,15:24:27,254.35,100,74350
20240112,15:24:28,254.25,100,74350
20240112,15:24:29,254.1,250,74350
20240112,15:24:32,253.2,50,74350
20240112,15:24:37,253.25,50,74350
20240112,15:24:39,252.95,750,74350
20240112,15:24:40,253.05,100,74350
20240112,15:24:41,252.3,50,74350
20240112,15:24:42,252.65,150,74350
20240112,15:24:44,252.6,50,74350
20240112,15:24:45,251.85,50,74350
20240112,15:24:50,251.65,50,74350
20240112,15:24:51,252.4,150,74350
20240112,15:24:52,252.2,200,74350
20240112,15:24:54,251.5,200,74350
20240112,15:24:55,252.25,100,74350
20240112,15:24:56,251.2,750,74350
20240112,15:24:57,251.7,150,74350
20240112,15:24:58,251.5,200,74350
20240112,15:24:59,251.15,350,74350
20240112,15:25:00,252.05,150,74350
20240112,15:25:01,251.6,350,74350
20240112,15:25:02,251.7,200,74350
20240112,15:25:03,251.3,50,74350
20240112,15:25:05,252.7,850,74350
20240112,15:25:12,250.95,50,74350
20240112,15:25:15,251.25,100,74350
20240112,15:25:16,250.35,300,74350
20240112,15:25:17,250.0,250,74350
20240112,15:25:20,250.15,150,74350
20240112,15:25:24,249.3,200,74350
20240112,15:25:28,249.8,350,74350
20240112,15:25:32,248.5,100,74350
20240112,15:25:33,248.5,50,74350
20240112,15:25:34,247.55,550,74350
20240112,15:25:35,246.8,50,74350
20240112,15:25:36,247.15,300,74350
20240112,15:25:37,247.85,100,74350
20240112,15:25:40,246.6,150,74350
20240112,15:25:41,246.7,400,74350
20240112,15:25:43,247.4,50,74350
20240112,15:25:46,247.3,50,74350
20240112,15:25:50,245.65,500,74350
20240112,15:25:52,246.2,50,74350
20240112,15:25:54,246.6,700,74350
20240112,15:25:56,246.0,50,74350
20240112,15:25:58,246.25,150,74350
20240112,15:25:59,246.4,350,74350
20240112,15:26:03,246.4,50,74350
20240112,15:26:04,246.15,400,74350
20240112,15:26:05,246.35,50,74350
20240112,15:26:08,245.7,250,74350
20240112,15:26:09,245.9,50,74350
20240112,15:26:11,246.3,200,74350
20240112,15:26:14,247.5,200,74350
20240112,15:26:15,247.65,150,74350
20240112,15:26:21,248.4,50,74350
20240112,15:26:30,248.0,50,74350
20240112,15:26:38,247.75,50,74350
20240112,15:26:40,247.05,250,74350
20240112,15:26:41,246.85,300,74350
20240112,15:26:46,247.15,50,74350
20240112,15:26:47,246.95,300,74350
20240112,15:26:48,246.95,300,74350
20240112,15:26:50,247.3,850,74350
20240112,15:26:52,247.4,100,74350
20240112,15:26:53,247.15,150,74350
20240112,15:26:58,247.75,500,74350
20240112,15:26:59,247.15,150,74350
20240112,15:27:00,247.7,200,74350
20240112,15:27:01,247.4,200,74350
20240112,15:27:02,247.6,200,74350
20240112,15:27:04,248.2,100,74350
20240112,15:27:05,248.2,250,74350
20240112,15:27:06,248.2,250,74350
20240112,15:27:07,246.85,250,74350
20240112,15:27:11,247.1,250,74350
20240112,15:27:13,247.0,200,74350
20240112,15:27:14,246.9,100,74350
20240112,15:27:15,246.6,150,74350
20240112,15:27:18,246.5,150,71550
20240112,15:27:22,245.4,350,71550
20240112,15:27:23,245.35,150,71550
20240112,15:27:25,245.45,100,71550
20240112,15:27:26,245.35,50,71550
20240112,15:27:29,244.8,450,71550
20240112,15:27:36,245.0,100,71550
20240112,15:27:42,244.1,100,71550
20240112,15:27:48,244.75,50,71550
20240112,15:27:50,244.45,50,71550
20240112,15:27:52,245.2,50,71550
20240112,15:27:54,245.1,50,71550
20240112,15:27:57,244.75,50,71550
20240112,15:27:58,244.5,150,71550
20240112,15:27:59,244.1,350,71550
20240112,15:28:00,244.55,400,71550
20240112,15:28:04,244.55,150,71550
20240112,15:28:05,244.55,50,71550
20240112,15:28:06,243.95,100,71550
20240112,15:28:07,244.7,150,71550
20240112,15:28:08,243.95,350,71550
20240112,15:28:09,244.2,50,71550
20240112,15:28:10,244.1,500,71550
20240112,15:28:11,244.25,1750,71550
20240112,15:28:12,244.05,300,71550
20240112,15:28:15,244.55,100,71550
20240112,15:28:18,243.95,200,71550
20240112,15:28:19,243.8,50,71550
20240112,15:28:20,243.95,100,71550
20240112,15:28:22,243.85,200,71550
20240112,15:28:23,243.8,400,71550
20240112,15:28:25,243.8,150,71550
20240112,15:28:26,244.2,150,71550
20240112,15:28:27,243.55,200,71550
20240112,15:28:29,243.6,100,71550
20240112,15:28:30,243.2,200,71550
20240112,15:28:31,243.35,50,71550
20240112,15:28:32,243.05,450,71550
20240112,15:28:33,243.05,400,71550
20240112,15:28:35,243.5,50,71550
20240112,15:28:36,242.75,100,71550
20240112,15:28:37,242.35,350,71550
20240112,15:28:38,242.3,50,71550
20240112,15:28:39,242.4,150,71550
20240112,15:28:40,242.0,50,71550
20240112,15:28:41,242.1,150,71550
20240112,15:28:42,241.35,500,71550
20240112,15:28:45,241.7,50,71550
20240112,15:28:46,241.05,250,71550
20240112,15:28:47,240.4,400,71550
20240112,15:28:48,240.65,50,71550
20240112,15:28:50,240.15,50,71550
20240112,15:28:51,240.5,550,71550
20240112,15:28:53,239.85,450,71550
20240112,15:28:56,239.55,550,71550
20240112,15:28:57,240.4,550,71550
20240112,15:28:58,239.7,450,71550
20240112,15:28:59,239.45,600,71550
20240112,15:29:00,239.5,50,71550
20240112,15:29:01,240.05,500,71550
20240112,15:29:07,239.7,50,71550
20240112,15:29:08,239.25,50,71550
20240112,15:29:10,239.25,50,71550
20240112,15:29:12,239.0,100,71550
20240112,15:29:15,239.5,400,71550
20240112,15:29:16,240.05,50,71550
20240112,15:29:17,239.9,50,71550
20240112,15:29:18,240.3,400,71550
20240112,15:29:19,239.95,50,71550
20240112,15:29:21,240.7,50,71550
20240112,15:29:29,239.4,600,71550
20240112,15:29:30,239.9,250,71550
20240112,15:29:31,239.9,50,71550
20240112,15:29:32,239.8,100,71550
20240112,15:29:34,241.45,200,71550
20240112,15:29:35,240.3,100,71550
20240112,15:29:39,240.65,100,71550
20240112,15:29:41,241.45,50,71550
20240112,15:29:43,241.25,200,71550
20240112,15:29:44,241.6,50,71550
20240112,15:29:45,241.2,150,71550
20240112,15:29:47,241.9,50,71550
20240112,15:29:48,241.9,100,71550
20240112,15:29:49,242.35,250,71550
20240112,15:29:50,242.0,500,71550
20240112,15:29:52,242.55,200,71550
20240112,15:29:54,242.65,200,71550
20240112,15:29:55,242.8,300,71550
20240112,15:29:56,241.1,50,71550
20240112,15:29:58,242.3,50,71550
20240112,15:29:59,243.15,50,71550
20240115,09:15:01,180.85,1,72600
20240115,09:15:01,185.55,1,72600
20240115,09:15:01,172.8,1,72600
20240115,09:15:01,185.4,700,72600
20240115,09:15:01,156.4,450,72600
20240115,09:15:02,186.65,1400,72600
20240115,09:15:03,186.75,2600,72600
20240115,09:15:04,186.9,2600,72600
20240115,09:15:05,178.35,1100,72600
20240115,09:15:07,181.0,1200,72600
20240115,09:15:08,183.9,2550,72600
20240115,09:15:09,183.0,4900,72600
20240115,09:15:10,182.15,1800,72600
20240115,09:15:11,181.45,1450,72600
20240115,09:15:13,181.35,1150,72600
20240115,09:15:14,184.5,450,72600
20240115,09:15:15,185.1,1300,72600
20240115,09:15:15,184.75,150,72600
20240115,09:15:17,189.55,300,72600
20240115,09:15:18,191.5,1400,72600
20240115,09:15:19,191.7,1400,72600
20240115,09:15:20,189.5,1250,72600
20240115,09:15:20,188.15,150,72600
20240115,09:15:21,187.8,3100,72600
20240115,09:15:23,186.0,100,72600
20240115,09:15:24,187.4,1200,72600
20240115,09:15:25,184.9,1600,72600
20240115,09:15:26,185.7,300,72600
20240115,09:15:27,185.85,1400,72600
20240115,09:15:27,185.0,600,72600
20240115,09:15:28,184.85,700,72600
20240115,09:15:29,188.1,400,72600
20240115,09:15:31,187.4,700,72600
20240115,09:15:32,187.65,1650,72600
20240115,09:15:33,188.5,500,72600
20240115,09:15:34,188.1,200,72600
20240115,09:15:35,187.05,1450,72600
20240115,09:15:36,188.5,100,72600
20240115,09:15:37,189.65,100,72600
20240115,09:15:37,190.4,400,72600
20240115,09:15:38,190.15,1150,72600
20240115,09:15:40,190.75,450,72600
20240115,09:15:41,189.9,950,72600
20240115,09:15:42,190.3,2050,72600
20240115,09:15:43,189.95,300,72600
20240115,09:15:44,189.9,350,72600
20240115,09:15:45,190.0,200,72600
20240115,09:15:45,189.9,1550,72600
20240115,09:15:46,188.95,700,72600
20240115,09:15:48,190.05,850,72600
20240115,09:15:49,189.7,500,72600
20240115,09:15:50,189.6,50,72600
20240115,09:15:51,188.0,150,72600
20240115,09:15:52,187.15,1100,72600
20240115,09:15:53,188.2,150,72600
20240115,09:15:54,186.5,1050,72600
20240115,09:15:55,187.05,50,72600
20240115,09:15:56,187.0,1950,72600
20240115,09:15:56,186.05,50,72600
20240115,09:15:57,185.3,500,72600
20240115,09:15:59,186.0,300,72600
20240115,09:16:00,185.7,200,72600
20240115,09:16:01,184.45,1200,72600
20240115,09:16:02,183.55,750,72600
20240115,09:16:03,182.1,6800,72600
20240115,09:16:03,181.8,450,72600
20240115,09:16:04,180.0,1700,72600
20240115,09:16:07,179.35,1250,72600
20240115,09:16:08,179.25,300,72600
20240115,09:16:09,181.7,350,72600
20240115,09:16:10,180.1,300,72600
20240115,09:16:10,178.9,100,72600
20240115,09:16:12,180.1,150,72600
20240115,09:16:14,181.65,250,72600
20240115,09:16:15,181.0,950,72600
20240115,09:16:16,181.2,100,72600
20240115,09:16:18,179.9,150,72600
20240115,09:16:19,179.7,200,72600
20240115,09:16:20,180.8,150,72600
20240115,09:16:20,181.2,50,72600
20240115,09:16:21,181.1,250,72600
20240115,09:16:22,180.95,200,72600
20240115,09:16:24,181.3,250,72600
20240115,09:16:25,181.5,1200,72600
20240115,09:16:26,180.95,200,72600
20240115,09:16:26,181.5,50,72600
20240115,09:16:27,181.6,200,72600
20240115,09:16:28,181.9,150,72600
20240115,09:16:29,182.0,150,72600
20240115,09:16:30,180.95,100,72600
20240115,09:16:32,183.7,450,72600
20240115,09:16:32,183.7,100,72600
20240115,09:16:34,183.45,650,72600
20240115,09:16:34,184.2,200,72600
20240115,09:16:37,184.35,2600,72600
20240115,09:16:38,185.0,150,72600
20240115,09:16:39,185.3,250,72600
20240115,09:16:41,184.5,650,72600
20240115,09:16:42,185.25,200,72600
