date,time,tick_price,volume,open_interest
20240212,09:40:34,425.5,50,50
20240213,12:35:53,471.9,1,50
20240213,12:35:53,471.95,1150,50
20240213,12:36:02,473.9,1200,50
20240213,12:36:11,476.1,1000,50
20240213,12:36:20,477.45,600,50
20240213,12:36:29,479.75,400,50
20240213,12:36:38,480.65,200,50
20240213,12:36:47,483.5,150,50
20240213,12:37:17,488.25,200,50
20240214,13:10:56,452.2,1,4900
20240214,13:10:56,452.2,50,4900
20240215,09:20:53,328.0,1,4950
20240215,09:20:53,328.0,50,4950
20240215,09:40:07,373.5,200,5000
20240215,09:40:17,373.5,250,5000
20240215,09:40:27,373.5,350,5000
20240215,09:40:38,373.55,150,5000
20240215,09:41:07,373.55,100,5000
20240215,09:42:59,373.2,200,6050
20240215,09:43:47,377.75,50,6050
20240215,09:48:06,377.75,550,6300
20240215,09:48:18,361.8,200,6300
20240215,09:49:40,367.5,50,6150
20240215,09:56:10,367.5,50,6200
20240215,09:58:11,387.3,50,6200
20240215,10:01:36,387.3,50,6200
20240215,12:29:49,345.0,50,6200
20240215,12:47:09,333.85,50,6250
20240215,13:28:25,335.5,50,6250
20240215,13:44:33,300.0,50,6200
20240215,13:45:40,300.0,50,6200
20240215,13:57:24,300.0,50,6300
20240215,13:58:17,311.0,1000,6300
20240215,13:59:26,307.5,1000,7300
20240215,14:05:26,307.5,50,6800
20240215,14:06:04,312.95,50,6800
20240215,14:08:30,304.25,50,6850
20240215,14:13:34,310.0,100,6850
20240215,14:23:28,316.3,50,6950
20240215,14:51:30,324.15,50,6900
20240215,15:16:56,301.25,50,6950
20240215,15:22:23,290.85,50,6950
20240215,15:27:15,290.85,100,6900
20240215,15:29:32,299.1,100,7000
20240215,15:29:54,298.7,50,7000
20240216,09:15:05,280.0,1,7150
20240216,09:15:05,280.0,100,7150
20240216,09:15:11,298.7,100,7150
20240216,09:15:31,298.7,100,7250
20240216,09:15:50,292.75,50,7250
20240216,09:15:59,291.8,100,7250
20240216,09:16:05,291.8,100,7250
20240216,09:16:15,289.55,50,7250
20240216,09:16:19,280.0,50,7250
20240216,09:16:48,278.2,50,7250
20240216,09:17:44,278.2,50,7250
20240216,09:18:24,282.3,50,7250
20240216,09:18:32,282.3,50,7700
20240216,09:18:53,282.3,100,7700
20240216,09:19:16,280.0,200,7700
20240216,09:19:39,280.4,50,7700
20240216,09:19:47,281.2,300,7700
20240216,09:19:55,281.8,300,7700
20240216,09:20:17,281.95,50,7700
20240216,09:20:25,278.95,50,7700
20240216,09:20:34,283.55,50,7700
20240216,09:20:58,282.05,100,7700
20240216,09:21:21,281.9,50,7700
20240216,09:21:36,278.55,200,8800
20240216,09:21:43,278.2,100,8800
20240216,09:22:05,276.9,300,8800
20240216,09:22:12,276.35,900,8800
20240216,09:22:20,275.7,300,8800
20240216,09:22:42,275.7,50,8800
20240216,09:23:41,285.0,50,8800
20240216,09:24:17,276.05,50,8800
20240216,09:25:30,284.8,100,10250
20240216,09:25:38,281.35,50,10250
20240216,09:27:19,281.35,50,10250
20240216,09:27:26,279.05,200,10250
20240216,09:29:15,276.0,250,10200
20240216,09:29:23,275.0,850,10200
20240216,09:31:32,275.0,100,10350
20240216,09:31:46,275.0,150,10350
20240216,09:32:01,275.0,50,10350
20240216,09:37:14,275.0,350,10350
20240216,09:37:40,282.9,400,10350
20240216,09:38:44,277.65,250,10350
20240216,09:38:58,277.5,600,10350
20240216,09:39:03,277.3,650,10350
20240216,09:39:10,277.55,50,10350
20240216,09:39:17,277.1,50,10350
20240216,09:39:19,277.15,150,10350
20240216,09:39:24,276.65,50,10350
20240216,09:39:25,276.65,50,10350
20240216,09:39:41,275.0,100,10000
20240216,09:39:52,279.9,250,10000
20240216,09:40:11,279.55,250,10000
20240216,09:40:19,275.95,100,10000
20240216,09:40:42,275.0,50,10000
20240216,09:41:22,275.7,50,10000
20240216,09:42:36,272.5,50,10000
20240216,09:43:11,272.5,50,10350
20240216,09:44:25,277.25,200,10350
20240216,09:44:33,275.0,50,10350
20240216,09:44:54,277.2,100,10350
20240216,09:47:18,289.35,1000,10200
20240216,09:48:15,287.5,50,10200
20240216,09:48:32,284.55,50,10200
20240216,09:48:45,284.5,50,11050
20240216,09:49:08,287.95,50,11050
20240216,09:49:15,288.0,1000,11050
20240216,09:50:42,285.5,200,11050
20240216,09:51:35,285.0,50,11050
20240216,09:52:07,282.75,350,11000
20240216,09:53:23,286.2,50,11000
20240216,09:53:37,282.3,50,11000
20240216,09:54:04,281.25,300,11000
20240216,09:54:33,278.9,50,11000
20240216,09:54:48,278.1,50,10350
20240216,09:55:27,278.0,100,10350
20240216,09:55:50,274.45,150,10350
20240216,09:58:32,274.45,50,10200
20240216,09:59:55,278.3,50,10200
20240216,10:00:44,275.55,50,10200
20240216,10:01:05,271.05,50,10200
20240216,10:01:13,271.05,50,10200
20240216,10:04:10,271.0,50,10300
20240216,10:05:33,271.0,300,10300
20240216,10:06:03,273.75,150,10300
20240216,10:06:15,272.55,200,10300
20240216,10:06:28,274.8,500,10300
20240216,10:06:36,270.0,250,10300
20240216,10:07:36,270.0,50,10300
20240216,10:07:40,270.0,50,10550
20240216,10:10:05,265.55,100,10300
20240216,10:12:08,265.55,100,10300
20240216,10:12:18,268.6,150,10300
20240216,10:12:21,269.0,50,10300
20240216,10:12:56,269.0,100,10300
20240216,10:14:50,266.05,150,10300
20240216,10:15:25,266.0,50,10300
20240216,10:16:57,269.1,100,10600
20240216,10:17:32,265.7,100,10600
20240216,10:17:54,269.95,100,10600
20240216,10:18:23,267.8,100,10600
20240216,10:18:45,266.8,200,10600
20240216,10:18:52,268.0,100,10600
20240216,10:19:00,268.2,200,10600
20240216,10:19:14,267.6,50,10600
20240216,10:19:21,268.6,50,10600
20240216,10:20:15,269.95,100,10600
20240216,10:20:23,270.0,50,10600
20240216,10:21:45,268.0,50,10850
20240216,10:25:01,271.6,50,10850
20240216,10:26:20,268.25,50,10850
20240216,10:26:34,268.0,100,10850
20240216,10:29:10,268.0,50,10850
20240216,10:29:33,265.7,50,10850
20240216,10:30:10,265.1,50,10850
20240216,10:30:41,265.1,50,10850
20240216,10:30:48,265.1,150,10850
20240216,10:31:24,265.1,50,10850
20240216,10:34:04,268.5,50,10750
20240216,10:34:28,271.1,50,10750
20240216,10:35:15,270.2,50,10750
20240216,10:35:31,269.4,50,10750
20240216,10:38:59,269.4,50,10750
20240216,10:39:36,270.3,100,10850
20240216,10:39:56,270.35,50,10750
20240216,10:44:49,266.95,50,10700
20240216,10:48:01,268.9,300,10750
20240216,10:51:09,273.25,50,10800
20240216,10:54:26,269.15,50,10800
20240216,10:56:45,269.15,100,10800
20240216,10:58:41,269.0,50,10800
20240216,11:04:03,267.55,100,10800
20240216,11:06:46,267.55,100,10800
20240216,11:08:09,266.95,50,10800
20240216,11:14:04,269.95,200,10800
20240216,11:14:11,270.0,100,10800
20240216,11:14:36,269.0,50,10800
20240216,11:17:14,268.7,300,10900
20240216,11:17:20,268.6,300,10900
20240216,11:17:26,268.25,200,10900
20240216,11:17:33,268.3,300,10900
20240216,11:20:01,269.4,50,10100
20240216,11:21:07,266.25,100,10100
20240216,11:23:02,267.25,200,10150
20240216,11:23:34,264.8,500,10150
20240216,11:31:33,264.0,50,9900
20240216,11:33:15,264.0,50,9900
20240216,11:42:13,274.0,150,9900
20240216,11:43:49,274.0,50,9850
20240216,11:44:42,271.0,300,9850
20240216,11:49:39,273.55,50,10200
20240216,11:55:54,269.9,50,10200
20240216,12:00:43,268.0,50,10200
20240216,12:01:00,268.7,50,10200
20240216,12:06:52,264.05,50,10200
20240216,12:07:05,267.9,50,10150
20240216,12:07:33,267.75,50,10150
20240216,12:09:05,264.0,50,10150
20240216,12:09:39,260.35,300,10150
20240216,12:11:18,266.85,50,10450
20240216,12:21:16,271.05,100,10450
20240216,12:22:56,270.0,100,10550
20240216,12:30:30,271.35,50,10600
20240216,12:33:03,274.35,50,10550
20240216,12:36:49,272.05,50,10550
20240216,12:47:54,269.8,100,10600
20240216,12:49:37,266.85,50,10600
20240216,12:51:07,267.25,150,10600
20240216,12:55:14,263.75,50,10600
20240216,12:55:29,263.0,50,10600
20240216,12:56:23,264.0,50,10600
20240216,12:58:57,261.85,100,10600
20240216,12:59:06,262.4,50,10600
20240216,13:00:56,261.5,50,10600
20240216,13:02:58,265.0,150,10600
20240216,13:32:59,268.1,50,10750
20240216,13:35:02,266.0,50,10700
20240216,13:57:28,263.6,200,10700
20240216,13:58:49,264.9,50,10650
20240216,14:02:44,261.8,50,10700
20240216,14:09:57,263.9,200,10700
20240216,14:12:02,259.35,450,10900
20240216,14:12:03,259.1,1050,10900
20240216,14:12:04,259.4,200,10900
20240216,14:12:05,259.15,200,10900
20240216,14:12:06,259.45,300,10900
20240216,14:12:07,259.45,600,10900
20240216,14:12:34,259.45,500,10900
20240216,14:12:43,259.45,300,10900
20240216,14:14:01,266.95,50,13600
20240216,14:16:37,267.0,1000,13650
20240216,14:23:47,269.5,500,13650
20240216,14:24:23,269.0,1000,13650
20240216,14:25:11,269.0,1500,13650
20240216,14:25:38,265.3,100,15850
20240216,14:25:45,265.25,100,15850
20240216,14:26:47,269.25,1150,15850
20240216,14:27:21,269.0,1000,15850
20240216,14:27:28,268.75,50,15850
20240216,14:27:47,266.1,200,15850
20240216,14:27:54,266.15,100,15850
20240216,14:30:55,259.85,500,17450
20240216,14:31:03,258.3,150,17450
20240216,14:31:12,252.5,100,17450
20240216,14:35:21,252.5,1000,17450
20240216,14:35:28,261.8,250,17450
20240216,14:35:42,262.0,500,17450
20240216,14:36:16,261.25,500,17450
20240216,14:36:37,257.95,200,17450
20240216,14:37:13,259.9,500,17450
20240216,14:37:46,259.55,500,20100
20240216,14:38:00,257.25,100,20100
20240216,14:38:34,259.0,500,20100
20240216,14:38:56,258.85,500,20100
20240216,14:39:04,256.55,500,20100
20240216,14:39:20,255.0,150,20100
20240216,14:39:36,253.9,1250,20100
20240216,14:39:44,252.55,250,20100
20240216,14:39:53,252.6,300,20100
20240216,14:40:10,252.5,50,20100
20240216,14:40:18,252.3,50,20100
20240216,14:40:33,252.05,50,22350
20240216,14:40:48,252.05,50,22350
20240216,14:40:56,252.35,100,22350
20240216,14:41:07,252.1,100,22350
20240216,14:41:18,251.9,150,22350
20240216,14:41:20,251.9,150,22350
20240216,14:41:21,251.9,100,22350
20240216,14:41:22,251.95,50,22350
20240216,14:41:23,251.95,50,22350
20240216,14:41:38,252.0,150,22350
20240216,14:41:41,251.05,50,22350
20240216,14:42:02,251.05,50,22350
20240216,14:42:27,250.05,100,22350
20240216,14:42:49,250.45,50,22350
20240216,14:43:11,251.4,50,22350
20240216,14:43:18,250.95,50,22350
20240216,14:45:32,256.0,50,22350
20240216,14:46:02,255.75,1800,22350
20240216,14:46:10,252.6,50,22350
20240216,14:46:24,253.55,100,24150
20240216,14:46:46,258.0,1850,24150
20240216,14:46:53,254.85,450,24150
20240216,14:47:00,253.65,100,24150
20240216,14:47:54,255.85,350,24150
20240216,14:48:21,258.0,550,24150
20240216,14:48:28,258.0,1350,24150
20240216,14:48:35,257.15,50,24150
20240216,14:52:13,256.25,150,27750
20240216,14:57:42,260.4,50,27750
20240216,14:59:41,259.1,50,27750
20240216,15:00:54,256.25,100,27750
20240216,15:03:10,255.0,100,27800
20240216,15:07:06,262.0,200,27750
20240216,15:07:36,262.9,50,27950
20240216,15:07:44,263.0,50,27950
20240216,15:15:06,265.6,500,27950
20240216,15:15:14,265.2,100,27950
20240216,15:15:21,264.75,350,27950
20240216,15:20:18,269.4,150,27850
20240216,15:21:48,270.05,50,27850
20240216,15:22:24,269.25,50,27850
20240216,15:23:26,269.55,100,27700
20240216,15:24:02,270.25,450,27700
20240216,15:25:15,270.25,50,27700
20240216,15:25:22,270.25,50,27700
20240216,15:25:29,269.4,350,27200
20240216,15:25:36,269.25,200,27200
20240216,15:25:43,269.6,200,27200
20240216,15:26:30,269.25,250,27200
20240216,15:26:36,269.35,200,27200
20240216,15:27:17,268.9,50,27200
20240216,15:27:37,268.9,300,27200
20240216,15:27:51,267.55,50,27200
20240216,15:28:13,267.05,450,27200
20240219,09:15:21,270.0,1,27050
20240219,09:15:21,270.0,50,27050
20240219,09:15:43,250.0,200,27100
20240219,09:15:46,250.0,50,27100
20240219,09:16:11,254.9,50,27100
20240219,09:18:15,251.0,250,27100
20240219,09:19:04,249.55,50,27100
20240219,09:19:06,249.55,300,26850
20240219,09:19:46,252.25,500,26850
20240219,09:20:01,250.0,150,26850
20240219,09:20:44,252.35,150,26850
20240219,09:21:20,254.4,100,26850
20240219,09:23:21,255.0,300,28050
20240219,09:23:55,255.0,50,28050
20240219,09:25:22,255.0,100,28400
20240219,09:26:44,259.3,50,28400
20240219,09:27:15,256.0,50,28400
20240219,09:28:28,259.0,50,28400
20240219,09:28:42,259.5,50,28550
20240219,09:28:59,259.5,50,28550
20240219,09:30:43,262.75,50,28500
20240219,09:37:51,255.05,50,28550
20240219,09:38:03,254.4,50,28550
20240219,09:38:50,253.55,50,28550
20240219,09:39:14,255.0,250,28550
20240219,09:39:56,262.9,900,28800
20240219,09:41:02,258.6,400,28800
20240219,09:41:48,259.3,50,28800
20240219,09:42:10,259.3,50,28800
20240219,09:42:27,259.3,50,28800
20240219,09:44:37,266.55,100,29650
20240219,09:45:31,270.1,150,29650
20240219,09:45:36,270.1,100,29650
20240219,09:45:43,267.3,150,29750
20240219,09:47:30,264.0,50,29750
20240219,09:48:50,269.55,150,29800
20240219,09:49:59,267.35,250,29800
20240219,09:51:27,279.5,100,29800
20240219,09:52:02,279.5,50,29800
20240219,09:53:58,275.0,50,30050
20240219,09:54:08,273.9,200,30050
20240219,09:54:25,275.85,50,30050
20240219,09:54:59,276.0,100,29950
20240219,09:55:17,279.0,50,29950
20240219,09:55:25,276.5,100,29950
20240219,09:57:33,279.15,150,29950
20240219,09:59:31,276.4,50,29950
20240219,10:02:03,272.75,50,29900
20240219,10:03:02,267.75,50,29900
20240219,10:05:03,267.9,50,29900
20240219,10:07:06,267.0,50,30050
20240219,10:16:56,258.9,500,30100
20240219,10:17:09,258.65,1800,30100
20240219,10:20:10,256.0,150,30100
20240219,10:22:04,250.0,150,32450
20240219,10:24:50,245.55,50,32450
20240219,10:25:06,241.0,200,32600
20240219,10:25:16,240.0,100,32600
20240219,10:26:15,240.0,50,32600
20240219,10:27:44,243.0,500,32600
20240219,10:28:09,243.0,150,33400
20240219,10:28:49,245.0,50,33400
20240219,10:29:11,245.2,50,33400
20240219,10:31:10,247.2,50,33550
20240219,10:33:36,247.2,300,33550
20240219,10:33:57,245.9,150,33900
20240219,10:35:05,246.4,50,33900
20240219,10:40:00,246.0,50,33900
20240219,10:44:35,247.65,50,33950
20240219,10:45:35,250.9,50,33950
20240219,10:48:06,249.25,50,33950
20240219,10:48:38,245.65,50,33950
20240219,10:49:28,245.05,150,33950
20240219,10:49:30,245.0,550,33950
20240219,10:50:00,247.0,500,33950
20240219,10:51:16,245.5,100,33950
20240219,10:54:24,245.5,50,34050
20240219,10:54:38,245.0,1250,34050
20240219,10:57:07,242.0,50,35350
20240219,10:57:30,240.1,50,35350
20240219,10:58:02,240.5,100,35450
20240219,10:58:09,238.8,50,35450
20240219,10:58:18,238.8,50,35450
20240219,10:58:27,239.9,50,35450
20240219,10:58:37,235.5,50,35450
20240219,11:00:06,235.5,50,35450
20240219,11:00:20,238.9,500,35450
20240219,11:01:35,237.15,50,36000
20240219,11:01:50,237.35,250,36000
20240219,11:02:03,240.6,100,36000
20240219,11:04:04,240.75,100,36250
20240219,11:05:18,236.95,50,36250
20240219,11:08:38,241.9,150,36350
20240219,11:10:05,237.05,100,36250
20240219,11:11:13,237.0,50,36250
20240219,11:12:15,237.0,100,36250
20240219,11:12:15,237.0,50,36250
20240219,11:12:16,237.65,250,36250
20240219,11:12:17,237.05,100,36250
20240219,11:13:00,240.0,200,36400
20240219,11:13:43,237.85,150,36400
20240219,11:13:43,237.85,50,36400
20240219,11:14:20,234.85,100,36400
20240219,11:14:21,234.55,250,36400
20240219,11:14:22,234.35,100,36400
20240219,11:14:23,233.8,150,36400
20240219,11:14:25,234.55,100,36400
20240219,11:14:27,234.55,100,36400
20240219,11:14:28,234.55,100,36400
20240219,11:14:29,234.45,50,36400
20240219,11:14:30,234.35,300,36400
20240219,11:14:32,234.25,200,36400
20240219,11:14:33,234.4,100,36400
20240219,11:14:34,234.45,150,36400
20240219,11:14:35,234.45,250,36400
20240219,11:14:36,234.25,150,36400
20240219,11:14:37,234.25,100,36400
20240219,11:14:38,234.25,50,36400
20240219,11:14:40,233.8,50,36400
20240219,11:14:42,233.8,100,36400
20240219,11:14:43,233.35,400,36400
20240219,11:14:44,234.0,300,36400
20240219,11:14:45,233.5,100,36400
20240219,11:14:49,233.6,50,36400
20240219,11:14:52,234.05,100,36400
20240219,11:14:54,234.05,100,36400
20240219,11:14:55,234.15,450,36400
20240219,11:14:55,234.15,100,36400
20240219,11:14:58,234.2,300,36400
20240219,11:15:00,234.25,250,36400
20240219,11:15:00,233.6,250,36400
20240219,11:15:01,233.6,150,36400
20240219,11:15:02,233.15,150,36400
20240219,11:15:04,232.1,150,36400
20240219,11:15:05,231.2,150,36400
20240219,11:15:06,231.2,100,36400
20240219,11:15:08,231.15,550,36400
20240219,11:15:10,231.05,400,36400
20240219,11:15:11,233.1,50,36400
20240219,11:15:12,233.65,200,36400
20240219,11:15:13,233.7,100,36400
20240219,11:15:14,233.55,300,36400
20240219,11:15:15,233.15,250,36400
20240219,11:15:16,232.8,400,36400
20240219,11:15:17,232.55,300,36400
20240219,11:15:19,232.45,250,36400
20240219,11:15:21,233.0,150,36400
20240219,11:15:23,233.05,400,36400
20240219,11:15:24,233.05,50,36400
20240219,11:15:25,232.65,100,36400
20240219,11:15:26,232.65,150,36400
20240219,11:15:26,232.65,50,36400
20240219,11:15:27,232.25,50,36400
20240219,11:15:29,232.3,150,36400
20240219,11:15:30,232.3,150,36400
20240219,11:15:32,231.85,200,36400
20240219,11:15:33,231.6,200,36400
20240219,11:15:34,231.6,50,36400
20240219,11:15:35,231.75,100,36400
20240219,11:15:36,231.75,100,36400
20240219,11:15:37,231.75,150,36400
20240219,11:15:38,231.75,150,36400
20240219,11:15:39,231.8,100,36400
20240219,11:15:40,231.8,50,36400
20240219,11:15:42,232.0,100,36400
20240219,11:15:43,231.95,100,36400
20240219,11:15:45,231.95,50,36400
20240219,11:15:46,232.1,100,36400
20240219,11:15:48,232.1,50,36400
20240219,11:15:49,232.1,100,36400
20240219,11:15:50,232.4,50,36400
20240219,11:15:52,232.4,150,36400
20240219,11:15:53,231.9,200,36400
20240219,11:15:54,231.9,100,36400
20240219,11:15:55,230.75,100,36400
20240219,11:15:57,231.45,100,38350
20240219,11:15:58,231.45,50,38350
20240219,11:15:59,231.55,200,38350
20240219,11:16:00,231.3,150,38350
20240219,11:16:03,230.3,50,38350
20240219,11:16:04,230.3,50,38350
20240219,11:16:07,229.6,150,38350
20240219,11:16:09,230.4,50,38350
20240219,11:16:10,230.4,50,38350
20240219,11:16:12,229.75,150,38350
20240219,11:16:15,229.5,50,38350
20240219,11:16:17,229.5,250,38350
20240219,11:16:18,230.15,200,38350
20240219,11:16:20,230.15,100,38350
20240219,11:16:22,230.15,50,38350
20240219,11:16:24,230.0,50,38350
20240219,11:16:26,229.85,50,38350
20240219,11:16:33,229.0,100,38350
20240219,11:16:39,228.65,300,38350
20240219,11:16:41,228.0,100,38350
20240219,11:16:42,228.0,50,38350
20240219,11:16:47,227.15,50,38350
20240219,11:16:48,227.15,150,38350
20240219,11:16:50,226.6,50,38350
20240219,11:17:00,225.4,50,38350
20240219,11:17:01,225.4,100,38350
20240219,11:17:02,225.45,100,38350
20240219,11:17:06,225.5,200,38350
20240219,11:17:16,223.75,50,38350
20240219,11:17:26,223.75,300,38350
20240219,11:17:35,226.75,150,38350
20240219,11:17:45,227.45,100,38350
20240219,11:17:54,227.85,400,38350
20240219,11:18:02,227.9,200,38350
20240219,11:18:27,227.9,50,38350
20240219,11:18:43,228.0,400,38350
20240219,11:18:52,226.4,200,38350
20240219,11:19:00,225.9,50,38350
20240219,11:19:16,226.1,50,39100
20240219,11:19:31,226.15,150,39100
20240219,11:19:38,226.15,100,39100
20240219,11:19:46,225.45,100,39100
20240219,11:19:54,226.0,150,39100
20240219,11:20:02,224.9,100,39100
20240219,11:20:09,224.85,50,39100
20240219,11:20:17,224.85,100,39100
20240219,11:20:24,224.95,50,39100
20240219,11:20:40,224.75,50,39100
20240219,11:20:48,224.75,50,39100
20240219,11:20:55,226.0,1100,39100
20240219,11:21:02,224.85,950,39100
20240219,11:21:10,225.1,50,39100
20240219,11:22:22,228.25,100,37500
20240219,11:22:45,231.6,550,37500
20240219,11:23:25,228.95,50,37500
20240219,11:23:55,230.15,50,37500
20240219,11:24:39,230.7,100,37500
20240219,11:24:47,230.9,150,37500
20240219,11:25:01,231.25,100,37500
20240219,11:25:50,233.4,100,37050
20240219,11:27:08,231.2,50,37050
20240219,11:32:04,236.45,50,36950
20240219,11:32:52,238.05,100,36950
20240219,11:33:01,240.4,50,36950
20240219,11:33:46,238.8,100,36950
20240219,11:35:00,234.65,200,37150
20240219,11:35:07,234.65,200,37150
20240219,11:35:30,238.15,50,37150
20240219,11:36:37,236.1,100,37150
20240219,11:37:21,236.4,100,37300
20240219,11:37:56,236.4,50,37300
20240219,11:41:58,233.05,100,37400
20240219,11:42:05,233.95,100,37400
20240219,11:42:11,233.9,150,37400
20240219,11:44:59,231.0,50,37500
20240219,11:51:07,230.0,350,37550
20240219,11:57:11,224.0,100,37900
20240219,11:57:22,222.2,250,37900
20240219,11:59:27,222.2,50,38250
20240219,11:59:34,221.6,100,38250
20240219,12:04:28,221.6,50,38150
20240219,12:08:53,227.15,100,38150
20240219,12:11:37,224.0,250,38050
20240219,12:12:21,225.1,100,38050
20240219,12:12:56,221.35,50,38050
20240219,12:15:14,221.35,50,38250
20240219,12:15:27,224.2,500,38250
20240219,12:15:48,223.7,500,38250
20240219,12:16:08,223.7,100,39050
20240219,12:16:32,222.8,600,39050
20240219,12:16:43,224.2,500,39050
20240219,12:16:50,224.15,500,39050
20240219,12:16:56,222.2,200,39050
20240219,12:17:03,220.0,200,39050
20240219,12:17:04,220.0,450,39050
20240219,12:17:53,222.75,50,39050
20240219,12:18:03,221.45,100,39050
20240219,12:19:00,223.0,50,39050
20240219,12:19:31,225.0,50,41400
20240219,12:21:22,224.85,50,41400
20240219,12:21:36,221.6,50,41400
20240219,12:21:42,221.45,50,41400
20240219,12:23:07,221.45,50,41550
20240219,12:26:22,225.0,50,41600
20240219,12:27:03,225.0,100,41600
20240219,12:27:20,225.0,150,41600
20240219,12:28:07,225.1,50,41350
20240219,12:28:17,225.5,50,41350
20240219,12:28:23,225.65,50,41350
20240219,12:30:32,226.6,200,41350
20240219,12:32:03,226.2,50,41150
20240219,12:37:03,226.0,50,41200
20240219,12:42:05,220.5,50,41250
20240219,12:42:41,218.0,50,41250
20240219,12:44:36,218.0,50,41250
20240219,12:45:23,221.5,100,41350
20240219,12:45:29,222.35,50,41350
20240219,12:46:19,222.15,100,41500
20240219,12:47:37,222.0,100,41500
20240219,12:50:20,221.0,200,41700
20240219,13:00:38,221.25,150,41500
20240219,13:00:51,221.2,250,41500
20240219,13:07:43,220.2,100,41850
20240219,13:12:41,220.0,50,41800
20240219,13:15:43,217.1,100,41800
20240219,13:25:08,217.1,50,41800
20240219,13:28:07,223.4,50,41850
20240219,13:30:41,228.7,100,41850
20240219,13:30:56,229.0,150,41850
20240219,13:31:11,229.15,50,41850
20240219,13:34:04,227.0,200,42100
20240219,13:40:36,226.1,50,42100
20240219,13:40:43,223.6,50,42100
20240219,13:43:41,220.0,50,42150
20240219,13:49:26,217.9,50,42200
20240219,13:49:27,218.5,100,42200
20240219,13:49:34,217.95,200,42200
20240219,13:49:36,217.9,50,42200
20240219,13:49:38,217.9,50,42200
20240219,13:49:39,217.9,50,42200
20240219,13:49:40,217.8,50,42200
20240219,13:49:41,217.8,100,42200
20240219,13:49:45,217.75,100,42200
20240219,13:49:53,217.45,150,42200
20240219,13:49:54,217.45,100,42200
20240219,13:50:04,216.0,100,42200
20240219,13:50:12,216.5,50,42200
20240219,13:50:17,216.4,150,42200
20240219,13:50:22,216.6,100,42200
20240219,13:51:10,216.0,50,42200
20240219,13:51:58,215.15,50,42200
20240219,13:52:06,215.15,100,42200
20240219,13:52:20,215.15,50,42200
20240219,13:52:26,215.3,100,42350
20240219,13:53:09,215.0,300,42350
20240219,13:53:17,214.55,150,42350
20240219,13:53:24,214.55,50,42350
20240219,13:53:38,215.1,50,42350
20240219,13:55:59,218.25,50,42600
20240219,13:56:33,217.3,50,42600
20240219,13:58:17,214.05,100,42600
20240219,13:58:43,214.05,150,42650
20240219,13:58:58,219.1,50,42650
20240219,14:00:42,221.9,50,42650
20240219,14:01:18,217.6,50,42650
20240219,14:03:15,217.6,50,42700
20240219,14:04:57,217.3,50,42700
20240219,14:05:04,217.65,50,42700
20240219,14:05:11,217.55,100,42700
20240219,14:09:21,217.05,100,42700
20240219,14:10:11,220.9,100,42700
20240219,14:10:56,219.0,150,42700
20240219,14:12:20,216.45,100,42700
20240219,14:12:34,218.65,50,42700
20240219,14:12:41,217.7,50,42700
20240219,14:12:48,218.3,50,42700
20240219,14:13:01,218.8,50,42700
20240219,14:13:07,218.9,50,42700
20240219,14:13:14,219.05,50,42700
20240219,14:16:37,217.05,50,42850
20240219,14:17:31,217.45,50,42850
20240219,14:17:38,218.25,150,42850
20240219,14:17:58,218.25,50,42850
20240219,14:19:26,217.15,400,43050
20240219,14:19:32,217.3,50,43050
20240219,14:19:39,217.1,100,43050
20240219,14:20:13,216.5,100,43050
20240219,14:20:35,215.0,350,43050
20240219,14:20:42,215.0,250,43050
20240219,14:20:49,215.3,200,43050
20240219,14:20:56,215.4,100,43050
20240219,14:21:03,215.1,200,43050
20240219,14:22:18,213.7,500,43050
20240219,14:22:25,212.65,50,43650
20240219,14:22:56,212.6,50,43650
20240219,14:23:05,211.2,50,43650
20240219,14:23:13,210.4,250,43650
20240219,14:23:38,211.25,100,43650
20240219,14:24:16,210.4,300,43650
20240219,14:24:51,210.0,150,43650
20240219,14:24:59,209.3,100,43650
20240219,14:25:07,209.25,200,43650
20240219,14:25:16,209.25,50,43650
20240219,14:25:25,209.25,50,43650
20240219,14:26:15,209.25,50,44150
20240219,14:26:41,210.0,600,44150
20240219,14:27:25,212.05,50,44150
20240219,14:27:32,209.6,50,44150
20240219,14:31:05,211.65,50,44800
20240219,14:34:31,214.85,50,44800
20240219,14:37:07,214.0,50,44800
20240219,14:37:29,215.6,400,44800
20240219,14:38:12,215.6,200,44500
20240219,14:42:13,213.8,50,44600
20240219,14:44:36,218.0,50,44600
20240219,14:50:21,225.0,100,44650
20240219,14:51:40,220.85,50,44650
20240219,14:53:58,217.2,50,44650
20240219,14:54:47,219.8,50,44650
20240219,14:58:43,227.6,200,44650
20240219,15:03:52,230.0,150,44700
20240219,15:04:26,230.9,100,44700
20240219,15:06:33,234.0,200,44700
20240219,15:07:02,237.25,50,44700
20240219,15:09:46,240.9,150,44700
20240219,15:10:12,240.05,50,44700
20240219,15:13:00,234.7,100,44500
20240219,15:14:04,234.65,50,44400
20240219,15:21:35,234.8,400,44350
20240219,15:21:57,235.25,400,44350
20240219,15:24:45,236.4,50,44600
20240219,15:25:54,235.0,50,44650
20240219,15:26:12,236.3,50,44650
20240219,15:26:15,236.3,50,44650
20240219,15:26:33,236.3,400,44650
20240219,15:26:35,237.0,50,44650
20240219,15:28:59,238.35,50,44250
20240219,15:29:18,238.35,200,44250
20240220,09:15:43,248.55,1,42700
20240220,09:15:43,248.55,50,42700
20240220,09:15:56,249.15,50,42700
20240220,09:16:36,255.0,50,42700
20240220,09:17:05,255.0,250,42700
20240220,09:17:52,249.95,400,42700
20240220,09:18:38,255.0,50,42700
20240220,09:18:48,255.55,100,42700
20240220,09:19:06,256.6,50,42300
20240220,09:20:52,257.0,350,42300
20240220,09:20:59,258.35,50,42300
20240220,09:21:07,259.0,150,42300
20240220,09:21:22,259.0,50,42300
20240220,09:22:00,258.0,50,41750
20240220,09:22:22,258.0,50,41750
20240220,09:23:06,261.25,900,41750
20240220,09:23:21,261.25,900,41750
20240220,09:23:29,259.4,900,41750
20240220,09:23:44,258.35,700,41750
20240220,09:24:01,253.05,250,41750
20240220,09:24:10,251.95,50,41750
20240220,09:26:37,250.0,100,44800
20240220,09:27:58,250.0,200,44900
20240220,09:28:23,250.0,50,44900
20240220,09:33:00,256.35,100,44750
20240220,09:33:38,253.3,50,44750
20240220,09:34:47,253.3,50,44900
20240220,09:36:17,257.0,50,44900
20240220,09:37:14,253.05,50,44800
20240220,09:37:30,251.0,200,44800
20240220,09:39:03,248.0,50,44800
20240220,09:42:14,243.0,50,44950
20240220,09:42:24,242.75,150,44950
20240220,09:43:34,240.0,100,44750
20240220,09:46:53,240.0,200,44750
20240220,09:48:39,250.0,50,44750
20240220,09:50:05,256.0,2000,44700
20240220,09:50:31,256.15,200,44700
20240220,09:53:08,257.75,700,43500
20240220,09:53:24,258.7,50,43500
20240220,09:54:03,260.5,50,43500
20240220,09:54:49,259.0,50,43500
20240220,09:58:34,258.85,50,43050
20240220,10:03:10,255.4,100,43050
20240220,10:03:27,258.85,150,43050
20240220,10:07:38,256.75,50,43150
20240220,10:09:04,252.0,50,43150
20240220,10:09:31,254.45,200,43150
20240220,10:11:11,252.8,50,43250
20240220,10:13:24,261.15,100,43200
20240220,10:15:23,250.0,350,43200
20240220,10:15:49,246.55,50,43200
20240220,10:16:08,244.0,100,43200
20240220,10:16:28,240.25,50,43200
20240220,10:18:31,241.6,250,43200
20240220,10:20:04,239.0,200,43050
20240220,10:20:55,239.0,50,43050
20240220,10:23:38,242.5,50,42850
20240220,10:25:55,243.9,50,42850
20240220,10:29:49,238.75,50,42850
20240220,10:30:16,238.75,100,42850
20240220,10:31:45,237.8,100,42900
20240220,10:32:24,237.8,250,42900
20240220,10:32:56,237.8,50,42900
20240220,10:34:02,243.35,50,42900
20240220,10:34:44,240.0,50,42850
20240220,10:39:05,246.95,50,42900
20240220,10:42:46,250.0,100,42900
20240220,10:44:57,248.95,50,42850
20240220,10:48:37,248.95,200,42850
20240220,10:48:52,248.95,50,42850
20240220,10:52:03,256.5,200,43050
20240220,10:53:57,256.5,100,43150
20240220,10:54:54,257.0,50,43150
20240220,10:56:51,257.0,50,43150
20240220,11:13:53,251.35,50,43200
20240220,11:15:13,247.3,200,43200
20240220,11:16:00,249.95,50,43200
20240220,11:20:09,240.0,300,43150
20240220,11:20:18,240.95,50,43150
20240220,11:32:08,237.5,450,43300
20240220,11:32:31,236.55,100,43300
20240220,11:32:40,235.0,100,43300
20240220,11:33:31,234.45,50,43300
20240220,11:34:30,234.45,50,43650
20240220,11:36:41,234.45,50,43650
20240220,11:37:55,239.7,50,43750
20240220,11:42:32,244.0,50,43750
20240220,11:48:09,238.15,50,43750
20240220,11:58:03,235.05,100,43800
20240220,11:58:38,235.0,150,43700
20240220,11:58:46,235.0,50,43700
20240220,12:00:03,232.6,100,43700
20240220,12:00:41,230.0,200,43700
20240220,12:01:44,228.25,300,43900
20240220,12:03:27,223.0,400,43900
20240220,12:06:56,223.0,150,44550
20240220,12:09:35,221.0,50,44700
20240220,12:09:53,220.0,50,44700
20240220,12:12:28,220.0,300,44800
20240220,12:16:48,227.0,100,44800
20240220,12:17:11,226.3,50,44800
20240220,12:17:42,227.3,550,44800
20240220,12:19:06,228.25,100,44800
20240220,12:19:36,226.95,100,44700
20240220,12:20:57,226.45,100,44700
20240220,12:25:07,223.45,900,44700
20240220,12:35:09,226.4,400,44600
20240220,12:37:18,228.05,100,44600
20240220,12:50:32,224.15,200,44200
20240220,12:53:06,225.35,50,44300
20240220,13:05:04,228.0,50,44250
20240220,13:05:12,227.6,50,44250
20240220,13:10:24,227.95,50,44250
20240220,13:14:06,233.3,50,44300
20240220,13:14:31,233.75,50,44300
20240220,13:14:48,233.3,50,44300
20240220,13:15:11,234.75,50,44300
20240220,13:18:16,233.55,50,44350
20240220,13:19:06,233.65,50,44350
20240220,13:19:20,234.85,50,44350
20240220,13:24:22,230.85,50,44300
20240220,13:25:23,230.95,100,44300
20240220,13:31:24,225.0,50,44400
20240220,13:34:31,224.05,100,44450
20240220,13:34:38,224.05,100,44450
20240220,13:35:14,225.2,50,44550
20240220,13:38:02,227.0,450,44550
20240220,13:41:57,224.75,50,45000
20240220,13:42:50,228.0,50,45000
20240220,13:43:00,228.0,50,45000
20240220,13:49:14,228.45,50,45000
20240220,13:52:50,230.85,200,44850
20240220,13:55:05,238.0,150,44850
20240220,13:55:15,238.0,100,44850
20240220,13:55:43,241.0,100,44850
20240220,14:01:50,242.0,50,44550
20240220,14:02:01,245.2,150,44550
20240220,14:03:50,248.05,100,44550
20240220,14:04:50,255.0,600,44450
20240220,14:05:16,254.85,50,44450
20240220,14:05:47,251.45,50,44450
20240220,14:06:56,250.0,900,44450
20240220,14:07:21,248.05,500,44450
20240220,14:07:29,248.0,50,44450
20240220,14:07:36,247.55,50,44450
20240220,14:08:14,247.55,50,44750
20240220,14:08:29,246.05,50,44750
20240220,14:08:44,245.25,50,44750
20240220,14:09:22,242.45,150,44750
20240220,14:09:38,240.6,50,44750
20240220,14:09:55,240.7,50,44750
20240220,14:10:19,243.0,50,44750
20240220,14:10:48,243.0,250,44800
20240220,14:11:25,242.0,50,44800
20240220,14:12:40,246.35,50,44800
20240220,14:14:14,246.35,50,44850
20240220,14:17:21,235.8,50,44900
20240220,14:17:36,237.25,50,44900
20240220,14:18:42,235.0,50,44900
20240220,14:20:33,237.55,50,44950
20240220,14:26:51,236.2,50,44950
20240220,14:28:56,228.0,200,44950
20240220,14:30:17,229.7,50,44950
20240220,14:35:04,225.0,150,45100
20240220,14:35:20,227.6,50,45100
20240220,14:35:58,227.6,100,45100
20240220,14:43:43,232.65,50,45300
20240220,14:44:47,233.15,50,45300
20240220,14:46:11,233.15,100,45300
20240220,14:46:56,233.0,50,45300
20240220,14:49:30,233.0,50,45250
20240220,14:52:24,233.0,100,45250
20240220,14:59:06,229.05,100,45350
20240220,15:00:13,229.0,150,45350
20240220,15:00:22,227.5,50,45350
20240220,15:00:30,225.75,100,45350
20240220,15:00:57,225.3,50,45350
20240220,15:01:05,225.8,50,45350
20240220,15:01:14,227.6,50,45350
20240220,15:03:27,221.7,50,45350
20240220,15:03:36,224.65,100,45350
20240220,15:04:33,222.0,200,45350
20240220,15:04:43,223.1,50,45350
20240220,15:04:52,223.6,50,45350
20240220,15:06:26,218.5,300,45400
20240220,15:06:36,218.0,200,45400
20240220,15:08:48,214.2,100,45800
20240220,15:09:30,214.15,50,45800
20240220,15:09:47,214.15,100,45800
20240220,15:09:55,214.2,50,45800
20240220,15:10:04,215.75,50,45800
20240220,15:11:41,214.85,50,45900
20240220,15:12:06,214.7,50,45900
20240220,15:13:41,212.8,50,45900
20240220,15:13:50,212.8,50,45900
20240220,15:15:28,212.9,100,46000
20240220,15:15:44,212.95,100,46000
20240220,15:15:52,212.9,450,46000
20240220,15:16:26,213.55,50,46000
20240220,15:17:03,210.05,100,46650
20240220,15:17:14,210.2,50,46650
20240220,15:17:24,210.35,50,46650
20240220,15:17:42,209.55,100,46650
20240220,15:18:11,209.55,50,46650
20240220,15:18:21,210.1,50,46650
20240220,15:18:44,210.5,100,46650
20240220,15:18:53,210.6,50,46650
20240220,15:19:17,211.0,50,46650
20240220,15:20:41,211.1,50,46750
20240220,15:21:45,211.85,250,46750
20240220,15:22:09,211.0,50,46750
20240220,15:23:04,208.6,50,46650
20240220,15:24:28,208.6,50,46650
20240220,15:24:45,209.3,50,46650
20240220,15:25:04,210.95,50,46650
20240220,15:25:43,209.15,50,46650
20240220,15:26:33,211.35,150,46800
20240220,15:26:41,210.0,150,46800
20240220,15:26:49,210.0,50,46800
20240220,15:28:10,207.0,150,46800
20240220,15:28:18,207.0,150,46800
20240220,15:29:11,207.0,50,47250
20240220,15:29:19,208.0,50,47250
20240220,15:29:54,208.0,50,47250
20240220,15:30:02,209.9,100,47250
20240221,09:16:06,209.0,1,47000
20240221,09:16:06,208.0,150,47000
20240221,09:16:12,210.7,200,47000
20240221,09:16:33,210.7,100,47000
20240221,09:19:40,206.35,50,47400
20240221,09:19:50,205.85,100,47400
20240221,09:20:39,205.0,50,47400
20240221,09:24:03,205.0,100,47550
20240221,09:24:24,205.0,50,47550
20240221,09:25:03,206.0,50,47550
20240221,09:29:48,211.8,50,47650
20240221,09:31:48,211.8,450,47700
20240221,09:33:47,209.0,1800,47700
20240221,09:33:56,207.6,250,47700
20240221,09:33:57,207.6,300,47700
20240221,09:34:01,207.6,5150,47700
20240221,09:34:02,207.45,500,47700
20240221,09:34:06,209.0,400,54400
20240221,09:35:00,208.15,200,54400
20240221,09:36:04,205.0,50,54400
20240221,09:36:39,202.0,50,54400
20240221,09:37:03,199.45,600,54400
20240221,09:37:17,199.45,100,54500
20240221,09:37:22,202.15,400,54500
20240221,09:37:59,202.15,50,54500
20240221,09:40:57,204.0,50,54550
20240221,09:46:06,200.15,250,54600
20240221,09:46:32,197.7,100,54850
20240221,09:46:41,197.7,50,54850
20240221,09:46:43,197.4,50,54850
20240221,09:47:01,197.4,100,54850
20240221,09:47:30,201.2,200,54850
20240221,09:47:56,200.0,300,54850
20240221,09:47:59,200.0,150,54850
20240221,09:49:08,200.0,3300,53400
20240221,09:49:09,200.0,150,53400
20240221,09:49:10,200.0,800,53400
20240221,09:49:30,200.0,2850,53400
20240221,09:49:34,200.9,500,53400
20240221,09:50:29,199.0,100,53400
20240221,09:50:32,199.1,50,53400
20240221,09:52:40,198.35,50,49050
20240221,09:53:01,198.0,50,49050
20240221,09:53:24,197.95,50,49050
20240221,09:54:15,198.95,100,49050
20240221,09:54:16,198.95,100,49050
20240221,09:54:24,199.0,300,49050
20240221,09:55:36,203.0,200,48700
20240221,09:58:32,198.05,50,48800
20240221,09:58:36,198.15,100,48800
20240221,09:58:37,198.15,50,48800
20240221,09:58:39,198.0,50,48800
20240221,10:00:14,195.3,100,48800
20240221,10:00:54,195.3,50,48800
20240221,10:02:54,200.75,100,48900
20240221,10:03:25,198.65,50,48900
20240221,10:03:31,198.65,150,48900
20240221,10:07:42,199.3,50,48850
20240221,10:07:59,201.6,400,48850
20240221,10:08:05,199.1,50,48850
20240221,10:08:14,198.45,100,48850
20240221,10:08:48,198.45,250,48850
20240221,10:08:49,195.0,50,48850
20240221,10:11:07,195.0,50,49350
20240221,10:12:52,202.0,50,49350
20240221,10:13:50,202.4,150,49400
20240221,10:14:24,202.4,100,49400
20240221,10:17:01,202.4,100,49500
20240221,10:17:42,205.0,450,49500
20240221,10:17:49,205.0,100,49500
20240221,10:20:06,208.95,50,49550
20240221,10:20:15,210.95,100,49550
20240221,10:20:25,209.0,250,49550
20240221,10:20:43,208.45,100,49550
20240221,10:21:00,210.0,50,49550
20240221,10:21:23,211.45,100,49550
20240221,10:23:02,209.8,50,49550
20240221,10:24:00,205.95,100,49400
20240221,10:26:10,204.95,50,49500
20240221,10:28:00,211.45,100,49500
20240221,10:28:07,212.55,100,49500
20240221,10:28:10,213.75,50,49500
20240221,10:29:07,215.5,100,49450
20240221,10:29:15,215.5,500,49450
20240221,10:29:16,214.65,150,49450
20240221,10:29:21,214.6,50,49450
20240221,10:29:25,214.6,50,49450
20240221,10:29:51,210.7,150,49450
20240221,10:32:01,207.65,100,49200
20240221,10:35:56,207.0,50,49200
20240221,10:37:17,207.05,100,49200
20240221,10:37:31,207.65,250,49200
20240221,10:37:38,207.5,400,49200
20240221,10:38:18,207.5,50,49200
20240221,10:38:29,208.65,50,49200
20240221,10:45:54,218.0,300,49400
20240221,10:45:55,219.05,50,49400
20240221,10:46:08,219.05,50,49400
20240221,10:46:15,219.0,50,49400
20240221,10:46:22,219.0,150,49400
20240221,10:47:01,215.2,50,49400
20240221,10:47:08,216.15,100,49400
20240221,10:47:31,217.05,50,49400
20240221,10:47:32,217.0,200,49400
20240221,10:47:57,219.25,50,49400
20240221,10:48:07,219.25,50,49400
20240221,10:48:42,215.1,50,49400
20240221,10:51:22,218.75,50,49400
20240221,10:51:55,219.0,50,49400
20240221,10:52:47,217.5,100,49400
20240221,10:53:55,219.15,50,49400
20240221,10:55:40,218.95,50,49500
20240221,10:55:42,219.15,100,49500
20240221,10:55:48,218.95,50,49500
20240221,10:58:31,212.0,50,49650
20240221,10:58:59,210.05,50,49650
20240221,10:59:03,210.0,50,49650
20240221,11:01:05,210.0,100,49650
20240221,11:07:36,212.0,50,49750
20240221,11:10:29,207.55,150,49800
20240221,11:12:45,205.0,700,49800
20240221,11:13:11,205.85,200,49800
20240221,11:13:18,206.1,300,49800
20240221,11:14:55,208.0,200,50050
20240221,11:15:44,209.0,50,50050
20240221,11:16:47,209.0,350,50250
20240221,11:24:22,214.5,250,50400
20240221,11:28:53,213.0,50,50400
20240221,11:34:25,209.45,50,50450
20240221,11:36:22,207.0,100,50500
20240221,11:38:20,203.9,100,50500
20240221,11:38:46,202.95,50,50500
20240221,11:41:22,201.0,300,50450
20240221,11:43:26,199.0,50,50450
20240221,11:45:28,200.95,400,50700
20240221,11:45:34,201.0,500,50700
20240221,11:49:12,204.0,50,50500
20240221,11:50:54,199.5,50,50550
20240221,11:52:20,200.0,300,50550
20240221,12:00:05,198.05,50,50550
20240221,12:00:24,198.1,50,50700
20240221,12:05:00,198.0,100,50750
20240221,12:13:43,197.05,50,50850
20240221,12:15:47,195.0,150,50850
20240221,12:16:19,193.65,100,50850
20240221,12:16:25,193.65,100,50850
20240221,12:16:49,193.2,100,51100
20240221,12:22:46,192.1,300,51150
20240221,12:26:03,192.1,200,51450
20240221,12:27:38,195.95,200,51450
20240221,12:28:10,192.85,100,51450
20240221,12:33:02,194.75,50,51300
20240221,12:35:10,190.0,100,51350
20240221,12:35:11,190.0,150,51350
20240221,12:37:40,188.45,100,51350
20240221,12:38:24,188.45,150,51300
20240221,12:41:09,191.45,100,51250
20240221,12:41:57,191.15,50,51250
20240221,12:43:07,192.75,50,51250
20240221,12:46:22,195.15,150,51150
20240221,12:46:51,192.85,100,51000
20240221,12:47:02,194.05,50,51000
20240221,12:48:22,190.0,700,51000
20240221,12:48:40,191.0,1800,51000
20240221,12:49:05,191.0,400,51000
20240221,12:50:59,188.55,50,51500
20240221,12:51:31,188.95,50,51500
20240221,12:51:57,188.5,100,51500
20240221,12:52:03,188.0,1800,51500
20240221,12:52:15,188.0,1800,51500
20240221,12:52:21,188.0,1800,51500
20240221,12:52:40,188.0,500,56400
20240221,12:52:46,188.0,50,56400
20240221,12:53:32,185.0,1900,56400
20240221,12:54:23,183.55,50,56400
20240221,12:54:46,182.2,50,56400
20240221,12:56:29,181.6,100,57500
20240221,13:00:25,181.6,50,57600
20240221,13:00:56,185.0,50,57600
20240221,13:08:17,188.0,50,57600
20240221,13:11:48,190.0,200,57550
20240221,13:24:12,190.0,300,57400
20240221,13:25:37,195.75,1500,57400
20240221,13:25:44,191.5,50,57400
20240221,13:26:03,192.0,250,58550
20240221,13:26:47,192.0,50,58550
20240221,13:29:17,193.75,200,58250
20240221,13:29:31,193.8,100,58250
20240221,13:29:38,193.9,250,58250
20240221,13:32:45,195.4,50,58350
20240221,13:34:45,190.0,600,58350
20240221,13:35:37,188.55,50,58350
20240221,13:39:19,187.2,50,58350
20240221,13:41:08,181.65,150,58350
20240221,13:41:37,182.55,50,58350
20240221,13:44:53,187.95,50,58350
20240221,13:47:32,194.0,250,58350
20240221,13:48:25,199.0,450,58350
20240221,13:48:32,200.0,100,58350
20240221,13:49:43,207.45,200,58350
20240221,13:49:50,203.5,50,58350
20240221,13:50:59,199.35,50,58500
20240221,13:51:01,201.0,50,58500
20240221,13:52:43,199.05,100,58500
20240221,13:53:54,200.45,50,58400
20240221,13:54:05,200.45,50,58400
20240221,13:54:27,203.0,100,58400
20240221,13:54:36,205.45,50,58400
20240221,13:54:58,205.4,50,58400
20240221,13:54:59,205.5,250,58400
20240221,13:55:04,207.0,50,58400
20240221,13:55:16,208.95,50,58400
20240221,13:55:26,209.0,50,58400
20240221,13:56:10,209.05,200,58600
20240221,13:56:12,209.0,50,58600
20240221,13:59:05,204.0,250,58400
20240221,14:02:04,213.0,300,58400
20240221,14:02:40,217.0,550,58400
20240221,14:03:00,220.0,50,58400
20240221,14:03:10,221.2,200,58400
20240221,14:03:37,221.2,200,58400
20240221,14:03:40,220.0,50,58400
20240221,14:05:32,212.85,50,58450
20240221,14:06:57,211.8,50,58450
20240221,14:07:04,211.0,100,58450
20240221,14:07:08,214.15,1000,58450
20240221,14:08:16,214.25,200,59100
20240221,14:08:19,212.7,50,59100
20240221,14:08:31,214.0,50,59100
20240221,14:09:44,215.45,100,59100
20240221,14:10:43,212.55,100,59100
20240221,14:10:52,212.6,200,59100
20240221,14:10:53,212.4,150,58750
20240221,14:10:55,213.75,50,58750
20240221,14:11:03,215.0,50,58750
20240221,14:12:02,220.0,150,58750
20240221,14:15:42,223.25,50,58750
20240221,14:19:17,223.25,350,58700
20240221,14:21:43,216.95,50,58550
20240221,14:22:00,218.05,50,58550
20240221,14:22:49,225.15,100,58550
20240221,14:23:24,227.0,250,58500
20240221,14:23:44,230.0,150,58500
20240221,14:24:03,235.25,50,58500
20240221,14:24:40,237.0,250,58500
20240221,14:24:46,237.35,1000,58500
20240221,14:24:48,239.95,400,58500
20240221,14:25:05,239.95,50,58500
20240221,14:25:10,237.85,200,58500
20240221,14:25:31,240.0,50,58500
20240221,14:25:48,244.95,200,58500
20240221,14:25:49,245.0,200,58500
20240221,14:25:50,245.05,750,58500
20240221,14:25:55,246.4,50,58500
20240221,14:26:45,246.4,100,58500
20240221,14:30:26,241.95,50,58250
20240221,14:31:08,241.85,50,58250
20240221,14:31:15,241.95,50,58250
20240221,14:31:35,237.65,100,58250
20240221,14:31:40,236.1,200,58250
20240221,14:32:21,237.5,50,58350
20240221,14:32:23,238.1,50,58350
20240221,14:32:32,239.05,300,58350
20240221,14:32:35,236.95,150,58350
20240221,14:32:57,238.2,150,58350
20240221,14:33:42,237.6,50,58350
20240221,14:33:53,235.95,700,58350
20240221,14:33:57,237.4,150,58350
20240221,14:35:39,244.55,50,58400
20240221,14:36:09,245.95,50,58400
20240221,14:36:28,241.75,50,58400
20240221,14:36:56,245.6,50,58400
20240221,14:38:55,238.1,50,58500
20240221,14:39:14,245.6,500,58500
20240221,14:39:26,250.0,250,58500
20240221,14:39:30,250.0,250,58500
20240221,14:39:32,251.0,600,58500
20240221,14:39:46,251.0,100,58500
20240221,14:39:56,251.15,50,58500
20240221,14:40:01,253.0,50,58500
20240221,14:40:03,254.6,200,58500
20240221,14:40:04,255.0,450,58500
20240221,14:40:09,255.25,50,58500
20240221,14:40:20,255.55,400,58500
20240221,14:40:24,258.4,50,58500
20240221,14:40:26,258.6,50,58500
20240221,14:40:29,259.5,100,58500
20240221,14:40:32,260.0,250,58500
20240221,14:40:41,260.0,100,58500
20240221,14:40:56,260.0,200,58500
20240221,14:40:57,256.4,1000,58500
20240221,14:41:02,257.9,100,59600
20240221,14:41:02,259.0,200,59600
20240221,14:41:33,254.75,50,59600
20240221,14:42:01,251.05,50,59600
20240221,14:42:03,250.15,100,59600
20240221,14:42:06,252.75,300,59600
20240221,14:42:10,250.45,50,59600
20240221,14:42:15,254.7,50,59600
20240221,14:42:17,254.75,300,59600
20240221,14:42:21,256.0,50,59600
20240221,14:42:32,259.0,50,59600
20240221,14:42:37,261.0,50,59600
20240221,14:42:38,261.0,50,59600
20240221,14:43:00,259.2,350,59600
20240221,14:43:04,260.05,50,59600
20240221,14:43:08,257.55,50,59600
20240221,14:43:10,255.85,150,59600
20240221,14:43:13,255.2,400,59600
20240221,14:43:17,257.0,100,59600
20240221,14:43:22,255.95,50,59600
20240221,14:43:23,257.85,150,59600
20240221,14:43:47,256.85,50,59600
20240221,14:43:53,255.75,200,59600
20240221,14:44:02,254.1,350,59800
20240221,14:45:13,255.0,650,59800
20240221,14:45:17,256.0,100,59800
20240221,14:45:26,255.95,500,59800
20240221,14:45:59,259.25,50,59800
20240221,14:46:15,261.75,100,59800
20240221,14:47:09,262.75,14800,60050
20240221,14:47:16,261.0,2200,60050
20240221,14:47:18,261.0,1800,60050
20240221,14:47:21,261.0,1600,60050
20240221,14:49:01,260.6,300,60050
20240221,14:49:10,253.85,50,60050
20240221,14:49:40,256.0,50,60050
20240221,14:50:08,255.95,300,60050
20240221,14:50:45,254.25,50,57600
20240221,14:51:17,249.6,50,57600
20240221,14:51:41,250.65,150,57600
20240221,14:51:48,252.8,50,57600
20240221,14:51:52,253.0,300,57600
20240221,14:52:00,253.0,150,57600
20240221,14:53:30,248.75,50,57250
20240221,14:53:52,255.65,50,57250
20240221,14:54:15,259.0,300,57250
20240221,14:55:20,258.3,100,57250
20240221,14:56:03,261.0,100,57150
20240221,14:56:13,264.0,150,57150
20240221,14:56:23,264.0,50,57150
20240221,14:56:52,261.3,50,57150
20240221,14:57:06,261.3,50,57150
20240221,14:57:15,257.4,150,57150
20240221,14:57:21,259.35,150,57150
20240221,14:58:07,265.95,350,57150
20240221,14:58:17,265.95,100,57150
20240221,14:58:18,266.0,300,57150
20240221,14:58:33,266.0,750,57150
20240221,14:59:01,257.0,150,57150
20240221,15:00:04,256.65,50,57200
20240221,15:00:12,253.0,250,57200
20240221,15:00:12,253.0,50,57200
20240221,15:01:34,260.1,50,57200
20240221,15:02:02,256.35,50,57350
20240221,15:02:50,261.0,100,57350
20240221,15:03:13,261.0,50,57350
20240221,15:04:44,257.4,150,57350
20240221,15:04:47,257.15,50,57350
20240221,15:05:00,253.75,50,57350
20240221,15:05:43,250.0,50,57250
20240221,15:05:45,248.9,200,57250
20240221,15:05:48,248.2,400,57250
20240221,15:06:00,247.9,200,57250
20240221,15:06:02,247.55,150,57250
20240221,15:06:17,249.25,50,57250
20240221,15:06:18,250.0,250,57250
20240221,15:06:36,245.0,250,57250
20240221,15:06:40,241.95,100,57250
20240221,15:06:46,241.85,100,57250
20240221,15:06:54,241.6,50,57250
20240221,15:06:57,241.9,50,57250
20240221,15:07:48,245.7,100,57250
20240221,15:08:45,240.0,900,56150
20240221,15:09:10,240.0,1000,56150
20240221,15:09:19,238.35,500,56150
20240221,15:09:38,238.65,250,56150
20240221,15:09:58,236.0,50,56150
20240221,15:10:10,235.3,50,56150
20240221,15:10:30,234.2,50,56150
20240221,15:10:56,238.45,50,56150
20240221,15:11:22,237.85,50,55900
20240221,15:11:24,239.25,100,55900
20240221,15:12:54,241.05,200,55900
20240221,15:13:01,241.0,600,55900
20240221,15:13:09,239.25,350,55900
20240221,15:13:44,235.0,200,55900
20240221,15:13:48,234.0,50,55900
20240221,15:14:08,231.0,300,55900
20240221,15:14:13,231.4,50,55650
20240221,15:14:16,230.85,100,55650
20240221,15:14:17,230.65,600,55650
20240221,15:15:57,230.6,150,55650
20240221,15:17:11,237.5,50,55000
20240221,15:17:38,244.4,100,55000
20240221,15:17:44,241.6,50,55000
20240221,15:17:50,240.95,200,55000
20240221,15:17:51,240.45,100,55000
20240221,15:17:53,240.4,50,55000
20240221,15:17:54,240.5,50,55000
20240221,15:18:26,242.6,50,55000
20240221,15:18:45,245.6,100,55000
20240221,15:19:10,246.75,50,55000
20240221,15:19:29,248.65,50,55000
20240221,15:19:43,248.1,50,55000
20240221,15:19:57,245.0,100,55000
20240221,15:20:18,246.0,500,55150
20240221,15:21:00,245.8,50,55150
20240221,15:21:21,243.0,300,55150
20240221,15:22:17,246.0,50,55150
20240221,15:23:01,248.9,50,55150
20240221,15:23:38,249.0,300,55200
20240221,15:23:46,250.0,100,55200
20240221,15:25:02,259.25,100,55200
20240221,15:25:43,258.25,250,55200
20240221,15:26:08,260.35,400,55200
20240221,15:27:05,260.35,550,55150
20240221,15:27:31,262.0,750,55150
20240221,15:27:39,262.9,300,55150
20240221,15:28:21,265.0,150,55150
20240221,15:28:45,262.9,50,55150
20240221,15:28:53,262.0,50,55150
20240221,15:29:24,259.8,250,55150
20240221,15:29:35,263.4,200,55150
20240221,15:29:56,260.0,150,55150
20240222,09:15:20,245.0,1,55050
20240222,09:15:20,245.0,50,55050
20240222,09:16:10,232.2,100,55050
20240222,09:16:18,220.8,50,55050
20240222,09:21:42,220.8,50,55100
20240222,09:22:12,234.9,50,55100
20240222,09:22:27,237.95,50,55100
20240222,09:23:49,237.95,50,55100
20240222,09:24:03,237.95,50,55100
20240222,09:24:25,238.9,100,55100
20240222,09:24:40,240.35,100,55100
20240222,09:26:02,238.35,150,55200
20240222,09:26:28,240.0,150,55200
20240222,09:26:36,240.0,50,55200
20240222,09:26:58,240.0,50,55200
20240222,09:28:29,243.9,50,55150
20240222,09:29:07,250.0,200,55150
20240222,09:30:12,250.0,50,55150
20240222,09:30:34,250.5,100,55150
20240222,09:31:19,260.2,100,55200
20240222,09:32:23,257.0,50,55200
20240222,09:32:51,254.1,100,55200
20240222,09:33:14,249.85,800,55200
20240222,09:33:21,254.55,50,55200
20240222,09:34:32,260.0,100,55050
20240222,09:35:59,260.0,100,55050
20240222,09:38:28,254.1,50,55050
20240222,09:38:44,254.6,100,55050
20240222,09:39:20,252.35,50,55050
20240222,09:39:50,255.85,50,55050
20240222,09:41:01,255.8,50,55050
20240222,09:41:08,255.85,100,55050
20240222,09:41:58,242.2,150,55050
20240222,09:42:06,240.0,50,55050
20240222,09:42:16,230.0,250,55050
20240222,09:42:57,235.7,50,55050
20240222,09:43:05,245.5,250,55050
20240222,09:43:39,232.0,50,55050
20240222,09:43:48,235.4,150,55050
20240222,09:43:56,229.9,100,55050
20240222,09:44:04,229.9,50,55050
20240222,09:44:20,229.75,150,55050
20240222,09:44:28,229.9,450,55050
20240222,09:44:38,229.9,100,55050
20240222,09:46:05,229.9,250,55400
20240222,09:47:46,229.9,100,55400
20240222,09:47:47,226.2,550,55400
20240222,09:47:58,227.4,450,55400
20240222,09:48:03,228.8,450,55400
20240222,09:48:18,229.9,50,55400
20240222,09:48:19,230.05,50,55400
20240222,09:49:26,230.0,50,55350
20240222,09:51:04,228.15,50,55350
20240222,09:51:48,232.0,50,55350
20240222,09:53:11,239.2,50,55350
20240222,09:53:33,238.75,350,55350
20240222,09:53:44,241.75,50,55350
20240222,09:54:01,240.9,100,55350
20240222,09:54:36,244.75,50,55350
20240222,09:57:05,244.8,100,55350
20240222,09:57:20,244.75,300,55350
20240222,09:59:08,266.2,500,55350
20240222,09:59:18,263.25,300,55350
20240222,09:59:58,269.95,50,55350
20240222,10:00:08,275.25,450,55350
20240222,10:00:28,278.7,300,55350
20240222,10:00:51,270.0,100,55350
20240222,10:00:58,274.65,200,55300
20240222,10:01:06,273.8,50,55300
20240222,10:01:15,280.25,300,55300
20240222,10:01:25,281.0,150,55300
20240222,10:01:34,281.0,50,55300
20240222,10:01:42,277.25,50,55300
20240222,10:01:50,275.7,150,55300
20240222,10:02:39,278.0,250,55300
20240222,10:02:56,270.65,50,55300
20240222,10:03:05,270.65,400,55300
20240222,10:03:46,269.85,50,55300
20240222,10:03:54,272.35,50,55300
20240222,10:04:08,269.25,50,55200
20240222,10:04:15,270.0,50,55200
20240222,10:04:22,270.0,50,55200
20240222,10:04:57,269.25,50,55200
20240222,10:05:45,283.8,400,55200
20240222,10:05:55,286.5,200,55200
20240222,10:06:04,286.0,50,55200
20240222,10:06:12,286.7,50,55200
20240222,10:06:20,286.7,50,55200
20240222,10:06:27,284.6,50,55200
20240222,10:06:34,284.05,450,55200
20240222,10:06:42,281.1,450,55200
20240222,10:06:49,279.55,500,55200
20240222,10:07:38,285.0,50,55450
20240222,10:08:06,277.85,50,55450
20240222,10:08:27,278.5,450,55450
20240222,10:08:42,276.0,50,55450
20240222,10:08:50,276.0,150,55450
20240222,10:09:05,278.0,50,55450
20240222,10:09:36,271.6,50,55450
20240222,10:10:12,275.95,50,55500
20240222,10:10:48,275.0,50,55500
20240222,10:11:02,275.0,50,55500
20240222,10:11:45,278.0,50,55500
20240222,10:12:59,273.95,250,55500
20240222,10:13:42,272.25,300,55850
20240222,10:14:09,272.15,300,55850
20240222,10:14:16,274.0,250,55850
20240222,10:14:51,271.2,250,55850
20240222,10:15:22,281.8,550,55850
20240222,10:15:46,281.5,50,55850
20240222,10:16:30,285.0,100,57000
20240222,10:18:09,280.0,50,57000
20240222,10:18:49,280.05,50,57000
20240222,10:19:31,285.45,100,56950
20240222,10:19:37,282.75,250,56950
20240222,10:19:44,283.45,250,56950
20240222,10:19:51,284.05,500,56950
20240222,10:19:59,284.6,250,56950
20240222,10:20:26,279.0,350,56950
20240222,10:20:40,280.7,250,56950
20240222,10:20:47,282.05,50,56950
20240222,10:21:00,279.45,250,56950
20240222,10:21:42,282.65,250,56950
20240222,10:21:56,280.4,300,56950
20240222,10:22:35,287.0,900,59550
20240222,10:22:46,289.0,150,59550
20240222,10:22:56,290.0,1100,59550
20240222,10:23:06,296.15,250,59550
20240222,10:23:30,296.15,100,59550
20240222,10:23:47,292.0,150,59550
20240222,10:24:02,295.0,350,59550
20240222,10:24:10,292.05,100,59550
20240222,10:24:17,293.1,250,59550
20240222,10:24:35,293.35,400,59550
20240222,10:24:53,290.25,250,59550
20240222,10:25:00,289.0,100,59550
20240222,10:25:07,288.9,300,60750
20240222,10:25:34,288.85,50,60750
20240222,10:26:10,287.1,50,60750
20240222,10:28:05,282.9,250,60950
20240222,10:28:13,279.4,100,60950
20240222,10:28:29,276.6,50,60950
20240222,10:29:00,275.0,250,60950
20240222,10:29:21,275.0,1150,60950
20240222,10:30:38,273.0,150,60950
20240222,10:31:43,275.45,250,61450
20240222,10:31:50,276.65,50,61450
20240222,10:32:58,280.0,50,61450
20240222,10:33:20,281.45,450,61450
20240222,10:33:40,285.0,4000,61450
20240222,10:34:15,279.0,50,62900
20240222,10:34:35,284.0,400,62900
20240222,10:35:02,281.85,250,62900
20240222,10:36:05,279.0,300,62900
20240222,10:36:12,279.0,50,62900
20240222,10:37:40,270.7,550,63400
20240222,10:38:09,269.75,50,63400
20240222,10:38:31,267.4,250,63400
20240222,10:38:52,271.0,100,63400
20240222,10:40:46,271.05,50,64050
20240222,10:41:08,273.85,200,64050
20240222,10:41:15,274.0,50,64050
20240222,10:41:59,278.85,50,64050
20240222,10:42:06,272.45,100,64050
20240222,10:42:20,272.95,250,64050
20240222,10:42:27,272.25,250,64050
20240222,10:42:41,271.0,250,64050
20240222,10:42:49,267.9,500,64050
20240222,10:43:10,267.55,100,64050
20240222,10:43:17,274.45,50,65400
20240222,10:43:25,273.8,500,65400
20240222,10:43:46,268.75,100,65400
20240222,10:43:53,267.8,250,65400
20240222,10:43:59,268.1,250,65400
20240222,10:44:07,267.65,250,65400
20240222,10:44:27,267.35,250,65400
20240222,10:44:35,270.75,100,65400
20240222,10:45:03,269.85,500,65400
20240222,10:45:31,272.0,50,65400
20240222,10:46:12,268.8,250,67500
20240222,10:46:19,270.85,250,67500
20240222,10:46:33,269.55,250,67500
20240222,10:46:53,269.55,200,67500
20240222,10:47:47,270.45,500,67500
20240222,10:47:54,271.25,250,67500
20240222,10:48:56,271.35,250,67500
20240222,10:52:39,271.15,150,69450
20240222,10:52:45,271.6,500,69450
20240222,10:52:58,272.85,300,69450
20240222,10:53:05,272.6,450,69450
20240222,10:53:37,271.75,250,69450
20240222,10:53:44,271.55,50,69450
20240222,10:53:57,271.65,250,69450
20240222,10:54:03,273.05,50,69450
20240222,10:55:05,281.8,150,69450
20240222,10:55:24,281.8,500,71400
20240222,10:55:46,281.8,100,71400
20240222,10:56:36,281.8,100,71400
20240222,10:58:00,292.2,100,71400
20240222,10:58:36,288.95,250,71350
20240222,10:59:04,288.95,50,71350
20240222,10:59:33,286.65,100,71350
20240222,10:59:53,286.5,100,71350
20240222,11:00:07,287.0,150,71350
20240222,11:00:13,287.75,300,71350
20240222,11:00:34,285.7,150,71350
20240222,11:00:41,284.65,150,71350
20240222,11:01:08,284.75,150,71350
20240222,11:01:16,285.3,100,72700
20240222,11:01:30,284.7,100,72700
20240222,11:01:44,285.3,100,72700
20240222,11:02:11,284.9,100,72700
20240222,11:02:57,286.0,50,72700
20240222,11:06:04,283.9,50,73100
20240222,11:07:13,284.8,100,73100
20240222,11:07:57,280.8,100,73100
20240222,11:08:19,279.05,50,73100
20240222,11:08:50,276.65,50,73100
20240222,11:10:45,276.15,50,73250
20240222,11:12:44,276.15,50,73250
20240222,11:14:53,274.0,50,73300
20240222,11:15:07,274.8,50,73300
20240222,11:15:43,275.1,50,73300
20240222,11:17:13,279.3,50,73450
20240222,11:17:27,278.45,50,73450
20240222,11:21:21,284.05,800,73500
20240222,11:21:36,284.05,250,73500
20240222,11:21:51,284.05,100,73500
20240222,11:23:05,285.0,50,73500
20240222,11:26:02,275.95,2700,73500
20240222,11:28:22,278.25,2000,73500
20240222,11:28:29,278.2,1400,73500
20240222,11:29:07,283.95,850,73500
20240222,11:29:38,285.0,100,73500
20240222,11:30:08,284.95,50,73500
20240222,11:31:37,285.0,100,73550
20240222,11:32:23,289.2,50,73550
20240222,11:34:18,276.6,50,73550
20240222,11:36:50,274.0,50,73550
20240222,11:37:05,274.0,200,73550
20240222,11:37:13,273.5,100,73550
20240222,11:37:43,272.0,100,73850
20240222,11:42:40,267.25,50,73850
20240222,11:43:03,260.4,400,73850
20240222,11:43:31,259.1,500,73500
20240222,11:43:40,257.35,50,73500
20240222,11:45:00,259.0,150,73500
20240222,11:45:34,260.3,50,73500
20240222,11:47:20,261.45,50,73400
20240222,11:47:35,263.0,250,73400
20240222,11:48:21,263.05,50,73400
20240222,11:48:23,263.05,50,73400
20240222,11:49:12,267.4,200,73400
20240222,11:50:03,267.15,50,73400
20240222,11:50:53,267.15,100,73400
20240222,11:53:00,267.0,150,73500
20240222,11:55:45,263.0,200,73500
20240222,11:57:18,264.9,50,73500
20240222,11:59:35,261.45,50,73450
20240222,12:01:53,255.8,100,73450
20240222,12:03:19,252.35,50,73450
20240222,12:03:28,252.3,50,73450
20240222,12:04:59,253.05,50,73400
20240222,12:06:09,261.2,50,73400
20240222,12:10:06,251.0,100,73400
20240222,12:10:57,254.6,100,73400
20240222,12:11:13,250.05,50,73400
20240222,12:11:22,248.75,300,73400
20240222,12:13:19,250.0,200,73400
20240222,12:14:54,255.1,200,73500
20240222,12:17:21,254.85,50,73650
20240222,12:18:26,260.8,50,73650
20240222,12:18:34,259.6,50,73650
20240222,12:19:04,258.0,50,73650
20240222,12:19:20,255.25,150,73650
20240222,12:21:55,255.25,100,73650
20240222,12:22:56,260.0,100,73800
20240222,12:23:47,261.45,50,73800
20240222,12:24:28,262.85,150,73800
20240222,12:24:36,260.8,200,73800
20240222,12:25:01,262.0,200,73800
20240222,12:25:24,261.0,200,74200
20240222,12:26:40,260.9,250,74200
20240222,12:26:48,260.7,400,74200
20240222,12:26:56,260.1,250,74200
20240222,12:27:03,260.2,200,74200
20240222,12:27:11,258.85,400,74200
20240222,12:27:18,257.95,250,74200
20240222,12:27:49,262.9,150,74200
20240222,12:28:43,260.95,200,75800
20240222,12:31:35,259.7,200,76000
20240222,12:31:43,259.7,200,76000
20240222,12:31:51,258.4,200,76000
20240222,12:32:14,256.8,100,76000
20240222,12:32:22,254.15,400,76000
20240222,12:33:21,251.65,50,76000
20240222,12:33:44,252.2,50,76000
20240222,12:38:28,253.0,50,77100
20240222,12:39:30,253.0,250,77100
20240222,12:41:20,253.4,100,77200
20240222,12:41:27,253.0,250,77200
20240222,12:43:50,261.35,50,77500
20240222,12:47:50,259.1,50,77500
20240222,12:53:55,263.65,50,77500
20240222,12:58:16,263.65,50,77550
20240222,12:58:38,263.0,50,77550
20240222,13:03:51,261.4,50,77550
20240222,13:05:53,264.1,250,77600
20240222,13:07:27,263.9,50,77600
20240222,13:08:40,255.0,200,77900
20240222,13:09:04,252.85,200,77900
20240222,13:09:40,253.25,150,77900
20240222,13:09:55,251.55,200,77900
20240222,13:11:00,250.3,100,78650
20240222,13:13:28,256.65,50,78650
20240222,13:17:43,257.65,50,78650
20240222,13:17:49,258.3,50,78650
20240222,13:23:32,255.45,50,78650
20240222,13:31:00,248.2,600,78700
20240222,13:36:36,248.2,1050,78850
20240222,13:37:04,238.75,800,78850
20240222,13:37:16,239.0,400,78850
20240222,13:39:48,234.7,200,79600
20240222,13:39:56,234.6,600,79600
20240222,13:40:13,233.2,200,79600
20240222,13:40:31,232.85,300,79600
20240222,13:40:56,232.6,200,80800
20240222,13:41:48,231.4,200,80800
20240222,13:41:59,225.45,600,80800
20240222,13:42:10,223.0,350,80800
20240222,13:42:30,223.05,50,80800
20240222,13:44:42,225.55,200,82000
20240222,13:45:06,225.55,950,82000
20240222,13:45:22,224.55,200,82000
20240222,13:46:11,227.95,50,82000
20240222,13:46:27,225.0,50,82000
20240222,13:47:16,219.15,350,82850
20240222,13:47:34,220.5,50,82850
20240222,13:49:03,218.7,300,82850
20240222,13:49:11,218.5,400,82850
20240222,13:49:28,217.6,400,82850
20240222,13:49:35,217.6,200,82850
20240222,13:49:51,217.05,200,84350
20240222,13:50:03,214.5,200,84350
20240222,13:50:13,209.85,200,84350
20240222,13:50:22,209.85,100,84350
20240222,13:51:02,209.85,50,84350
20240222,13:51:17,210.95,50,84350
20240222,13:51:57,216.95,1200,84350
20240222,13:52:12,212.65,200,84350
20240222,13:52:20,211.6,200,84350
20240222,13:53:05,211.4,200,85350
20240222,13:53:12,211.55,200,85350
20240222,13:53:20,207.9,650,85350
20240222,13:53:31,205.75,400,85350
20240222,13:53:58,205.75,50,85350
20240222,13:54:30,206.0,50,85350
20240222,13:55:07,208.5,350,85350
20240222,13:56:16,211.35,50,86750
20240222,13:56:31,212.0,2250,86750
20240222,13:56:39,213.95,900,86750
20240222,13:56:47,210.35,1550,86750
20240222,13:56:54,211.6,3350,86750
20240222,13:57:02,212.4,1750,86750
20240222,13:57:09,210.85,2000,86750
20240222,13:57:24,209.05,2400,86750
20240222,13:57:31,208.35,200,86750
20240222,13:57:39,208.45,200,86750
20240222,13:57:46,208.1,600,86750
20240222,13:57:54,207.9,2050,86750
20240222,13:58:02,206.95,600,86750
20240222,13:58:09,211.6,1850,86750
20240222,13:58:16,207.55,200,86750
20240222,13:58:23,206.95,600,86750
20240222,13:58:30,207.15,300,86750
20240222,13:58:37,206.7,100,86750
20240222,13:58:54,205.0,50,91250
20240222,13:59:04,200.0,200,91250
20240222,13:59:33,197.0,300,91250
20240222,14:00:12,195.95,1850,91250
20240222,14:00:28,199.0,2050,91250
20240222,14:00:36,199.95,50,91250
20240222,14:00:51,201.0,1850,91250
20240222,14:01:14,202.0,1850,91250
20240222,14:01:22,199.55,350,91250
20240222,14:01:38,195.25,2150,91250
20240222,14:01:56,191.4,2000,91350
20240222,14:02:37,191.4,250,91350
20240222,14:02:53,194.85,1900,91350
20240222,14:03:16,196.0,1800,91350
20240222,14:03:31,194.75,150,91350
20240222,14:03:46,194.85,50,91350
20240222,14:04:02,197.05,100,91350
20240222,14:04:10,196.0,450,91350
20240222,14:04:18,195.9,1450,91350
20240222,14:04:26,196.05,900,91350
20240222,14:04:34,195.85,1650,91350
20240222,14:04:42,198.95,1900,90850
20240222,14:05:07,202.0,700,90850
20240222,14:05:23,202.65,50,90850
20240222,14:05:31,201.0,50,90850
20240222,14:05:40,196.95,200,90850
20240222,14:05:48,194.8,200,90850
20240222,14:05:56,196.75,250,90850
20240222,14:06:12,196.9,300,90850
20240222,14:06:27,197.9,50,90850
20240222,14:07:56,202.0,50,91400
20240222,14:08:17,205.0,50,91400
20240222,14:08:41,202.65,200,91400
20240222,14:09:33,202.65,50,91400
20240222,14:10:10,202.0,150,91400
20240222,14:10:57,203.7,100,91400
20240222,14:11:05,205.8,150,91400
20240222,14:12:05,203.15,50,91400
20240222,14:12:12,203.95,550,91400
20240222,14:13:33,206.1,200,91400
20240222,14:13:41,207.0,50,91400
20240222,14:14:26,208.75,50,92000
20240222,14:14:34,209.0,100,92000
20240222,14:14:50,205.8,1800,92000
20240222,14:15:04,209.55,150,92000
20240222,14:15:20,207.55,250,92000
20240222,14:15:28,208.15,1900,92000
20240222,14:15:35,209.65,100,92000
20240222,14:16:28,204.55,50,92000
20240222,14:16:36,204.0,50,92000
20240222,14:16:51,204.0,50,92300
20240222,14:17:50,205.2,100,92300
20240222,14:18:12,204.45,50,92300
20240222,14:18:55,205.7,50,92300
20240222,14:19:48,211.6,450,92250
20240222,14:19:58,211.7,50,92250
20240222,14:20:08,211.75,50,92250
20240222,14:20:09,211.7,1550,92250
20240222,14:20:13,212.25,100,92250
20240222,14:20:18,210.95,3650,92250
20240222,14:20:19,211.0,600,92250
20240222,14:20:20,211.0,150,92250
20240222,14:20:21,211.0,50,92250
20240222,14:20:39,211.0,900,92250
20240222,14:20:42,210.8,50,92250
20240222,14:20:55,210.8,50,92250
20240222,14:21:06,211.0,50,92250
20240222,14:21:14,210.8,1100,92250
20240222,14:21:22,209.35,50,92250
20240222,14:21:45,211.0,2300,92250
20240222,14:22:01,211.0,50,92250
20240222,14:22:08,210.0,14050,92250
20240222,14:22:31,210.0,150,92250
20240222,14:22:39,207.55,50,92250
20240222,14:23:17,211.0,50,92300
20240222,14:23:33,211.7,50,92300
20240222,14:23:40,211.0,150,92300
20240222,14:24:03,209.45,50,92300
20240222,14:25:03,207.2,50,92300
20240222,14:25:10,208.35,250,92300
20240222,14:25:17,207.0,150,92300
20240222,14:25:48,202.6,50,92250
20240222,14:26:40,204.9,150,92250
20240222,14:27:16,204.8,50,92250
20240222,14:27:37,202.95,100,92250
20240222,14:28:09,200.0,100,92250
20240222,14:28:24,201.8,50,92250
20240222,14:28:39,200.65,50,92250
20240222,14:29:02,200.0,100,92300
20240222,14:29:54,200.4,50,92300
20240222,14:30:16,200.4,50,92300
20240222,14:30:45,201.4,100,92300
20240222,14:32:00,203.85,50,92300
20240222,14:32:52,205.65,250,92300
20240222,14:33:44,203.05,50,92300
20240222,14:33:59,205.0,50,92300
20240222,14:34:35,202.8,250,92300
20240222,14:37:49,195.65,250,92600
20240222,14:37:57,194.75,200,92600
20240222,14:38:50,192.25,150,92600
20240222,14:38:58,191.35,250,92600
20240222,14:39:06,190.0,300,92600
20240222,14:39:14,189.95,100,92600
20240222,14:39:39,189.6,500,92600
20240222,14:39:54,190.0,50,92600
20240222,14:40:09,190.0,1450,92600
20240222,14:40:25,192.1,50,92600
20240222,14:40:54,190.05,300,92700
20240222,14:41:04,189.95,350,92700
20240222,14:41:30,189.95,1200,92700
20240222,14:41:59,190.45,50,92700
20240222,14:42:06,190.9,150,92700
20240222,14:42:13,190.9,900,92700
20240222,14:42:36,187.6,350,92700
20240222,14:42:59,187.6,100,92700
20240222,14:43:36,193.85,50,92700
20240222,14:44:14,195.75,50,92600
20240222,14:44:22,194.0,100,92600
20240222,14:44:59,191.0,50,92600
20240222,14:45:28,192.4,50,92600
20240222,14:48:32,188.0,1100,92700
20240222,14:48:42,185.0,150,92700
20240222,14:49:01,184.0,350,92700
20240222,14:50:19,180.0,100,92650
20240222,14:50:45,180.0,100,92650
20240222,14:50:54,179.0,300,92650
20240222,14:51:04,176.55,150,92650
20240222,14:51:14,174.55,400,92650
20240222,14:51:47,173.85,150,92650
20240222,14:51:58,171.3,100,92650
20240222,14:52:08,171.3,100,92650
20240222,14:52:16,179.45,300,92650
20240222,14:52:33,177.35,50,92650
20240222,14:52:49,178.8,100,92800
20240222,14:53:13,176.05,350,92800
20240222,14:53:21,176.8,200,92800
20240222,14:53:53,179.5,50,92800
20240222,14:54:16,177.45,200,92800
20240222,14:54:24,179.65,50,92800
20240222,14:54:32,180.0,100,92800
20240222,14:54:48,180.0,50,92800
20240222,14:54:55,180.0,600,92800
20240222,14:55:27,179.0,100,92800
20240222,14:55:35,177.15,50,92800
20240222,14:55:55,180.25,350,93300
20240222,14:56:55,183.35,50,93300
20240222,14:57:03,181.1,100,93300
20240222,14:57:11,180.5,100,93300
20240222,14:58:27,185.0,900,93300
20240222,14:58:30,183.15,50,93300
20240222,14:58:57,187.1,50,93500
20240222,14:59:08,183.0,150,93500
20240222,14:59:34,184.5,150,93500
20240222,14:59:43,183.0,500,93500
20240222,15:00:05,180.0,50,93500
20240222,15:00:20,176.5,500,93500
20240222,15:00:36,177.35,150,93500
20240222,15:01:25,177.3,50,93500
20240222,15:01:42,177.5,150,93500
20240222,15:01:51,177.7,500,93500
20240222,15:02:10,175.3,100,93900
20240222,15:02:29,178.3,50,93900
20240222,15:03:01,179.2,800,93900
20240222,15:03:10,175.9,550,93900
20240222,15:03:48,178.3,100,93900
20240222,15:04:20,175.35,100,93900
20240222,15:04:28,175.0,250,93900
20240222,15:04:37,174.0,750,93900
20240222,15:04:47,173.15,200,93900
20240222,15:04:56,172.95,200,94100
20240222,15:05:06,172.75,50,94100
20240222,15:05:14,173.7,250,94100
20240222,15:05:23,174.6,200,94100
20240222,15:05:31,174.25,50,94100
20240222,15:05:39,175.9,200,94100
20240222,15:05:47,175.95,200,94100
20240222,15:05:55,175.5,50,94100
20240222,15:06:02,175.7,150,94100
20240222,15:06:18,175.1,100,94100
20240222,15:06:26,175.0,50,94100
20240222,15:06:35,172.95,400,94100
20240222,15:06:43,173.4,400,94100
20240222,15:06:51,174.75,50,94100
20240222,15:06:59,175.95,150,94100
20240222,15:07:07,175.85,50,94100
20240222,15:07:15,173.35,50,94100
20240222,15:07:23,173.3,100,94100
20240222,15:07:30,174.95,150,94100
20240222,15:07:38,173.15,100,94100
20240222,15:07:46,173.0,50,94100
20240222,15:07:55,173.0,800,96750
20240222,15:08:04,173.0,50,96750
20240222,15:08:11,173.0,50,96750
20240222,15:08:19,173.0,150,96750
20240222,15:08:27,173.45,50,96750
20240222,15:08:35,173.6,50,96750
20240222,15:08:43,173.65,150,96750
20240222,15:08:58,173.4,50,96750
20240222,15:09:06,174.65,100,96750
20240222,15:09:14,172.6,100,96750
20240222,15:09:22,172.25,100,96750
20240222,15:09:29,172.3,150,96750
20240222,15:09:37,172.05,100,96750
20240222,15:09:44,172.3,50,96750
20240222,15:09:52,172.25,50,96750
20240222,15:10:00,172.55,600,96750
20240222,15:10:08,172.6,150,96750
20240222,15:10:15,172.8,200,96750
20240222,15:10:22,172.4,150,96750
20240222,15:10:30,172.25,100,96750
20240222,15:10:38,172.0,150,96750
20240222,15:10:54,172.0,50,98650
20240222,15:11:12,171.0,100,98650
20240222,15:11:22,170.0,350,98650
20240222,15:11:32,169.0,50,98650
20240222,15:12:06,168.0,200,98650
20240222,15:12:16,167.75,150,98650
20240222,15:12:34,167.7,50,98650
20240222,15:12:42,167.0,100,98650
20240222,15:13:00,166.0,100,98650
20240222,15:13:30,165.95,100,98650
20240222,15:13:38,165.95,50,98650
20240222,15:14:03,165.95,600,98550
20240222,15:14:11,169.25,50,98550
20240222,15:14:37,166.5,200,98550
20240222,15:15:11,170.0,100,98550
20240222,15:15:19,168.6,50,98550
20240222,15:15:36,168.0,100,98550
20240222,15:15:44,167.0,150,98550
20240222,15:15:53,165.1,350,98550
20240222,15:16:02,165.0,50,98550
20240222,15:16:10,164.0,200,98550
20240222,15:16:28,164.0,100,98550
20240222,15:16:37,164.5,50,98550
20240222,15:17:05,163.45,1000,98550
20240222,15:17:14,164.8,100,98550
20240222,15:17:39,164.8,100,98550
20240222,15:17:47,164.8,50,98550
20240222,15:17:54,164.8,100,98550
20240222,15:18:02,164.8,50,98550
20240222,15:18:18,164.75,100,98550
20240222,15:18:26,164.6,250,98550
20240222,15:18:56,164.35,100,98550
20240222,15:19:00,164.5,250,98550
20240222,15:19:12,164.5,50,98550
20240222,15:19:19,164.3,50,98550
20240222,15:19:43,163.9,50,98550
20240222,15:22:07,166.05,200,98450
20240222,15:22:23,165.0,150,98450
20240222,15:22:32,163.85,50,98450
20240222,15:22:43,164.0,400,98450
20240222,15:22:52,166.05,150,98450
20240222,15:24:03,165.45,50,98550
20240222,15:24:10,165.45,50,98550
20240222,15:24:26,164.0,150,98550
20240222,15:24:48,163.05,100,98550
20240222,15:24:56,163.0,50,98550
20240222,15:25:21,163.0,50,98550
20240222,15:25:30,162.15,250,98550
20240222,15:25:38,162.15,300,98550
20240222,15:25:47,160.8,50,98550
20240222,15:25:56,160.8,50,98600
20240222,15:26:21,160.8,100,98600
20240222,15:26:38,160.0,100,98600
20240222,15:26:46,160.0,50,98600
20240222,15:27:26,161.0,50,98600
20240222,15:27:35,160.25,150,98600
20240222,15:27:51,160.75,250,98600
20240222,15:29:15,161.5,300,98650
20240222,15:29:34,160.75,500,98650
20240222,15:29:44,164.2,100,98650
20240223,09:15:05,164.0,1,96450
20240223,09:15:05,164.0,50,96450
20240223,09:15:35,163.0,100,96450
20240223,09:15:41,160.0,100,96450
20240223,09:15:46,165.75,450,96450
20240223,09:16:03,165.75,150,97000
20240223,09:16:08,159.55,750,97000
20240223,09:16:27,159.25,50,97000
20240223,09:16:47,159.25,100,97000
20240223,09:17:06,161.55,200,97000
20240223,09:17:29,161.6,50,97000
20240223,09:17:34,164.1,750,97000
20240223,09:17:38,163.65,50,97000
20240223,09:17:43,161.85,150,97000
20240223,09:17:52,164.45,250,97000
20240223,09:18:06,162.05,200,97000
20240223,09:18:16,162.1,500,97000
20240223,09:18:20,162.1,150,97000
20240223,09:18:25,162.05,250,97000
20240223,09:18:26,162.05,50,97000
20240223,09:18:27,162.05,100,97000
20240223,09:18:28,162.05,350,97000
20240223,09:18:29,162.05,100,97000
20240223,09:18:30,162.05,3650,97000
20240223,09:18:35,161.5,50,97000
20240223,09:18:36,160.7,50,97000
20240223,09:18:37,160.55,50,97000
20240223,09:19:01,160.1,100,96500
20240223,09:19:02,159.25,200,96500
20240223,09:19:04,158.8,350,96500
20240223,09:19:07,158.4,50,96500
20240223,09:19:18,158.4,100,96500
20240223,09:19:40,158.0,250,96500
20240223,09:19:46,158.0,50,96500
20240223,09:19:53,157.8,150,96500
20240223,09:19:59,157.8,50,96500
20240223,09:20:06,157.2,100,96500
20240223,09:20:20,157.2,150,96500
20240223,09:20:31,159.45,50,96500
20240223,09:20:33,159.7,250,96500
20240223,09:20:53,159.35,250,96500
20240223,09:20:54,159.6,50,96500
20240223,09:20:58,159.4,50,96500
20240223,09:21:04,159.4,50,96500
20240223,09:21:12,158.05,200,96500
20240223,09:21:23,156.6,50,96500
20240223,09:22:15,156.6,50,96450
20240223,09:22:17,156.6,250,96450
20240223,09:22:32,156.0,50,96450
20240223,09:22:33,156.0,100,96450
20240223,09:23:33,155.6,550,96450
20240223,09:23:39,156.25,250,96450
20240223,09:24:57,159.5,500,96600
20240223,09:25:43,160.35,400,96600
20240223,09:25:44,160.4,50,96600
20240223,09:26:01,160.7,50,96600
20240223,09:26:02,161.0,50,96600
20240223,09:26:04,160.4,150,96600
20240223,09:26:05,159.75,200,96600
20240223,09:26:08,160.0,50,96600
20240223,09:26:40,158.35,100,96600
20240223,09:26:44,159.2,100,96600
20240223,09:26:52,158.45,200,96600
20240223,09:27:23,160.0,100,96600
20240223,09:27:25,160.95,100,96600
20240223,09:27:31,161.55,150,96600
20240223,09:27:33,162.4,100,96600
20240223,09:28:26,163.7,50,96650
20240223,09:28:42,163.0,50,96650
20240223,09:28:47,162.05,150,96650
20240223,09:28:56,162.0,150,96650
20240223,09:29:06,163.0,50,96650
20240223,09:29:30,163.3,100,96650
20240223,09:29:44,163.8,150,96650
20240223,09:29:51,163.8,450,96650
20240223,09:30:22,164.35,200,96650
20240223,09:30:29,166.0,1900,96650
20240223,09:30:36,166.0,1050,96650
20240223,09:30:50,164.2,50,96650
20240223,09:30:57,162.9,400,96550
20240223,09:31:11,162.0,50,96550
20240223,09:32:29,163.45,50,96550
20240223,09:32:39,165.0,100,96550
20240223,09:32:41,163.55,350,96550
20240223,09:32:46,165.15,100,96550
20240223,09:32:47,165.6,100,96550
20240223,09:32:50,165.6,100,96550
20240223,09:33:00,165.65,100,96550
20240223,09:33:01,166.05,50,96550
20240223,09:33:15,166.6,50,96550
20240223,09:33:18,167.0,300,96550
20240223,09:33:25,167.0,250,96550
20240223,09:33:43,166.0,50,96550
20240223,09:33:46,167.5,1200,96550
20240223,09:33:51,167.5,50,96550
20240223,09:34:05,167.85,50,96550
20240223,09:34:10,168.7,50,96550
20240223,09:34:17,168.7,50,96550
20240223,09:34:28,168.75,50,96550
20240223,09:34:35,169.95,300,96550
20240223,09:34:50,169.95,250,96550
20240223,09:34:57,166.0,600,96550
20240223,09:35:04,164.75,100,96550
20240223,09:35:11,163.4,250,96550
20240223,09:35:38,164.0,200,96550
20240223,09:36:20,163.0,100,96550
20240223,09:36:35,163.35,200,96550
20240223,09:36:41,164.0,750,96550
20240223,09:36:48,163.0,1600,96550
20240223,09:37:02,162.95,50,96650
20240223,09:37:27,161.15,100,96650
20240223,09:37:34,161.1,200,96650
20240223,09:37:38,161.1,100,96650
20240223,09:37:48,160.2,50,96650
20240223,09:37:52,160.0,200,96650
20240223,09:37:55,160.0,50,96650
20240223,09:38:00,160.0,300,96650
20240223,09:38:03,160.0,100,96650
20240223,09:38:27,158.8,50,96650
20240223,09:38:30,158.75,50,96650
20240223,09:38:57,157.05,50,96650
20240223,09:38:58,157.0,50,96650
20240223,09:39:03,156.15,50,96650
20240223,09:39:08,156.65,200,96650
20240223,09:39:25,156.45,50,96650
20240223,09:39:34,155.0,200,96650
20240223,09:39:44,154.0,200,96650
20240223,09:39:52,153.8,650,96650
20240223,09:40:00,154.2,200,96650
20240223,09:40:15,153.9,200,96650
20240223,09:40:17,153.95,200,96650
20240223,09:40:21,154.2,2200,96650
20240223,09:40:36,155.0,850,96650
20240223,09:40:50,155.3,100,96650
20240223,09:41:25,155.3,1400,96650
20240223,09:41:32,155.25,50,96650
20240223,09:41:54,153.9,100,96650
20240223,09:42:16,154.85,300,96650
20240223,09:42:39,154.0,1000,96650
20240223,09:42:46,154.0,2100,96650
20240223,09:44:25,155.0,100,96650
20240223,09:44:39,156.0,500,96650
20240223,09:45:05,157.0,150,96650
20240223,09:45:12,156.05,300,96650
20240223,09:45:19,157.3,450,96650
20240223,09:45:33,156.75,150,96650
20240223,09:45:48,156.4,100,96650
20240223,09:45:55,155.3,200,96450
20240223,09:46:02,155.7,50,96450
20240223,09:46:16,155.0,350,96450
20240223,09:46:45,155.6,50,96450
20240223,09:46:52,155.0,150,96450
20240223,09:47:20,155.2,50,96450
20240223,09:47:47,155.3,100,96450
20240223,09:48:01,157.1,50,96450
20240223,09:48:08,158.7,50,96450
20240223,09:48:16,157.65,100,96450
20240223,09:48:23,157.4,50,96450
20240223,09:49:05,158.05,950,96550
20240223,09:50:02,159.6,550,96550
20240223,09:50:09,160.0,300,96550
20240223,09:50:16,160.0,150,96550
20240223,09:50:33,161.0,50,96550
20240223,09:50:41,160.25,100,96550
20240223,09:50:47,160.0,50,96550
20240223,09:51:10,158.8,150,96550
20240223,09:51:13,158.0,150,96550
20240223,09:51:33,157.45,100,96550
20240223,09:51:40,156.0,150,96550
20240223,09:51:54,157.2,50,96550
20240223,09:52:07,158.6,50,96550
20240223,09:52:27,157.85,100,96550
20240223,09:52:56,159.55,550,96550
20240223,09:53:01,159.75,100,96550
20240223,09:53:20,159.75,100,96550
20240223,09:53:44,162.0,50,96550
20240223,09:53:58,162.0,150,96550
20240223,09:54:01,162.9,150,96550
20240223,09:54:30,162.5,650,96550
20240223,09:54:58,160.2,150,96550
20240223,09:55:05,160.0,50,96750
20240223,09:55:11,160.35,50,96750
20240223,09:55:19,160.35,50,96750
20240223,09:56:02,161.05,50,96750
20240223,09:56:08,160.0,50,96750
20240223,09:56:20,159.3,100,96750
20240223,09:56:47,159.3,350,96750
20240223,09:56:54,159.3,100,96750
20240223,09:57:01,159.3,1050,96750
20240223,09:57:30,161.1,150,96750
20240223,09:58:13,162.0,350,98250
20240223,09:59:21,159.45,300,98250
20240223,09:59:43,157.1,250,98250
20240223,10:00:04,157.2,50,98250
20240223,10:00:47,156.45,150,98250
20240223,10:00:55,156.6,150,98250
20240223,10:01:23,158.1,50,98250
20240223,10:01:37,158.1,150,98250
20240223,10:01:55,158.4,50,98250
20240223,10:02:09,157.35,100,98250
20240223,10:02:42,160.2,550,98250
20240223,10:03:24,159.25,50,98250
20240223,10:04:01,158.8,300,98250
20240223,10:04:34,157.05,50,98250
20240223,10:05:07,157.25,100,98250
20240223,10:05:14,156.55,50,98250
20240223,10:05:59,156.5,850,98250
20240223,10:06:34,157.2,250,98250
20240223,10:07:00,157.2,200,98300
20240223,10:07:14,154.75,150,98300
20240223,10:07:50,154.85,100,98300
20240223,10:07:57,154.0,200,98300
20240223,10:08:35,155.55,50,98300
20240223,10:08:52,156.15,100,98300
20240223,10:09:13,155.65,200,98300
20240223,10:09:23,155.5,50,98300
20240223,10:11:10,155.05,100,98300
20240223,10:11:43,152.5,750,98300
20240223,10:12:05,152.5,100,98300
20240223,10:12:32,154.65,100,98300
20240223,10:12:45,155.95,50,98300
20240223,10:13:06,156.0,50,98300
20240223,10:13:35,153.0,200,98300
20240223,10:13:56,153.2,50,98300
20240223,10:14:10,154.95,550,98300
20240223,10:14:24,154.6,50,98300
20240223,10:15:13,151.75,100,98300
20240223,10:15:26,151.0,50,98300
20240223,10:15:28,151.0,50,98300
20240223,10:15:29,150.1,50,98300
20240223,10:15:34,149.85,800,98300
20240223,10:15:40,149.85,100,98300
20240223,10:16:04,149.85,50,98350
20240223,10:16:13,152.0,50,98350
20240223,10:16:23,152.0,600,98350
20240223,10:17:04,150.5,300,98350
20240223,10:17:32,150.0,50,98350
20240223,10:17:48,148.45,200,98350
20240223,10:18:10,148.0,100,98350
20240223,10:18:25,146.4,50,98350
20240223,10:18:33,145.05,150,98350
20240223,10:18:41,145.05,300,98350
20240223,10:19:11,144.55,350,98700
20240223,10:19:25,144.55,50,98700
20240223,10:19:47,143.25,1150,98700
20240223,10:20:10,143.65,100,98700
20240223,10:20:40,143.0,50,98700
20240223,10:21:02,143.0,500,98700
20240223,10:21:31,144.4,50,98700
20240223,10:21:38,145.15,50,98700
20240223,10:21:46,145.5,150,98700
20240223,10:22:00,146.4,100,98700
20240223,10:23:18,148.4,100,99850
20240223,10:23:22,149.2,100,99850
20240223,10:23:25,149.4,750,99850
20240223,10:23:33,149.4,50,99850
20240223,10:24:02,150.85,350,99850
20240223,10:24:15,152.3,100,99850
20240223,10:24:23,152.45,200,99850
20240223,10:24:25,152.8,50,99850
20240223,10:24:34,153.4,50,99850
20240223,10:24:40,154.0,600,99850
20240223,10:24:52,155.7,50,99850
20240223,10:24:55,156.0,150,99850
20240223,10:25:03,156.05,100,99900
20240223,10:25:09,155.7,50,99900
20240223,10:25:13,154.7,300,99900
20240223,10:25:53,157.95,50,99900
20240223,10:26:15,157.95,50,99900
20240223,10:26:55,159.75,250,99900
20240223,10:27:12,163.35,1200,99900
20240223,10:27:29,162.9,50,99900
20240223,10:27:31,162.9,100,99900
20240223,10:27:59,162.9,50,99900
20240223,10:28:03,163.35,150,99950
20240223,10:28:24,159.55,50,99950
20240223,10:28:26,160.55,50,99950
20240223,10:28:40,162.25,150,99950
20240223,10:28:43,162.2,100,99950
20240223,10:29:18,162.0,100,99950
20240223,10:29:24,163.35,100,99950
20240223,10:29:25,163.35,600,99950
20240223,10:29:38,162.95,50,99950
20240223,10:29:49,162.0,100,99950
20240223,10:30:29,163.8,100,99950
20240223,10:30:45,161.1,100,99950
20240223,10:31:03,160.65,50,99850
20240223,10:31:16,162.95,50,99850
20240223,10:31:38,164.8,100,99850
20240223,10:31:43,164.75,50,99850
20240223,10:31:44,164.1,50,99850
20240223,10:31:52,166.0,350,99850
20240223,10:32:06,168.5,650,99850
20240223,10:32:18,168.5,500,99850
20240223,10:32:31,167.4,50,99850
20240223,10:32:33,168.3,50,99850
20240223,10:32:38,166.95,100,99850
20240223,10:32:52,165.0,350,99850
20240223,10:32:57,166.95,50,99850
20240223,10:33:54,165.5,300,99850
20240223,10:34:35,164.25,50,99850
20240223,10:34:49,163.5,50,99850
20240223,10:35:00,161.35,50,99850
20240223,10:35:41,159.35,50,99850
20240223,10:36:03,162.0,1000,99850
20240223,10:36:36,164.7,50,99850
20240223,10:36:38,164.8,50,99850
20240223,10:37:08,165.6,50,99850
20240223,10:37:19,166.7,50,99850
20240223,10:37:20,167.25,400,99850
20240223,10:37:32,166.0,50,99850
20240223,10:37:40,165.3,50,99850
20240223,10:37:42,165.3,50,99850
20240223,10:37:44,165.3,50,99850
20240223,10:38:00,163.8,50,99850
20240223,10:38:29,162.95,50,99850
20240223,10:38:48,162.9,50,99850
20240223,10:39:03,164.45,50,99850
20240223,10:39:31,165.15,200,99850
20240223,10:39:58,164.1,50,99850
20240223,10:40:09,162.55,100,99900
20240223,10:41:11,162.55,50,99900
20240223,10:41:25,162.0,850,99900
20240223,10:41:32,162.0,2800,99900
20240223,10:41:40,160.45,1000,99900
20240223,10:41:47,159.25,100,99900
20240223,10:42:02,158.8,50,99900
20240223,10:42:57,154.0,200,99900
20240223,10:43:01,154.2,200,99900
20240223,10:43:03,154.75,100,99900
20240223,10:43:04,155.15,100,99800
20240223,10:43:26,155.2,50,99800
20240223,10:43:33,154.8,150,99800
20240223,10:44:08,155.2,50,99800
20240223,10:44:37,157.2,150,99800
20240223,10:44:52,156.0,700,99800
20240223,10:47:32,158.8,50,99900
20240223,10:47:39,158.1,200,99900
20240223,10:48:27,156.0,200,99900
20240223,10:48:47,157.2,50,99900
20240223,10:49:02,157.25,1100,99900
20240223,10:49:16,156.3,50,99850
20240223,10:49:58,156.35,200,99850
20240223,10:50:12,154.85,50,99850
20240223,10:50:25,154.85,50,99850
20240223,10:51:00,155.2,50,99850
20240223,10:51:07,155.3,50,99850
20240223,10:51:14,154.8,100,99850
20240223,10:51:46,154.0,200,99850
20240223,10:52:20,155.8,100,99700
20240223,10:53:22,155.55,50,99700
20240223,10:54:02,153.65,100,99700
20240223,10:54:17,152.15,200,99700
20240223,10:55:33,153.2,50,99700
20240223,10:56:56,153.4,100,99700
20240223,10:57:17,154.3,300,99700
20240223,10:57:46,153.7,200,99700
20240223,10:59:10,153.8,50,99700
20240223,11:00:06,153.35,150,99700
20240223,11:01:14,152.15,200,99700
20240223,11:02:59,151.65,600,99700
20240223,11:03:07,151.0,50,99700
20240223,11:03:28,150.0,550,99700
20240223,11:03:36,149.15,50,99700
20240223,11:03:44,148.0,250,99700
20240223,11:03:52,147.65,1100,99700
20240223,11:04:08,145.9,50,99700
20240223,11:04:15,146.05,150,99700
20240223,11:04:29,145.8,150,99700
20240223,11:04:53,144.0,150,99700
20240223,11:05:15,143.0,50,99700
20240223,11:05:22,142.4,100,99700
20240223,11:05:30,142.0,50,99700
20240223,11:05:45,141.0,50,99700
20240223,11:06:01,140.75,50,99700
20240223,11:06:09,140.7,50,99700
20240223,11:06:17,139.05,200,99700
20240223,11:06:34,138.95,50,99700
20240223,11:06:41,138.7,250,99700
20240223,11:06:49,140.4,750,99700
20240223,11:06:57,139.9,200,99700
20240223,11:07:25,140.65,50,99650
20240223,11:07:28,141.6,100,99650
20240223,11:07:49,141.6,200,99650
20240223,11:08:00,141.2,50,99650
20240223,11:10:02,144.8,1500,99650
20240223,11:10:20,143.2,100,99650
20240223,11:10:23,143.75,550,99700
20240223,11:10:31,143.85,50,99700
20240223,11:10:32,143.9,100,99700
20240223,11:10:42,144.35,50,99700
20240223,11:10:53,144.05,50,99700
20240223,11:10:56,145.0,200,99700
20240223,11:11:13,145.8,550,99700
20240223,11:11:19,146.65,50,99700
20240223,11:11:29,146.7,200,99700
20240223,11:12:13,145.0,350,99700
20240223,11:12:30,146.0,100,99700
20240223,11:12:51,146.0,100,99700
20240223,11:13:05,145.0,150,99700
20240223,11:14:55,151.3,50,99700
20240223,11:18:16,152.95,50,99700
20240223,11:19:21,154.0,50,99650
20240223,11:19:34,154.95,50,99650
20240223,11:20:24,155.0,50,99650
20240223,11:20:28,155.3,150,99650
20240223,11:23:14,152.2,50,99700
20240223,11:23:21,151.2,50,99700
20240223,11:24:31,148.0,50,99700
20240223,11:25:14,147.15,300,99850
20240223,11:25:21,148.0,50,99850
20240223,11:25:55,148.3,50,99850
20240223,11:26:02,148.4,50,99850
20240223,11:26:09,149.0,50,99850
20240223,11:26:23,149.35,50,99850
20240223,11:28:32,152.0,100,99700
20240223,11:28:33,152.0,150,99700
20240223,11:30:20,150.5,50,99700
20240223,11:30:46,152.0,200,99700
20240223,11:31:13,152.4,50,99950
20240223,11:32:58,152.25,1250,99950
20240223,11:33:05,153.55,550,99950
20240223,11:33:26,152.8,100,99950
20240223,11:35:03,150.55,50,99900
20240223,11:35:16,151.6,50,99900
20240223,11:36:51,151.6,50,99900
20240223,11:37:59,151.6,100,99900
20240223,11:39:13,150.55,50,99900
20240223,11:41:18,150.8,100,99900
20240223,11:41:25,149.5,100,99900
20240223,11:42:18,149.85,50,99900
20240223,11:43:57,149.85,50,99900
20240223,11:45:12,149.6,50,99900
20240223,11:46:39,149.7,50,99950
20240223,11:47:21,148.0,50,99950
20240223,11:48:38,148.25,100,99950
20240223,11:50:02,148.0,50,99900
20240223,11:50:47,151.8,200,99900
20240223,11:51:02,152.2,250,99900
20240223,11:51:08,152.4,100,99900
20240223,11:51:53,151.05,50,99900
20240223,11:51:59,151.0,50,99900
20240223,11:52:05,151.05,100,99900
20240223,11:52:24,152.8,50,99900
20240223,11:52:38,154.0,50,99900
20240223,11:52:52,155.25,550,99900
20240223,11:53:08,156.55,50,99900
20240223,11:55:06,155.6,350,99900
20240223,11:56:05,156.1,50,99950
20240223,11:56:25,154.05,50,99950
20240223,11:57:08,155.35,450,99950
20240223,11:59:15,156.25,50,99950
20240223,12:00:47,156.0,50,99950
20240223,12:01:26,156.1,150,99950
20240223,12:01:51,155.0,50,99950
20240223,12:02:16,155.2,50,99950
20240223,12:02:53,156.0,50,99950
20240223,12:03:25,155.65,100,99950
20240223,12:03:37,155.05,50,99950
20240223,12:03:44,154.55,50,99950
20240223,12:04:09,154.0,50,99950
20240223,12:05:49,151.75,50,99900
20240223,12:07:11,153.15,50,99900
20240223,12:07:54,154.95,200,99950
20240223,12:11:08,154.35,50,99950
20240223,12:11:33,155.0,100,99950
20240223,12:14:30,156.05,50,100000
20240223,12:16:27,154.9,50,100050
20240223,12:17:35,155.3,50,100050
20240223,12:17:53,156.35,50,100050
20240223,12:19:40,155.6,50,100050
20240223,12:19:47,156.0,50,100050
20240223,12:21:32,157.15,100,100050
20240223,12:21:44,155.9,50,100050
20240223,12:23:27,153.1,100,100050
20240223,12:24:03,152.4,100,100050
20240223,12:24:22,150.75,150,100050
20240223,12:24:28,150.1,50,100050
20240223,12:24:41,148.3,1500,100050
20240223,12:25:08,148.45,50,100050
20240223,12:25:15,148.9,50,100050
20240223,12:25:21,148.0,50,100050
20240223,12:25:28,147.6,50,100050
20240223,12:25:35,146.45,150,100050
20240223,12:25:50,146.05,50,100050
20240223,12:25:57,146.7,100,100050
20240223,12:26:03,146.8,50,100050
20240223,12:26:17,146.95,50,100050
20240223,12:26:31,146.35,50,100050
20240223,12:26:45,146.15,50,100050
20240223,12:27:39,146.15,150,100050
20240223,12:29:23,147.7,50,100000
20240223,12:29:55,147.7,50,100000
20240223,12:31:07,148.95,50,100000
20240223,12:31:14,148.15,50,100000
20240223,12:31:33,148.35,150,100050
20240223,12:31:45,149.45,50,100050
20240223,12:33:18,150.5,50,100050
20240223,12:33:37,150.05,150,100050
20240223,12:36:35,150.2,100,100050
20240223,12:37:06,150.05,700,100050
20240223,12:37:12,150.2,200,100050
20240223,12:37:37,149.2,50,99950
20240223,12:37:51,148.0,50,99950
20240223,12:38:12,147.85,50,99950
20240223,12:40:36,148.55,50,99950
20240223,12:40:56,148.55,100,99950
20240223,12:41:38,149.1,50,99950
20240223,12:42:04,149.15,100,99950
20240223,12:42:10,147.95,50,99950
20240223,12:42:23,148.6,100,99950
20240223,12:42:30,149.1,50,99950
20240223,12:45:51,147.4,50,99750
20240223,12:49:03,149.4,100,99750
20240223,12:50:04,148.85,100,99750
20240223,12:50:10,149.2,50,99750
20240223,12:51:01,148.5,200,99750
20240223,12:51:26,148.45,350,99750
20240223,12:51:32,148.0,350,99750
20240223,12:51:39,147.2,100,99750
20240223,12:52:05,147.0,150,99750
20240223,12:52:12,147.2,50,99750
20240223,12:53:20,145.0,1250,99750
20240223,12:53:27,144.9,400,99750
20240223,12:53:34,145.3,500,99750
20240223,12:53:41,145.8,400,99750
20240223,12:53:48,145.7,500,99750
20240223,12:53:54,146.5,50,99750
20240223,12:54:01,145.4,100,99750
20240223,12:54:07,145.95,100,99750
20240223,12:54:26,146.35,50,99750
20240223,12:54:29,146.35,400,99750
20240223,12:54:38,145.2,50,99750
20240223,12:55:13,144.35,50,99750
20240223,12:55:15,144.05,50,99750
20240223,12:55:19,144.75,50,99750
20240223,12:55:20,144.45,100,99750
20240223,12:55:24,145.1,1050,99750
20240223,12:56:22,146.4,100,99950
20240223,12:56:23,146.4,50,99950
20240223,12:56:25,147.05,100,99950
20240223,12:56:35,146.0,350,99950
20240223,12:56:37,145.6,350,99950
20240223,12:56:48,145.6,650,99950
20240223,12:57:21,145.0,50,99950
20240223,12:57:25,145.15,50,99950
20240223,12:57:31,145.2,1050,99950
20240223,12:57:43,145.75,50,99950
20240223,12:57:50,144.9,250,99950
20240223,12:58:02,145.5,200,99950
20240223,12:58:09,144.85,400,99950
20240223,12:58:47,145.2,100,99850
20240223,12:59:28,145.2,50,99850
20240223,12:59:44,146.0,100,99850
20240223,13:00:06,146.0,1000,99850
20240223,13:00:59,145.55,50,99850
20240223,13:01:12,144.85,50,99850
20240223,13:01:24,145.2,50,99850
20240223,13:02:02,144.8,150,100800
20240223,13:02:14,145.2,50,100800
20240223,13:02:52,146.45,50,100800
20240223,13:03:05,146.45,50,100800
20240223,13:04:08,145.5,600,100800
20240223,13:04:33,146.25,150,100450
20240223,13:05:12,145.2,50,100450
20240223,13:06:13,148.0,50,100450
20240223,13:06:20,147.5,1000,100450
20240223,13:06:27,149.6,100,100450
20240223,13:06:34,149.6,100,100450
20240223,13:06:47,148.5,50,100450
20240223,13:06:54,146.7,600,100450
20240223,13:07:45,147.85,300,101500
20240223,13:08:24,148.8,100,101500
20240223,13:08:43,149.2,300,101500
20240223,13:09:21,148.3,50,101500
20240223,13:11:03,149.35,950,101750
20240223,13:12:25,149.2,100,101750
20240223,13:12:28,148.85,100,101750
20240223,13:14:07,148.0,100,101800
20240223,13:17:41,150.75,50,101800
20240223,13:17:47,150.05,100,101800
20240223,13:17:53,150.0,50,101800
20240223,13:18:43,151.7,200,101800
20240223,13:19:28,149.95,100,101800
20240223,13:20:37,149.95,200,101850
20240223,13:20:49,149.5,150,101850
20240223,13:21:01,149.15,50,101850
20240223,13:22:26,151.95,50,101850
20240223,13:22:34,152.0,1550,101850
20240223,13:22:47,152.0,50,101850
20240223,13:22:53,151.2,100,101950
20240223,13:23:31,153.15,50,101950
20240223,13:24:35,153.7,200,101950
20240223,13:24:41,154.0,200,101950
20240223,13:24:49,155.85,50,101950
20240223,13:25:05,155.85,50,101950
20240223,13:25:14,157.1,50,101950
20240223,13:25:23,157.8,100,101950
20240223,13:25:25,160.0,50,101950
20240223,13:25:27,159.8,50,101950
20240223,13:25:52,162.5,50,101950
20240223,13:25:56,162.55,50,101950
20240223,13:25:58,163.1,50,101950
20240223,13:26:23,165.0,250,101950
20240223,13:26:24,166.0,50,101950
20240223,13:26:36,164.4,150,101950
20240223,13:26:40,164.65,50,101950
20240223,13:26:46,163.35,150,101950
20240223,13:26:47,163.0,300,101950
20240223,13:27:02,161.6,50,101950
20240223,13:27:27,162.65,150,101950
20240223,13:27:35,162.9,50,101950
20240223,13:27:38,162.5,50,101950
20240223,13:27:48,163.85,50,101950
20240223,13:27:56,164.7,50,101950
20240223,13:28:03,165.0,300,101950
20240223,13:28:07,163.2,50,101950
20240223,13:28:11,164.95,50,101950
20240223,13:28:14,164.6,100,101950
20240223,13:28:33,160.0,800,102050
20240223,13:28:38,161.05,50,102050
20240223,13:28:42,162.0,600,102050
20240223,13:28:55,162.45,100,102050
20240223,13:29:27,160.8,50,102050
20240223,13:29:49,156.45,50,102050
20240223,13:30:06,154.9,100,102050
20240223,13:30:26,157.4,100,102050
20240223,13:30:30,157.0,50,102050
20240223,13:30:34,156.4,150,102050
20240223,13:30:35,157.15,250,102050
20240223,13:31:12,155.0,50,102050
20240223,13:31:33,153.65,50,102250
20240223,13:31:48,150.85,50,102250
20240223,13:32:12,148.1,250,102250
20240223,13:32:37,145.4,50,102250
20240223,13:32:51,144.8,50,102250
20240223,13:33:03,145.1,50,102250
20240223,13:33:05,146.0,100,102250
20240223,13:33:08,146.15,100,102250
20240223,13:33:30,147.55,50,102250
20240223,13:34:01,148.0,50,102250
20240223,13:34:35,148.0,100,102250
20240223,13:34:42,149.35,200,102250
20240223,13:34:54,149.5,100,102250
20240223,13:35:00,149.2,50,102250
20240223,13:35:19,149.95,100,102250
20240223,13:35:25,149.2,50,102250
20240223,13:35:30,148.85,300,102250
20240223,13:36:26,151.95,50,102250
20240223,13:36:28,151.35,50,102250
20240223,13:37:05,151.6,50,102250
20240223,13:37:19,150.8,750,102250
20240223,13:37:37,152.8,50,102050
20240223,13:39:53,151.0,50,102050
20240223,13:39:54,151.0,200,102050
20240223,13:40:12,151.0,150,102050
20240223,13:40:35,152.3,100,101900
20240223,13:43:04,154.3,550,101900
20240223,13:43:10,153.55,450,101900
20240223,13:44:05,153.55,50,101750
20240223,13:44:06,153.85,50,101750
20240223,13:44:07,153.95,550,101750
20240223,13:44:11,154.35,100,101750
20240223,13:45:43,152.4,50,101750
20240223,13:45:56,152.4,50,101750
20240223,13:47:32,152.45,100,101750
20240223,13:49:11,153.2,150,101750
20240223,13:49:58,155.4,50,101750
20240223,13:50:42,153.35,50,101750
20240223,13:51:01,155.55,500,101750
20240223,13:51:08,155.9,50,101750
20240223,13:53:07,152.65,100,101750
20240223,13:53:20,152.45,50,101750
20240223,13:55:12,155.9,150,101750
20240223,13:56:12,155.5,50,101700
20240223,13:58:23,155.35,50,101700
20240223,13:59:48,155.35,300,101750
20240223,14:00:27,156.5,100,101750
20240223,14:00:57,155.3,50,101750
20240223,14:01:03,153.25,50,101750
20240223,14:01:10,153.2,50,101750
20240223,14:01:15,152.8,100,101750
20240223,14:01:16,152.45,200,101750
20240223,14:01:35,151.65,100,101750
20240223,14:02:08,152.9,150,101650
20240223,14:02:22,151.25,50,101650
20240223,14:02:26,152.3,50,101650
20240223,14:03:54,150.95,50,101650
20240223,14:04:20,149.95,350,101650
20240223,14:04:53,149.3,100,101650
20240223,14:05:06,149.05,50,101650
20240223,14:05:12,148.4,150,101650
20240223,14:05:18,149.5,50,101650
20240223,14:05:25,149.5,150,101650
20240223,14:05:58,148.05,50,101650
20240223,14:06:23,148.25,100,101650
20240223,14:06:56,151.1,50,101650
20240223,14:07:37,153.65,50,101650
20240223,14:09:03,153.5,50,101700
20240223,14:09:51,155.6,100,101700
20240223,14:10:06,155.55,50,101700
20240223,14:11:06,156.0,50,101700
20240223,14:11:26,155.45,50,101700
20240223,14:11:39,156.0,50,101700
20240223,14:13:23,157.1,50,101700
20240223,14:13:43,157.3,50,101700
20240223,14:14:06,156.8,50,101700
20240223,14:14:29,159.2,300,101700
20240223,14:14:31,158.55,50,101700
20240223,14:14:33,158.55,50,101700
20240223,14:14:41,160.4,500,101700
20240223,14:15:03,160.45,50,101700
20240223,14:15:25,161.15,150,101700
20240223,14:15:31,161.6,50,101700
20240223,14:15:39,163.5,1200,101700
20240223,14:16:08,159.65,50,101700
20240223,14:16:22,158.4,50,101700
20240223,14:16:44,156.4,250,102350
20240223,14:17:12,156.0,50,102350
20240223,14:17:44,157.0,300,102350
20240223,14:17:53,157.0,50,102350
20240223,14:18:16,155.8,50,102350
20240223,14:18:49,154.55,50,102350
20240223,14:19:34,154.55,200,102350
20240223,14:19:35,154.0,50,102350
20240223,14:23:05,152.3,50,102200
20240223,14:23:37,152.0,300,102200
20240223,14:23:43,151.2,50,102200
20240223,14:23:44,150.8,50,102200
20240223,14:23:51,151.4,50,102200
20240223,14:24:50,153.0,100,102200
20240223,14:24:51,153.0,100,102200
20240223,14:24:53,153.0,150,102200
20240223,14:24:54,153.0,1200,102200
20240223,14:25:19,155.0,100,102200
20240223,14:25:20,155.0,200,102200
20240223,14:25:25,155.55,50,102200
20240223,14:26:03,153.4,1050,101950
20240223,14:27:34,154.8,50,101950
20240223,14:30:18,154.8,50,101650
20240223,14:30:58,155.65,150,101650
