date,time,tick_price,volume,open_interest
20240105,11:17:40,437.8,50,50
20240105,13:54:36,449.15,50,50
20240105,15:05:05,449.15,100,100
20240105,15:09:56,432.05,50,50
20240108,12:42:58,527.0,1,50
20240108,12:42:58,527.0,150,50
20240108,12:50:29,529.25,50,200
20240109,09:31:09,478.55,1,250
20240109,09:31:09,478.55,50,250
20240109,09:37:11,481.5,50,300
20240109,09:37:22,482.95,350,300
20240109,09:52:41,508.2,50,700
20240109,09:57:03,508.2,100,700
20240109,09:57:25,486.25,50,700
20240109,09:57:45,486.8,50,700
20240109,09:58:25,487.55,100,700
20240109,09:58:35,487.75,50,700
20240109,09:58:55,487.25,100,700
20240109,10:00:37,483.95,700,1150
20240109,10:02:04,478.4,50,1150
20240109,10:09:26,478.2,550,1900
20240109,10:12:01,475.85,50,2450
20240109,10:12:20,475.85,50,2450
20240109,10:12:59,473.45,50,2450
20240109,10:13:09,472.95,50,2450
20240109,10:15:06,467.3,50,2650
20240109,10:15:59,467.3,50,2650
20240109,10:23:16,446.6,150,2750
20240109,11:32:36,435.0,150,2900
20240109,12:20:26,415.3,50,2900
20240109,12:26:54,415.3,50,2900
20240109,13:56:38,450.0,50,2900
20240109,14:08:01,456.4,100,2900
20240109,14:18:40,470.4,100,2900
20240109,15:00:14,532.3,50,2800
20240109,15:00:27,538.3,50,2800
20240109,15:00:40,546.55,100,2900
20240109,15:00:53,548.05,50,2900
20240109,15:13:44,549.1,50,3000
20240110,09:40:12,561.85,1,3000
20240110,09:40:12,561.85,50,3000
20240111,09:22:05,466.4,1,3000
20240111,09:22:05,466.4,50,3000
20240111,09:23:14,458.6,50,3000
20240111,09:27:59,454.0,50,3000
20240111,09:36:50,454.0,200,3000
20240111,11:45:22,474.0,50,3200
20240111,13:21:10,482.6,50,3200
20240111,14:24:45,500.0,50,3200
20240111,14:46:25,505.3,550,3250
20240111,15:19:08,505.3,400,3800
20240111,15:29:24,482.05,400,4200
20240112,09:26:25,435.0,1,3800
20240112,09:26:25,435.0,100,3800
20240112,09:30:54,405.9,150,3800
20240112,10:10:17,371.0,50,3800
20240112,10:10:27,367.15,250,3800
20240112,10:11:10,367.15,600,3800
20240112,10:12:41,374.3,350,4050
20240112,10:24:04,373.3,100,4350
20240112,10:26:03,371.0,50,4350
20240112,10:26:48,366.95,50,4500
20240112,10:26:57,364.0,100,4500
20240112,10:28:17,360.5,50,4500
20240112,10:28:25,359.85,50,4500
20240112,10:44:56,359.85,100,4750
20240112,11:00:23,355.2,50,4850
20240112,11:15:36,355.2,50,4900
20240112,11:51:49,358.8,50,4950
20240112,12:37:40,368.35,100,5000
20240112,12:57:05,339.5,150,5100
20240112,13:14:03,339.5,50,5050
20240112,13:44:11,325.9,50,5100
20240112,13:46:11,324.0,50,5100
20240112,13:50:46,324.0,50,5150
20240112,13:53:12,322.8,100,5200
20240112,13:56:20,322.8,200,5300
20240112,14:00:48,328.9,100,5500
20240112,14:15:13,330.0,50,5500
20240112,14:31:29,320.5,200,5550
20240112,14:32:02,320.5,250,5550
20240112,14:36:40,314.6,150,5600
20240112,14:38:25,308.0,50,5600
20240112,14:40:18,305.25,450,5600
20240112,14:40:37,304.85,450,5600
20240112,14:42:11,304.85,100,5600
20240112,14:43:09,310.45,50,6600
20240112,14:45:51,311.3,500,6650
20240112,14:45:59,311.45,100,6650
20240112,14:48:18,314.65,100,6650
20240112,14:49:28,318.4,100,7150
20240112,14:49:36,318.4,400,7150
20240112,14:49:54,318.55,400,7150
20240112,14:50:02,319.9,50,7150
20240112,14:50:22,320.5,100,7150
20240112,14:50:56,317.3,100,7150
20240112,14:54:21,318.7,50,8100
20240112,14:54:36,321.1,50,8100
20240112,15:00:21,320.6,50,8100
20240112,15:01:24,317.0,50,8100
20240112,15:05:05,328.4,50,8150
20240112,15:05:06,326.8,100,8150
20240112,15:05:12,324.0,50,8150
20240112,15:05:25,327.3,100,8150
20240112,15:06:51,332.2,100,8150
20240112,15:07:19,332.2,450,8150
20240112,15:09:42,341.0,50,8250
20240112,15:13:20,334.85,100,8250
20240112,15:14:13,333.55,50,8250
20240112,15:15:51,325.15,50,8400
20240112,15:20:02,321.35,200,8450
20240112,15:20:03,320.65,200,8450
20240112,15:20:06,321.05,200,8450
20240112,15:20:07,320.45,50,8450
20240112,15:20:08,318.95,100,8450
20240112,15:21:56,313.95,100,8450
20240112,15:22:04,314.4,400,8450
20240112,15:22:13,315.9,400,8450
20240112,15:22:32,317.9,550,8450
20240112,15:22:48,317.35,500,8450
20240112,15:23:51,317.05,500,8450
20240112,15:23:59,319.1,50,8450
20240112,15:25:35,312.6,100,10450
20240112,15:26:08,311.35,50,10450
20240112,15:29:05,302.9,100,10350
20240112,15:29:22,302.9,100,10350
20240112,15:29:39,304.55,50,10350
20240112,15:30:01,305.55,100,10350
20240115,09:15:15,279.9,1,10500
20240115,09:15:15,279.9,50,10500
20240115,09:15:24,268.0,50,10500
20240115,09:15:32,264.95,600,10500
20240115,09:15:41,272.4,50,10500
20240115,09:15:48,271.8,150,10500
20240115,09:15:55,271.5,150,10500
20240115,09:16:03,270.1,1050,10500
20240115,09:16:11,264.0,100,10500
20240115,09:16:18,263.1,200,10500
20240115,09:16:34,263.1,450,10500
20240115,09:16:41,265.5,50,10500
20240115,09:16:48,265.4,100,10500
20240115,09:17:03,265.4,200,10500
20240115,09:17:10,267.45,400,10500
20240115,09:17:18,269.75,200,10500
20240115,09:17:49,265.05,100,12500
20240115,09:17:57,263.95,50,12500
20240115,09:18:08,262.0,100,12500
20240115,09:18:20,260.0,50,12500
20240115,09:18:25,260.0,50,12500
20240115,09:18:30,263.45,550,12500
20240115,09:18:33,261.85,200,12500
20240115,09:18:36,263.3,150,12500
20240115,09:18:37,261.75,50,12500
20240115,09:18:40,263.25,100,12500
20240115,09:18:43,262.4,50,12500
20240115,09:18:45,262.0,150,12500
20240115,09:18:48,260.95,50,12500
20240115,09:18:52,263.2,100,12500
20240115,09:18:55,263.5,750,12500
20240115,09:18:57,263.5,750,12500
20240115,09:19:01,262.05,250,12500
20240115,09:19:18,261.05,150,12500
20240115,09:19:33,261.75,50,12500
20240115,09:19:39,261.5,50,12500
20240115,09:19:43,260.05,100,12500
20240115,09:19:45,260.0,200,12500
20240115,09:19:46,260.8,500,12500
20240115,09:20:01,260.15,100,12500
20240115,09:20:20,258.4,100,12500
20240115,09:20:28,255.5,200,12500
20240115,09:20:40,255.5,50,14600
20240115,09:20:44,255.45,150,14600
20240115,09:20:55,255.45,500,14600
20240115,09:21:01,255.3,200,14600
20240115,09:21:09,254.8,50,14600
20240115,09:21:16,253.0,50,14600
20240115,09:21:28,253.0,50,14600
20240115,09:21:42,252.0,50,14600
20240115,09:21:55,252.0,50,14600
20240115,09:22:03,254.85,50,14600
20240115,09:22:09,252.75,100,14600
20240115,09:22:27,255.4,100,14600
20240115,09:22:32,254.2,250,14600
20240115,09:22:41,254.75,50,14600
20240115,09:22:45,255.95,100,14600
20240115,09:22:55,255.75,50,14600
20240115,09:23:14,255.2,50,14600
20240115,09:23:15,255.2,100,14600
20240115,09:23:21,256.4,50,14600
20240115,09:23:52,258.3,50,14700
20240115,09:24:16,256.0,50,14700
20240115,09:24:25,254.25,50,14700
20240115,09:24:26,254.2,100,14700
20240115,09:24:28,255.2,50,14700
20240115,09:24:49,254.0,100,14700
20240115,09:24:57,252.7,50,14700
20240115,09:24:59,254.2,50,14700
20240115,09:25:11,254.4,100,14700
20240115,09:25:30,254.4,50,14700
20240115,09:25:33,255.15,50,14700
20240115,09:25:49,255.35,50,14700
20240115,09:25:57,254.2,250,14700
20240115,09:26:10,255.55,500,14700
20240115,09:26:51,254.1,50,14500
20240115,09:27:22,254.25,50,14500
20240115,09:27:34,254.25,100,14500
20240115,09:27:35,254.8,50,14500
20240115,09:27:40,254.95,50,14500
20240115,09:27:54,252.0,50,14500
20240115,09:28:44,251.25,50,14500
20240115,09:28:52,251.25,100,14500
20240115,09:29:05,253.6,150,14500
20240115,09:29:10,252.0,50,14500
20240115,09:30:01,253.3,100,14500
20240115,09:30:05,253.45,50,14800
20240115,09:30:07,253.55,100,14800
20240115,09:30:14,253.3,50,14800
20240115,09:30:29,251.05,150,14800
20240115,09:30:30,251.05,50,14800
20240115,09:30:37,251.05,250,14800
20240115,09:30:38,252.25,50,14800
20240115,09:30:45,253.2,50,14800
20240115,09:31:09,258.0,50,14800
20240115,09:31:33,259.2,50,14800
20240115,09:31:35,258.0,50,14800
20240115,09:31:40,255.55,50,14800
20240115,09:31:53,256.45,350,14800
20240115,09:32:23,255.6,100,14800
20240115,09:32:36,257.6,50,15450
20240115,09:33:33,254.1,900,15450
20240115,09:33:35,255.15,100,15450
20240115,09:33:40,252.95,250,15450
20240115,09:33:43,253.2,50,15450
20240115,09:34:07,253.2,150,15450
20240115,09:34:15,254.7,50,15450
20240115,09:34:17,255.2,50,15450
20240115,09:34:21,255.9,50,15450
20240115,09:34:38,256.75,50,15450
20240115,09:34:52,256.5,200,15450
20240115,09:35:15,256.85,100,15450
20240115,09:35:29,255.85,50,15450
20240115,09:36:02,255.6,350,15950
20240115,09:36:44,257.5,50,15950
20240115,09:36:51,256.8,100,15950
20240115,09:37:04,256.75,300,15950
20240115,09:37:39,259.6,400,15950
20240115,09:38:14,258.5,600,15950
20240115,09:38:33,259.0,100,15950
20240115,09:39:41,257.25,100,16800
20240115,09:39:42,257.15,200,16800
20240115,09:39:43,257.55,200,16800
20240115,09:40:00,259.4,200,16800
20240115,09:40:01,257.6,200,16800
20240115,09:40:07,257.85,500,16800
20240115,09:41:05,260.5,300,16800
20240115,09:41:07,259.2,50,16800
20240115,09:41:16,260.9,50,16800
20240115,09:41:22,261.95,100,16800
20240115,09:41:23,261.95,150,16800
20240115,09:41:24,261.95,250,16800
20240115,09:41:25,263.0,300,16800
20240115,09:41:27,263.0,250,16800
20240115,09:41:30,265.0,50,16800
20240115,09:41:32,263.0,50,16800
20240115,09:42:06,263.15,200,17600
20240115,09:42:15,264.8,50,17600
20240115,09:42:17,265.0,200,17600
20240115,09:42:46,264.45,50,17600
20240115,09:42:52,263.25,50,17600
20240115,09:42:55,262.25,50,17600
20240115,09:44:41,266.0,50,17850
20240115,09:44:58,267.4,300,17850
20240115,09:45:02,268.25,100,17850
20240115,09:45:11,267.35,100,17850
20240115,09:45:17,267.9,3600,17850
20240115,09:45:18,266.25,50,17850
20240115,09:45:32,265.0,50,17850
20240115,09:45:34,265.5,150,17850
20240115,09:45:49,264.0,550,17850
20240115,09:46:01,266.5,50,17850
20240115,09:46:26,267.0,50,17850
20240115,09:47:23,267.85,50,17850
20240115,09:47:29,269.2,100,17850
20240115,09:47:30,270.0,150,17850
20240115,09:47:49,271.0,50,20250
20240115,09:48:07,272.0,50,20250
20240115,09:48:10,271.9,100,20250
20240115,09:48:26,272.55,50,20250
20240115,09:48:43,274.1,100,20250
20240115,09:48:46,274.4,50,20250
20240115,09:48:49,275.0,550,20250
20240115,09:48:54,275.5,250,20250
20240115,09:49:00,275.35,150,20250
20240115,09:49:01,275.5,50,20250
20240115,09:49:06,275.2,1000,20250
20240115,09:49:07,275.05,100,20250
20240115,09:49:12,273.9,100,20250
20240115,09:49:46,276.0,50,20250
20240115,09:49:53,275.5,50,20250
20240115,09:50:08,276.5,100,20250
20240115,09:50:15,275.0,50,20250
20240115,09:50:20,273.1,100,20250
20240115,09:50:24,271.75,3600,20250
20240115,09:50:45,272.5,50,17150
20240115,09:50:54,275.0,100,17150
20240115,09:50:55,275.95,100,17150
20240115,09:51:18,276.0,50,17150
20240115,09:51:32,278.95,50,17150
20240115,09:51:34,280.0,50,17150
20240115,09:51:38,283.4,150,17150
20240115,09:51:41,283.4,200,17150
20240115,09:51:44,281.9,100,17150
20240115,09:51:47,283.0,100,17150
20240115,09:51:52,285.0,50,17150
20240115,09:51:56,285.0,700,17150
20240115,09:52:04,285.0,50,17150
20240115,09:52:06,285.7,100,17150
20240115,09:52:11,287.45,50,17150
20240115,09:52:41,287.45,100,17150
20240115,09:52:47,280.0,300,17150
20240115,09:52:48,280.1,100,17150
20240115,09:52:55,282.75,50,17150
20240115,09:52:59,280.8,150,17150
20240115,09:53:19,280.5,50,17150
20240115,09:53:26,276.3,50,17150
20240115,09:53:30,275.0,50,17150
20240115,09:53:37,275.75,700,16450
20240115,09:53:38,274.55,600,16450
20240115,09:53:40,273.6,50,16450
20240115,09:53:42,273.95,200,16450
20240115,09:53:54,275.65,400,16450
20240115,09:53:57,277.3,100,16450
20240115,09:53:59,277.35,50,16450
20240115,09:54:03,277.0,100,16450
20240115,09:54:18,281.95,100,16450
20240115,09:54:38,283.0,800,16450
20240115,09:54:44,286.35,100,16450
20240115,09:54:55,289.85,200,16450
20240115,09:54:56,290.0,100,16450
20240115,09:55:01,290.0,700,16450
20240115,09:55:05,293.85,100,16450
20240115,09:55:06,293.85,400,16450
20240115,09:55:09,291.45,50,16450
20240115,09:55:13,288.3,100,16450
20240115,09:55:14,288.0,50,16450
20240115,09:55:36,287.3,50,16450
20240115,09:55:53,285.15,700,16450
20240115,09:55:58,284.0,50,16450
20240115,09:55:59,284.4,100,16450
20240115,09:56:07,284.3,500,16450
20240115,09:56:11,283.1,100,16450
20240115,09:56:26,285.85,250,16450
20240115,09:56:30,285.0,400,16450
20240115,09:56:32,288.55,100,16450
20240115,09:56:36,286.45,100,16450
20240115,09:56:37,287.5,200,16450
20240115,09:57:51,295.0,100,17800
20240115,09:57:55,296.0,550,17800
20240115,09:58:16,296.0,50,17800
20240115,09:59:04,290.25,400,17800
20240115,09:59:14,290.5,50,17800
20240115,09:59:48,292.35,50,17950
20240115,10:00:00,295.0,250,17950
20240115,10:00:05,296.0,100,17950
20240115,10:00:11,297.5,350,17950
20240115,10:00:19,299.05,50,17950
20240115,10:00:20,300.0,100,17950
20240115,10:00:24,301.45,200,17950
20240115,10:00:32,301.45,100,17950
20240115,10:00:33,301.45,50,17950
20240115,10:00:40,299.05,450,17950
20240115,10:00:41,298.5,50,17950
20240115,10:00:49,295.0,100,17950
20240115,10:01:23,299.0,100,17950
20240115,10:01:34,298.5,50,17950
20240115,10:02:07,294.25,950,17950
20240115,10:02:22,289.8,50,17950
20240115,10:02:35,288.0,50,17950
20240115,10:02:46,284.65,50,17950
20240115,10:02:49,282.5,600,17950
20240115,10:02:51,285.0,50,17950
20240115,10:03:03,286.35,100,17950
20240115,10:03:39,286.35,50,17950
20240115,10:04:57,281.15,50,17950
20240115,10:05:04,281.0,200,17950
20240115,10:05:26,281.2,50,17950
20240115,10:05:53,280.0,100,17900
20240115,10:05:56,282.75,50,17900
20240115,10:06:01,281.0,150,17900
20240115,10:06:17,280.2,150,17900
20240115,10:06:37,278.7,50,17900
20240115,10:06:48,277.0,450,17900
20240115,10:06:50,275.2,50,17900
20240115,10:07:06,280.0,450,17900
20240115,10:07:19,279.6,50,17900
20240115,10:07:27,281.4,150,17900
20240115,10:07:44,279.6,200,17900
20240115,10:07:58,279.1,350,17900
20240115,10:07:59,279.1,300,17900
20240115,10:08:21,279.1,1450,17900
20240115,10:09:47,277.0,250,19550
20240115,10:10:00,277.0,250,19550
20240115,10:10:13,276.2,50,19550
20240115,10:10:27,276.6,250,19550
20240115,10:10:36,279.0,100,19550
20240115,10:10:46,281.0,50,19550
20240115,10:11:03,276.3,100,19550
20240115,10:11:09,276.5,200,19550
20240115,10:11:24,276.1,550,19550
20240115,10:11:24,276.85,50,19550
20240115,10:11:29,276.9,50,19550
20240115,10:11:36,275.0,500,19550
20240115,10:13:07,273.5,100,19750
20240115,10:13:27,277.15,50,19750
20240115,10:13:39,276.2,100,19750
20240115,10:14:30,279.85,50,19750
20240115,10:16:00,280.0,250,19700
20240115,10:17:56,281.0,300,19700
20240115,10:18:11,278.0,100,19700
20240115,10:19:12,276.0,50,19700
20240115,10:19:13,275.0,50,19700
20240115,10:20:19,276.5,50,19700
20240115,10:20:30,275.0,200,19700
20240115,10:20:35,274.05,50,19700
20240115,10:23:19,277.0,50,19700
20240115,10:23:25,278.6,100,19600
20240115,10:23:33,278.0,400,19600
20240115,10:23:46,278.0,50,19600
20240115,10:23:50,279.1,550,19900
20240115,10:24:08,280.0,250,19900
20240115,10:25:04,279.0,50,19900
20240115,10:25:21,280.45,50,19900
20240115,10:26:20,280.5,1000,19900
20240115,10:27:44,278.55,50,19650
20240115,10:27:48,277.55,50,19650
20240115,10:28:03,277.25,50,19650
20240115,10:28:11,278.3,50,19650
20240115,10:28:35,277.15,100,19650
20240115,10:29:04,275.0,300,19650
20240115,10:29:05,274.5,350,19650
20240115,10:29:33,274.45,50,19650
20240115,10:29:40,275.85,100,19650
20240115,10:30:19,273.6,50,19650
20240115,10:30:53,275.85,50,19650
20240115,10:31:48,275.45,100,19650
20240115,10:32:40,272.65,400,19650
20240115,10:35:09,276.65,50,19200
20240115,10:35:29,274.1,1000,19200
20240115,10:36:00,274.6,100,18300
20240115,10:36:29,275.75,50,18300
20240115,10:36:31,275.2,100,18300
20240115,10:36:32,274.15,100,18300
20240115,10:37:23,272.3,100,18300
20240115,10:37:24,272.5,50,18300
20240115,10:37:44,273.1,100,18300
20240115,10:37:45,273.9,100,18300
20240115,10:38:17,274.4,50,18300
20240115,10:38:58,277.25,500,18750
20240115,10:39:55,274.6,450,18750
20240115,10:40:47,274.6,50,18750
20240115,10:40:48,274.35,150,18750
20240115,10:41:59,278.7,350,19900
20240115,10:46:22,276.2,300,20250
20240115,10:46:23,276.55,100,20250
20240115,10:46:25,275.9,50,20250
20240115,10:46:30,276.0,250,20250
20240115,10:46:39,276.8,650,20250
20240115,10:46:50,276.8,50,20250
20240115,10:47:00,277.35,100,20250
20240115,10:47:04,276.8,100,20250
20240115,10:48:34,274.0,150,20000
20240115,10:49:54,270.8,250,20000
20240115,10:50:14,270.8,200,20000
20240115,10:50:47,272.6,50,19900
20240115,10:51:38,270.0,250,19900
20240115,10:52:10,268.15,200,19900
20240115,10:54:33,270.15,100,20000
20240115,10:55:21,269.45,50,20000
20240115,10:58:01,271.0,50,20000
20240115,10:59:38,266.0,50,20100
20240115,11:00:07,263.45,100,20200
20240115,11:02:48,269.0,100,20300
20240115,11:05:37,269.1,100,20300
20240115,11:18:51,266.75,50,20400
20240115,11:19:29,265.0,50,20400
20240115,11:22:31,260.25,50,20450
20240115,11:22:39,260.8,100,20450
20240115,11:23:30,260.6,50,20450
20240115,11:23:31,260.15,100,20450
20240115,11:23:42,259.0,50,20450
20240115,11:23:53,259.15,450,20350
20240115,11:24:46,259.15,100,20350
20240115,11:25:06,258.0,50,20350
20240115,11:25:07,257.7,100,20350
20240115,11:25:32,259.0,50,20350
20240115,11:27:06,261.8,50,20050
20240115,11:29:34,262.0,50,20050
20240115,11:30:41,262.65,200,20100
20240115,11:32:04,264.2,50,20100
20240115,11:35:21,265.2,300,20000
20240115,11:36:37,266.0,100,20000
20240115,11:41:59,266.15,50,20000
20240115,11:42:43,265.15,50,20000
20240115,11:42:53,263.5,100,20000
20240115,11:43:35,263.5,750,20000
20240115,11:43:37,263.5,50,20000
20240115,11:44:07,263.55,100,20000
20240115,11:44:19,262.4,50,20000
20240115,11:44:50,261.1,600,20000
20240115,11:45:50,261.8,50,21400
20240115,11:46:52,263.75,100,21400
20240115,11:47:18,263.5,50,21400
20240115,11:48:01,261.75,50,21450
20240115,11:48:15,261.45,100,21450
20240115,11:49:22,259.25,450,21450
20240115,11:50:26,260.65,250,21450
20240115,11:52:28,259.4,50,21600
20240115,11:52:36,258.55,50,21600
20240115,11:53:32,258.1,50,21600
20240115,11:53:50,258.0,50,21600
20240115,11:54:43,260.45,300,21650
20240115,11:59:15,260.0,50,21900
20240115,11:59:51,258.3,100,21900
20240115,12:00:44,258.3,50,22050
20240115,12:00:52,257.4,200,22050
20240115,12:00:57,256.95,300,22050
20240115,12:01:36,259.3,400,22050
20240115,12:06:54,259.3,450,22350
20240115,12:07:56,258.65,1000,22350
20240115,12:08:28,258.0,200,22350
20240115,12:08:33,257.0,50,22350
20240115,12:08:35,256.9,50,22350
20240115,12:08:45,258.0,1400,22350
20240115,12:09:40,255.0,100,25150
20240115,12:09:44,253.6,50,25150
20240115,12:10:16,254.75,200,25150
20240115,12:10:18,254.3,50,25150
20240115,12:10:21,255.0,200,25150
20240115,12:11:13,255.85,250,25150
20240115,12:12:10,256.75,100,25150
20240115,12:12:20,256.0,50,25150
20240115,12:15:49,259.65,50,25300
20240115,12:16:18,256.5,200,25300
20240115,12:16:28,255.0,50,25300
20240115,12:16:35,254.65,100,25300
20240115,12:16:44,254.0,250,25300
20240115,12:17:17,252.9,50,25300
20240115,12:17:40,252.9,50,25300
20240115,12:20:48,256.45,300,25300
20240115,12:22:39,256.55,150,25450
20240115,12:23:07,254.0,50,25450
20240115,12:24:01,253.95,400,25450
20240115,12:25:05,251.0,450,26000
20240115,12:26:52,251.0,50,26000
20240115,12:29:11,257.95,50,26000
20240115,12:29:46,255.0,50,26000
20240115,12:31:40,257.35,50,26050
20240115,12:34:36,257.9,50,26050
20240115,12:36:24,257.95,200,26050
20240115,12:37:01,260.0,150,26050
20240115,12:38:55,256.0,400,26050
20240115,12:39:11,256.7,100,25700
20240115,12:39:16,256.5,50,25700
20240115,12:42:01,254.15,1000,25700
20240115,12:42:08,254.55,1000,26300
20240115,12:42:12,254.5,1000,26300
20240115,12:42:17,254.5,1000,26300
20240115,12:46:32,255.0,200,26450
20240115,12:46:47,254.0,50,26450
20240115,12:48:19,254.95,50,26650
20240115,12:49:36,256.55,50,26650
20240115,12:49:53,254.95,50,26650
20240115,12:50:36,255.6,100,26650
20240115,12:50:45,256.7,200,26650
20240115,12:51:34,255.4,100,26700
20240115,12:51:40,255.4,1000,26700
20240115,12:52:29,254.8,200,26700
20240115,12:53:30,256.5,500,26700
20240115,12:55:52,254.0,100,27750
20240115,12:57:14,254.0,50,27800
20240115,12:58:08,253.0,50,27800
20240115,12:58:37,253.4,100,27800
20240115,13:02:34,254.45,100,28000
20240115,13:03:06,252.45,50,28000
20240115,13:03:40,250.25,50,28100
20240115,13:03:48,250.25,50,28100
20240115,13:04:08,251.3,50,28100
20240115,13:04:38,253.95,50,28100
20240115,13:05:12,253.6,100,28100
20240115,13:06:08,256.3,50,28250
20240115,13:06:24,255.8,50,28250
20240115,13:07:02,256.0,200,28250
20240115,13:07:51,257.35,50,28250
20240115,13:08:26,258.5,250,28250
20240115,13:08:30,258.5,200,28250
20240115,13:08:51,258.45,50,28250
20240115,13:09:47,254.75,50,28650
20240115,13:10:20,256.4,100,28650
20240115,13:10:52,256.4,50,28650
20240115,13:11:03,256.4,100,28650
20240115,13:11:06,254.85,250,28650
20240115,13:15:07,250.95,50,29200
20240115,13:15:09,251.0,250,29200
20240115,13:15:23,251.7,100,29200
20240115,13:15:49,253.5,150,29200
20240115,13:16:07,252.7,50,29200
20240115,13:16:33,252.0,50,29200
20240115,13:17:06,251.9,350,29200
20240115,13:17:59,251.25,100,29200
20240115,13:18:26,250.0,400,29050
20240115,13:18:30,248.0,50,29050
20240115,13:18:34,247.0,50,29050
20240115,13:18:50,247.0,200,29050
20240115,13:18:55,247.8,100,29050
20240115,13:19:02,246.8,50,29050
20240115,13:19:39,246.8,100,29050
20240115,13:19:48,248.9,50,29050
20240115,13:19:49,249.65,100,29050
20240115,13:20:32,249.65,150,29050
20240115,13:20:34,249.65,50,29050
20240115,13:20:36,249.65,50,29050
20240115,13:20:37,249.65,50,29050
20240115,13:20:38,249.55,50,29050
20240115,13:21:23,250.7,50,29450
20240115,13:24:09,252.0,200,29450
20240115,13:26:03,252.0,50,29450
20240115,13:26:15,252.5,50,29450
20240115,13:26:24,252.4,50,29450
20240115,13:26:32,252.1,150,29450
20240115,13:26:37,252.2,50,29450
20240115,13:27:19,252.1,100,29700
20240115,13:27:45,252.3,50,29700
20240115,13:28:12,253.5,100,29700
20240115,13:28:17,253.4,50,29700
20240115,13:28:39,254.2,50,29700
20240115,13:28:48,253.9,50,29700
20240115,13:29:02,254.0,50,29700
20240115,13:29:12,254.15,50,29700
20240115,13:29:21,254.65,50,29700
20240115,13:29:29,252.9,50,29700
20240115,13:29:35,252.0,500,29700
20240115,13:29:56,251.6,100,29700
20240115,13:30:00,251.5,50,29700
20240115,13:30:03,251.8,50,29700
20240115,13:30:13,251.8,50,30150
20240115,13:30:36,253.15,50,30150
20240115,13:31:24,253.55,150,30150
20240115,13:31:54,252.95,50,30150
20240115,13:32:44,252.85,50,30150
20240115,13:34:37,255.45,300,30400
20240115,13:34:58,257.0,350,30400
20240115,13:35:58,254.15,350,30400
20240115,13:36:19,253.2,50,30850
20240115,13:36:50,253.0,50,30850
20240115,13:37:22,253.9,50,30850
20240115,13:37:24,253.0,50,30850
20240115,13:37:25,253.0,50,30850
20240115,13:37:39,252.45,100,30850
20240115,13:37:49,253.0,50,30850
20240115,13:38:58,253.0,50,30850
20240115,13:38:59,252.2,50,30850
20240115,13:39:14,252.2,50,31150
20240115,13:39:37,252.2,50,31150
20240115,13:39:38,252.0,100,31150
20240115,13:39:55,252.8,50,31150
20240115,13:40:06,252.5,50,31150
20240115,13:40:46,250.55,50,31150
20240115,13:42:02,250.75,400,31150
20240115,13:42:53,250.7,50,31350
20240115,13:43:12,251.2,50,31350
20240115,13:45:08,254.0,50,31350
20240115,13:45:47,256.0,50,31350
20240115,13:46:34,256.75,50,31350
20240115,13:46:48,258.7,100,31350
20240115,13:47:15,256.0,50,31350
20240115,13:47:25,257.0,100,31350
20240115,13:47:37,258.0,150,31350
20240115,13:47:49,258.05,50,31350
20240115,13:48:21,258.75,50,31250
20240115,13:48:22,259.35,300,31250
20240115,13:48:41,258.05,50,31250
20240115,13:49:13,261.0,50,31250
20240115,13:50:08,263.2,200,31250
20240115,13:50:09,264.4,200,31250
20240115,13:50:12,263.1,50,31250
20240115,13:51:28,250.0,100,30950
20240115,13:55:25,250.0,100,31050
20240115,13:56:25,252.8,50,31050
20240115,13:57:16,251.2,50,31150
20240115,13:57:24,251.0,150,31150
20240115,13:57:51,249.5,150,31150
20240115,13:59:11,249.5,200,31150
20240115,13:59:18,249.5,100,31150
20240115,14:00:01,245.0,400,31150
20240115,14:00:14,244.05,50,32150
20240115,14:01:19,244.05,150,32150
20240115,14:02:33,248.85,1250,32150
20240115,14:03:58,245.05,50,32150
20240115,14:04:10,244.5,50,33450
20240115,14:04:14,244.4,50,33450
20240115,14:04:25,243.0,50,33450
20240115,14:04:29,243.0,50,33450
20240115,14:04:31,243.15,50,33450
20240115,14:04:38,243.75,50,33450
20240115,14:04:49,241.85,50,33450
20240115,14:04:52,240.5,250,33450
20240115,14:04:53,240.0,100,33450
20240115,14:04:55,240.0,200,33450
20240115,14:05:00,240.0,50,33450
20240115,14:05:01,241.0,50,33450
20240115,14:05:05,240.4,50,33450
20240115,14:05:10,240.8,50,33450
20240115,14:05:11,239.75,50,33450
20240115,14:05:12,239.75,50,33450
20240115,14:05:15,240.35,50,33450
20240115,14:05:18,240.5,50,33450
20240115,14:05:25,240.5,50,33450
20240115,14:05:27,240.8,50,33450
20240115,14:05:31,240.5,100,33450
20240115,14:05:34,240.4,50,33450
20240115,14:05:38,240.75,50,33450
20240115,14:05:39,240.4,50,33450
20240115,14:05:41,240.45,50,33450
20240115,14:05:46,240.25,50,33450
20240115,14:05:50,239.95,50,33450
20240115,14:05:51,239.85,50,33450
20240115,14:05:57,239.0,50,33450
20240115,14:05:58,239.0,50,33450
20240115,14:06:03,239.0,50,33450
20240115,14:06:07,241.35,50,33450
20240115,14:06:41,243.0,250,33850
20240115,14:07:06,243.0,50,33850
20240115,14:07:32,243.75,50,33850
20240115,14:07:33,244.0,50,33850
20240115,14:08:02,243.0,50,33850
20240115,14:08:07,243.0,50,33850
20240115,14:08:08,243.0,50,33850
20240115,14:08:14,243.4,50,33850
20240115,14:08:16,242.6,50,33850
20240115,14:08:17,242.55,100,33850
20240115,14:08:31,242.5,50,33850
20240115,14:08:42,242.4,50,33850
20240115,14:08:43,241.9,50,33850
20240115,14:08:44,242.3,50,33850
20240115,14:08:46,241.8,50,33850
20240115,14:09:09,241.3,100,33850
20240115,14:09:29,240.0,50,33850
20240115,14:09:30,240.75,50,34300
20240115,14:09:31,240.0,200,34300
20240115,14:09:34,240.0,50,34300
20240115,14:09:36,240.0,150,34300
20240115,14:09:38,239.65,100,34300
20240115,14:09:42,239.0,50,34300
20240115,14:09:49,238.85,50,34300
20240115,14:09:51,238.85,50,34300
20240115,14:09:56,239.25,50,34300
20240115,14:10:01,238.5,100,34300
20240115,14:10:03,241.3,200,34300
20240115,14:10:04,239.85,50,34300
20240115,14:10:09,239.45,50,34300
20240115,14:10:24,241.0,50,34300
20240115,14:10:25,240.85,50,34300
20240115,14:10:39,241.35,100,34300
20240115,14:10:43,240.35,50,34300
20240115,14:10:46,241.6,50,34300
20240115,14:11:09,242.45,400,34300
20240115,14:11:32,242.75,50,34300
20240115,14:11:33,243.65,950,34300
20240115,14:11:35,243.0,50,34300
20240115,14:11:43,243.0,50,34300
20240115,14:11:45,242.25,100,34300
20240115,14:11:48,243.0,50,34300
20240115,14:12:01,244.0,50,34300
20240115,14:12:08,243.75,50,34300
20240115,14:12:14,244.3,50,34300
20240115,14:12:16,244.35,100,36050
20240115,14:12:21,244.35,50,36050
20240115,14:12:26,245.0,50,36050
20240115,14:12:32,245.45,300,36050
20240115,14:12:33,245.65,1000,36050
20240115,14:12:34,245.75,50,36050
20240115,14:12:38,246.6,50,36050
20240115,14:12:41,246.6,650,36050
20240115,14:12:56,247.95,50,36050
20240115,14:13:02,248.25,150,36050
20240115,14:13:06,248.5,50,36050
20240115,14:13:22,246.0,100,36050
20240115,14:13:29,246.0,50,36050
20240115,14:13:33,246.55,50,36050
20240115,14:13:37,246.75,200,36050
20240115,14:13:57,247.2,50,36050
20240115,14:14:33,245.55,100,36050
20240115,14:15:01,246.85,50,36050
20240115,14:15:24,246.35,50,34200
20240115,14:16:10,250.5,50,34200
20240115,14:16:29,248.95,100,34200
20240115,14:16:36,248.4,150,34200
20240115,14:16:37,248.4,100,34200
20240115,14:16:45,247.9,100,34200
20240115,14:17:29,245.1,50,34200
20240115,14:17:57,246.85,50,34200
20240115,14:18:12,246.5,50,34200
20240115,14:18:22,247.1,50,34200
20240115,14:19:01,245.7,1800,34200
20240115,14:19:06,245.75,1800,34200
20240115,14:19:07,246.2,50,34200
20240115,14:19:18,245.25,1800,34200
20240115,14:19:23,246.15,100,34200
20240115,14:19:35,245.45,1750,34200
20240115,14:19:38,246.35,50,34200
20240115,14:19:39,245.6,1500,34200
20240115,14:20:04,245.3,150,34200
20240115,14:20:05,245.3,50,34200
20240115,14:20:08,245.1,1800,34200
20240115,14:20:13,245.3,1550,34200
20240115,14:20:29,244.25,1800,34200
20240115,14:20:41,243.8,900,34200
20240115,14:20:53,244.9,50,34200
20240115,14:21:13,243.3,200,34200
20240115,14:21:15,243.5,50,34200
20240115,14:21:15,244.1,1800,34200
20240115,14:21:58,244.0,50,42650
20240115,14:22:48,243.85,50,42650
20240115,14:22:53,244.05,500,42650
20240115,14:25:51,244.05,150,42900
20240115,14:27:04,247.0,200,42900
20240115,14:27:45,251.0,500,42900
20240115,14:27:47,250.35,50,43100
20240115,14:28:00,250.0,100,43100
20240115,14:28:02,249.05,500,43100
20240115,14:28:03,249.35,50,43100
20240115,14:28:27,248.6,250,43100
20240115,14:28:34,247.95,800,43100
20240115,14:29:19,250.4,150,43100
20240115,14:32:13,250.35,150,42800
20240115,14:32:48,255.0,100,42800
20240115,14:33:09,253.0,100,42800
20240115,14:34:53,254.2,200,43050
20240115,14:35:32,254.25,50,43050
20240115,14:35:42,253.45,100,43050
20240115,14:37:19,247.65,100,43150
20240115,14:37:51,246.0,1000,43150
20240115,14:38:53,244.5,50,43150
20240115,14:39:35,244.85,500,43900
20240115,14:39:45,244.05,50,43900
20240115,14:40:39,241.7,350,43900
20240115,14:41:13,244.0,50,43900
20240115,14:43:25,244.8,1000,44450
20240115,14:44:55,245.2,50,44450
20240115,14:45:09,245.2,200,44450
20240115,14:46:30,242.0,50,45500
20240115,14:46:40,240.95,150,45500
20240115,14:46:54,240.5,50,45500
20240115,14:46:55,239.3,50,45500
20240115,14:47:09,239.6,50,45500
20240115,14:47:10,240.5,50,45500
20240115,14:47:31,240.3,100,45500
20240115,14:47:47,238.4,100,45500
20240115,14:48:20,238.4,50,45500
20240115,14:48:34,238.4,50,45400
20240115,14:49:04,236.45,100,45400
20240115,14:50:53,236.45,400,45400
20240115,14:51:03,239.2,50,45400
20240115,14:51:23,239.0,50,45350
20240115,14:52:06,238.55,50,45350
20240115,14:52:13,238.7,50,45350
20240115,14:52:19,238.0,100,45350
20240115,14:52:23,237.65,300,45350
20240115,14:52:47,237.95,50,45350
20240115,14:53:31,238.3,50,45350
20240115,14:54:43,236.3,100,45500
20240115,14:55:29,236.2,50,45500
20240115,14:55:53,236.2,50,45500
20240115,14:56:06,237.6,50,45500
20240115,14:56:18,237.15,100,45500
20240115,14:57:02,235.95,50,45500
20240115,14:57:09,234.1,500,45500
20240115,14:57:55,230.95,400,45250
20240115,14:58:32,230.95,100,45250
20240115,14:59:09,233.0,50,45250
20240115,14:59:10,232.05,200,45250
20240115,14:59:11,232.15,50,45250
20240115,14:59:13,232.2,50,45250
20240115,14:59:15,232.25,50,45250
20240115,14:59:30,233.6,100,45250
20240115,14:59:31,234.75,150,45250
20240115,14:59:51,233.9,250,45250
20240115,15:00:01,233.2,100,45250
20240115,15:00:16,232.0,50,45250
20240115,15:00:21,230.25,550,45250
20240115,15:00:22,230.0,150,45250
20240115,15:00:25,230.0,400,45250
20240115,15:00:41,236.0,250,44950
20240115,15:00:46,235.45,50,44950
20240115,15:00:51,233.25,100,44950
20240115,15:01:02,237.15,250,44950
20240115,15:01:04,239.95,100,44950
20240115,15:01:05,238.8,550,44950
20240115,15:01:06,238.95,150,44950
20240115,15:01:10,238.5,400,44950
20240115,15:01:12,238.0,150,44950
20240115,15:01:19,235.0,150,44950
20240115,15:01:21,235.0,250,44950
20240115,15:01:24,235.2,300,44950
20240115,15:01:37,237.75,150,44950
20240115,15:02:19,237.65,50,44950
20240115,15:02:23,238.8,50,44950
20240115,15:03:01,237.3,50,44950
20240115,15:03:10,238.8,200,44950
20240115,15:03:39,238.8,50,44950
20240115,15:03:41,238.5,50,45550
20240115,15:03:48,238.8,300,45550
20240115,15:03:49,238.4,50,45550
20240115,15:04:00,238.75,350,45550
20240115,15:04:25,236.55,50,45550
20240115,15:05:13,239.0,50,45550
20240115,15:05:43,236.7,200,45550
20240115,15:06:05,236.7,200,45550
20240115,15:06:14,236.25,50,45550
20240115,15:06:20,235.0,50,45550
20240115,15:06:21,235.0,400,45550
20240115,15:06:25,234.3,50,45350
20240115,15:06:30,234.3,50,45350
20240115,15:06:38,234.25,50,45350
20240115,15:07:00,237.65,1000,45350
20240115,15:07:41,238.0,100,45350
20240115,15:07:52,237.5,50,45350
20240115,15:08:11,237.75,50,45350
20240115,15:08:22,236.05,50,45350
20240115,15:08:35,236.55,50,45350
20240115,15:09:33,238.0,50,46450
20240115,15:09:45,237.0,50,46450
20240115,15:10:01,238.7,100,46450
20240115,15:10:02,239.0,50,46450
20240115,15:10:06,239.9,200,46450
20240115,15:10:09,240.0,150,46450
20240115,15:10:14,239.65,350,46450
20240115,15:10:34,242.0,150,46450
20240115,15:10:59,241.85,50,46450
20240115,15:11:20,240.0,50,46450
20240115,15:11:29,239.4,200,46450
20240115,15:11:47,237.6,150,46450
20240115,15:11:53,238.8,50,46450
20240115,15:11:55,239.65,50,46450
20240115,15:11:58,240.05,50,46450
20240115,15:12:00,239.0,50,46450
20240115,15:13:15,237.9,250,46050
20240115,15:13:25,239.1,100,46050
20240115,15:15:32,236.7,200,45900
20240115,15:15:41,236.0,50,45900
20240115,15:15:57,234.0,50,45900
20240115,15:16:04,234.1,100,45900
20240115,15:16:59,233.0,50,45900
20240115,15:17:53,230.85,150,45900
20240115,15:18:40,232.1,100,45750
20240115,15:18:52,232.0,50,45750
20240115,15:18:58,231.05,200,45750
20240115,15:19:04,231.0,50,45750
20240115,15:19:06,230.4,150,45750
20240115,15:19:24,230.4,100,45750
20240115,15:19:29,230.85,50,45750
20240115,15:19:34,232.4,50,45750
20240115,15:19:55,231.1,100,45750
20240115,15:20:00,229.95,250,45750
20240115,15:20:18,229.95,150,45750
20240115,15:20:21,231.6,100,45750
20240115,15:20:30,231.95,50,45750
20240115,15:20:42,231.95,300,45750
20240115,15:21:07,231.7,1500,45750
20240115,15:21:13,231.4,50,45750
20240115,15:21:29,229.9,50,46550
20240115,15:21:32,228.4,300,46550
20240115,15:21:49,228.0,350,46550
20240115,15:21:51,227.45,50,46550
20240115,15:22:22,227.45,50,46550
20240115,15:22:38,230.5,50,46550
20240115,15:22:59,230.0,50,46550
20240115,15:23:50,230.0,150,46550
20240115,15:24:17,228.45,100,46550
20240115,15:24:39,229.0,100,46950
20240115,15:24:46,228.45,50,46950
20240115,15:25:05,230.2,50,46950
20240115,15:25:08,230.3,100,46950
20240115,15:25:16,230.3,100,46950
20240115,15:25:17,229.4,150,46950
20240115,15:25:18,230.2,300,46950
20240115,15:25:31,230.0,100,46950
20240115,15:25:37,229.0,50,46950
20240115,15:25:40,228.6,100,46950
20240115,15:25:48,229.8,50,46950
20240115,15:26:17,229.0,650,46950
20240115,15:26:46,228.0,5000,46950
20240115,15:26:55,229.5,50,46950
20240115,15:27:14,228.2,150,46950
20240115,15:27:25,228.65,50,46950
20240115,15:27:26,228.6,100,46950
20240115,15:27:29,227.95,100,49000
20240115,15:27:30,228.45,450,49000
20240115,15:27:48,228.45,50,49000
20240115,15:27:52,228.3,100,49000
20240115,15:27:53,228.3,50,49000
20240115,15:27:56,228.3,250,49000
20240115,15:28:03,227.75,50,49000
20240115,15:28:04,227.7,50,49000
20240115,15:28:05,228.85,200,49000
20240115,15:28:20,228.25,150,49000
20240115,15:28:26,228.9,100,49000
20240115,15:28:28,228.8,300,49000
20240115,15:28:35,228.8,50,49000
20240115,15:28:36,228.8,100,49000
20240115,15:28:40,226.1,150,49000
20240115,15:28:43,226.1,150,49000
20240115,15:28:51,228.5,50,49000
20240115,15:29:01,227.1,100,49000
20240115,15:29:04,227.95,200,49000
20240115,15:29:05,226.1,50,49000
20240115,15:29:09,228.0,100,49000
20240115,15:29:11,226.45,50,49000
20240115,15:29:16,228.0,50,49000
20240115,15:29:19,228.0,50,49000
20240115,15:29:31,227.25,50,49000
20240115,15:29:37,228.0,100,49000
20240115,15:29:38,226.5,100,49000
20240115,15:29:39,228.85,550,49000
20240115,15:29:45,229.7,250,49000
20240115,15:29:53,230.0,50,49000
20240116,09:15:16,255.0,1,48050
20240116,09:15:16,262.25,1,48050
20240116,09:15:16,243.35,1,48050
20240116,09:15:16,250.3,2800,48050
20240116,09:15:26,260.3,550,48050
20240116,09:15:35,255.55,100,48050
20240116,09:15:47,251.75,100,48050
20240116,09:15:57,251.8,50,48050
20240116,09:16:07,253.55,500,48050
20240116,09:16:17,252.5,350,48050
20240116,09:16:28,253.7,300,48050
20240116,09:16:38,257.0,14400,48050
20240116,09:16:48,258.75,12600,48050
20240116,09:16:56,257.5,50,48050
20240116,09:17:15,253.05,600,48050
20240116,09:17:24,251.95,600,48050
20240116,09:17:35,250.95,1500,48050
20240116,09:17:45,249.4,800,40800
20240116,09:17:56,248.65,350,40800
20240116,09:18:00,248.8,50,40800
20240116,09:18:04,250.0,50,40800
20240116,09:18:09,247.5,50,40800
20240116,09:18:10,247.95,500,40800
20240116,09:18:12,248.75,50,40800
20240116,09:18:17,250.2,100,40800
20240116,09:18:19,250.35,50,40800
20240116,09:18:24,250.5,100,40800
20240116,09:18:32,248.95,200,40800
20240116,09:19:03,250.1,250,40800
20240116,09:19:04,250.85,550,40800
20240116,09:19:06,251.0,100,40800
20240116,09:19:15,251.0,50,40800
20240116,09:19:20,251.0,50,40800
20240116,09:19:24,251.7,100,40800
20240116,09:19:38,253.15,50,40800
20240116,09:19:41,253.0,500,40800
20240116,09:19:51,253.95,50,40800
20240116,09:20:00,252.8,50,40800
20240116,09:20:09,254.6,300,40800
20240116,09:20:14,256.3,50,40800
20240116,09:20:17,256.55,50,40800
20240116,09:20:22,256.05,100,40800
20240116,09:20:23,256.15,100,40800
20240116,09:20:37,254.65,50,40800
20240116,09:20:57,255.65,100,40600
20240116,09:20:58,255.95,50,40600
20240116,09:21:03,254.1,50,40600
20240116,09:21:06,255.95,50,40600
20240116,09:21:20,255.9,100,40600
20240116,09:21:44,258.95,50,40600
20240116,09:21:48,259.8,100,40600
20240116,09:21:57,261.1,200,40600
20240116,09:22:02,260.5,150,40600
20240116,09:22:20,264.0,350,40600
20240116,09:22:21,264.0,100,40600
20240116,09:22:31,261.95,50,40600
20240116,09:22:34,258.85,50,40600
20240116,09:22:42,259.85,150,40600
20240116,09:22:44,260.0,350,40600
20240116,09:22:45,259.85,50,40600
20240116,09:23:01,259.8,100,40600
20240116,09:23:02,259.4,50,40600
20240116,09:23:12,258.35,50,40600
20240116,09:23:17,257.75,100,40600
20240116,09:23:18,258.5,200,40600
20240116,09:23:25,260.0,50,40600
20240116,09:23:28,260.45,50,40600
20240116,09:23:34,259.1,50,40600
20240116,09:23:37,260.0,400,40600
20240116,09:23:52,260.0,250,40700
20240116,09:23:58,260.5,150,40700
20240116,09:24:01,259.8,50,40700
20240116,09:24:12,258.35,50,40700
20240116,09:24:14,259.3,100,40700
20240116,09:24:43,257.85,50,40700
20240116,09:24:51,256.5,350,40700
20240116,09:24:58,257.15,50,40700
20240116,09:24:59,257.0,50,40700
20240116,09:25:12,257.1,50,40700
20240116,09:25:54,259.95,50,40700
20240116,09:25:55,260.0,450,40700
20240116,09:26:12,259.4,50,40700
20240116,09:26:18,260.0,600,40700
20240116,09:26:23,259.65,200,40700
20240116,09:26:24,259.95,50,40700
20240116,09:26:30,260.4,100,40700
20240116,09:26:47,259.4,100,41650
20240116,09:26:56,258.1,50,41650
20240116,09:27:08,255.85,100,41650
20240116,09:27:12,255.0,100,41650
20240116,09:27:33,250.25,50,41650
20240116,09:27:33,251.15,50,41650
20240116,09:27:35,253.45,50,41650
20240116,09:27:39,253.45,50,41650
20240116,09:27:55,253.0,50,41650
20240116,09:28:14,254.95,200,41650
20240116,09:28:28,254.8,50,41650
20240116,09:28:35,254.5,50,41650
20240116,09:29:03,255.95,50,41650
20240116,09:29:07,255.85,100,41650
20240116,09:29:44,256.1,50,41800
20240116,09:30:02,257.0,50,41800
20240116,09:30:54,256.35,150,41800
20240116,09:31:03,254.8,350,41800
20240116,09:31:10,255.7,100,41800
20240116,09:31:11,254.7,50,41800
20240116,09:31:32,253.0,50,41800
20240116,09:31:51,252.9,50,41800
20240116,09:32:33,252.0,150,41800
20240116,09:32:45,250.0,50,41600
20240116,09:32:51,249.6,150,41600
20240116,09:33:25,252.75,50,41600
20240116,09:34:23,254.15,200,41600
20240116,09:34:35,255.15,50,41600
20240116,09:34:47,255.8,150,41600
20240116,09:34:58,258.0,350,41600
20240116,09:36:00,257.0,350,41350
20240116,09:36:09,257.9,150,41350
20240116,09:36:10,258.0,500,41350
20240116,09:36:20,256.5,100,41350
20240116,09:36:59,256.35,50,41350
20240116,09:37:48,258.0,100,41350
20240116,09:37:57,257.4,650,41350
20240116,09:38:02,259.05,500,41350
20240116,09:39:07,256.1,50,43000
20240116,09:39:14,256.4,200,43000
20240116,09:39:20,254.2,950,43000
20240116,09:39:42,251.0,50,43000
20240116,09:39:50,251.85,50,43000
20240116,09:40:01,252.9,50,43000
20240116,09:40:07,251.9,50,43000
20240116,09:40:12,253.45,500,43000
20240116,09:40:32,252.3,50,43000
20240116,09:41:34,259.15,50,43000
20240116,09:41:39,259.2,100,43000
20240116,09:41:41,259.15,50,42700
20240116,09:41:55,258.05,200,42700
20240116,09:42:03,256.75,50,42700
20240116,09:42:25,256.55,50,42700
20240116,09:43:02,256.85,450,42700
20240116,09:43:11,255.3,100,42700
20240116,09:43:15,254.55,450,42700
20240116,09:43:30,252.95,200,42700
20240116,09:44:20,254.5,250,42700
20240116,09:44:21,254.45,250,42700
20240116,09:44:22,252.85,50,42700
20240116,09:44:25,253.9,50,42700
20240116,09:44:46,253.15,50,43100
20240116,09:45:41,251.5,50,43100
20240116,09:46:08,251.0,150,43100
20240116,09:46:26,250.5,50,43100
20240116,09:46:34,248.2,100,43100
20240116,09:46:48,248.6,50,43100
20240116,09:46:55,247.5,50,43100
20240116,09:47:04,247.55,200,43100
20240116,09:47:46,247.55,50,43450
20240116,09:47:51,248.8,100,43450
20240116,09:48:01,245.6,900,43450
20240116,09:48:02,245.0,100,43450
20240116,09:48:03,244.95,50,43450
20240116,09:48:13,241.8,50,43450
20240116,09:48:23,239.5,150,43450
20240116,09:48:32,239.5,500,43450
20240116,09:48:33,240.1,200,43450
20240116,09:48:46,243.25,850,43450
20240116,09:49:22,242.9,50,43450
20240116,09:49:48,243.45,50,43450
20240116,09:50:16,244.0,50,43450
20240116,09:50:22,243.8,50,43450
20240116,09:50:24,243.8,50,43450
20240116,09:50:29,243.2,250,43450
20240116,09:50:32,241.8,100,43450
20240116,09:50:58,240.75,250,44750
20240116,09:51:35,243.1,50,44750
20240116,09:51:45,243.0,100,44750
20240116,09:51:47,242.55,100,44750
20240116,09:51:55,243.3,50,44750
20240116,09:52:09,243.0,250,44750
20240116,09:52:28,242.0,300,44750
20240116,09:52:31,241.8,50,44750
20240116,09:53:09,242.4,50,44750
20240116,09:53:19,241.05,50,44750
20240116,09:53:22,241.15,150,44750
20240116,09:53:24,241.15,250,44750
20240116,09:53:47,238.95,50,45450
20240116,09:54:00,238.5,350,45450
20240116,09:54:01,238.0,50,45450
20240116,09:54:53,238.0,50,45450
20240116,09:55:30,242.3,50,45450
20240116,09:55:47,243.45,850,45450
20240116,09:56:43,245.05,50,45450
20240116,09:57:31,247.5,50,45450
20240116,09:57:37,248.05,50,44700
20240116,09:57:41,249.0,100,44700
20240116,09:57:50,250.35,50,44700
20240116,09:58:01,249.8,250,44700
20240116,09:58:14,248.45,250,44700
20240116,09:59:01,249.3,200,44700
20240116,09:59:11,250.5,750,44700
20240116,09:59:49,250.3,250,45600
20240116,10:00:01,248.55,50,45600
20240116,10:00:04,249.1,50,45600
20240116,10:00:06,250.0,200,45600
20240116,10:00:14,249.65,50,45600
20240116,10:00:56,252.15,50,45600
20240116,10:01:02,252.55,100,45600
20240116,10:01:22,256.0,200,45600
20240116,10:01:24,256.0,400,45600
20240116,10:01:30,256.55,150,45600
20240116,10:01:31,257.65,50,45600
20240116,10:01:37,256.95,50,45600
20240116,10:01:43,256.65,50,45600
20240116,10:01:44,256.2,50,45600
20240116,10:01:53,256.2,50,45600
20240116,10:01:57,256.05,50,45600
20240116,10:02:06,255.05,500,45600
20240116,10:02:09,254.8,100,45600
20240116,10:02:12,254.5,50,45600
20240116,10:02:22,253.15,50,45600
20240116,10:03:20,246.75,50,45150
20240116,10:03:43,245.05,50,45150
20240116,10:03:49,244.1,100,45150
20240116,10:03:52,243.35,50,45150
20240116,10:04:03,245.85,250,45150
20240116,10:04:10,245.95,100,45150
20240116,10:04:23,248.1,250,45150
20240116,10:04:30,247.25,150,45150
20240116,10:05:04,247.8,50,45150
20240116,10:05:05,249.0,100,45150
20240116,10:05:40,246.25,250,45150
20240116,10:06:26,248.35,50,45250
20240116,10:06:55,248.75,50,45250
20240116,10:08:05,250.45,50,45250
20240116,10:08:48,248.9,250,45400
20240116,10:09:56,251.7,50,45400
20240116,10:12:52,245.85,50,45150
20240116,10:12:54,246.4,600,45150
20240116,10:13:27,245.7,50,45150
20240116,10:13:45,245.35,50,45150
20240116,10:14:13,244.8,150,45150
20240116,10:14:42,244.2,50,45150
20240116,10:15:01,243.75,450,44750
20240116,10:16:26,246.1,50,44750
20240116,10:16:30,247.0,50,44750
20240116,10:16:58,246.2,250,44750
20240116,10:16:59,246.2,250,44750
20240116,10:17:06,246.2,250,44750
20240116,10:17:27,246.75,200,44750
20240116,10:17:31,246.5,100,44750
20240116,10:18:02,248.0,100,44500
20240116,10:18:50,249.4,50,44500
20240116,10:18:55,251.55,50,44500
20240116,10:19:13,251.25,600,44500
20240116,10:19:23,249.7,100,44500
20240116,10:19:31,247.85,100,44500
20240116,10:19:43,248.85,50,44500
20240116,10:19:57,247.85,50,44500
20240116,10:20:35,248.6,100,44500
20240116,10:21:39,248.9,50,45100
20240116,10:22:20,247.05,50,45100
20240116,10:22:42,247.0,100,45100
20240116,10:22:44,247.0,50,45100
20240116,10:22:47,247.0,50,45100
20240116,10:23:54,250.1,650,45350
20240116,10:24:04,249.0,100,45350
20240116,10:24:17,250.1,200,45350
20240116,10:24:39,248.8,100,45350
20240116,10:24:40,248.85,50,45350
20240116,10:25:10,248.8,50,45350
20240116,10:25:17,249.25,50,45350
20240116,10:25:31,248.3,100,45350
20240116,10:27:31,248.2,50,46050
20240116,10:28:52,247.7,50,46050
20240116,10:29:13,247.7,50,46050
20240116,10:29:51,245.75,100,46000
20240116,10:30:56,246.0,200,46000
20240116,10:31:00,245.7,100,46000
20240116,10:31:58,246.0,450,46000
20240116,10:32:06,246.0,1350,46000
20240116,10:32:18,245.1,50,46000
20240116,10:32:25,245.55,50,46000
20240116,10:32:27,245.4,50,46000
20240116,10:33:18,244.95,50,46700
20240116,10:34:09,244.5,100,46700
20240116,10:34:19,243.5,200,46700
20240116,10:34:45,243.0,200,46700
20240116,10:35:06,243.0,100,46700
20240116,10:35:18,243.45,250,46700
20240116,10:35:48,241.0,350,46700
20240116,10:35:53,240.75,50,47900
20240116,10:36:04,241.25,50,47900
20240116,10:36:48,243.45,250,47900
20240116,10:37:21,240.85,200,47900
20240116,10:37:23,241.5,200,47900
20240116,10:37:47,241.8,100,47900
20240116,10:37:54,241.2,200,47900
20240116,10:38:11,240.0,50,47900
20240116,10:38:52,239.55,250,48250
20240116,10:39:27,237.0,250,48250
20240116,10:39:33,236.0,50,48250
20240116,10:39:46,235.45,150,48250
20240116,10:39:59,234.6,50,48250
20240116,10:40:32,234.6,50,48250
20240116,10:40:46,236.85,50,48250
20240116,10:40:47,236.5,200,48250
20240116,10:40:50,237.0,50,48250
20240116,10:41:13,238.1,100,48250
20240116,10:41:54,238.15,300,48800
20240116,10:42:10,240.0,50,48800
20240116,10:42:12,239.5,50,48800
20240116,10:42:29,238.8,500,48800
20240116,10:42:52,238.0,100,48800
20240116,10:43:15,236.9,150,48800
20240116,10:43:22,237.05,50,48800
20240116,10:43:42,237.5,100,48800
20240116,10:43:51,237.05,50,48800
20240116,10:45:39,238.65,50,49100
20240116,10:46:06,237.65,50,49100
20240116,10:46:16,237.05,50,49100
20240116,10:46:17,237.05,450,49100
20240116,10:47:13,235.0,50,49100
20240116,10:47:15,235.45,50,49100
20240116,10:47:22,234.55,100,49100
20240116,10:47:28,234.0,100,49100
20240116,10:47:38,233.15,50,49100
20240116,10:47:48,232.85,50,49100
20240116,10:47:53,232.0,200,49250
20240116,10:47:54,231.8,50,49250
20240116,10:47:58,231.65,200,49250
20240116,10:48:11,231.65,50,49250
20240116,10:48:14,234.35,250,49250
20240116,10:48:21,233.15,50,49250
20240116,10:48:24,233.9,100,49250
20240116,10:48:26,233.0,500,49250
20240116,10:48:30,232.9,50,49250
20240116,10:48:45,233.1,50,49250
20240116,10:49:51,234.45,50,49250
20240116,10:50:02,235.0,200,49250
20240116,10:50:10,235.0,50,49250
20240116,10:50:38,234.3,50,49250
20240116,10:50:50,233.7,500,49250
20240116,10:50:54,235.1,300,50300
20240116,10:51:59,235.45,50,50300
20240116,10:52:31,236.85,50,50300
20240116,10:53:01,237.95,50,50300
20240116,10:53:32,239.0,100,50300
20240116,10:53:33,238.95,250,50300
20240116,10:53:45,239.0,50,50300
20240116,10:54:20,237.1,200,50600
20240116,10:54:26,237.35,100,50600
20240116,10:54:35,238.05,50,50600
20240116,10:54:39,238.9,50,50600
20240116,10:55:58,238.85,50,50600
20240116,10:56:19,237.4,50,50600
20240116,10:56:42,237.9,50,50600
20240116,10:56:47,237.05,50,50600
20240116,10:57:19,235.8,100,50650
20240116,10:57:26,235.8,50,50650
20240116,11:00:24,234.85,100,50550
20240116,11:00:40,236.0,50,50550
20240116,11:00:59,235.3,100,50550
20240116,11:01:20,236.0,50,50550
20240116,11:01:36,235.7,100,50550
20240116,11:02:05,235.2,50,50550
20240116,11:02:46,233.4,50,50550
20240116,11:03:13,234.85,100,50750
20240116,11:03:45,234.5,100,50750
20240116,11:04:01,234.5,50,50750
20240116,11:04:02,234.6,800,50750
20240116,11:04:10,232.8,100,50750
20240116,11:06:06,232.9,250,50750
20240116,11:06:07,232.0,50,51600
20240116,11:06:17,231.0,200,51600
20240116,11:06:30,230.5,50,51600
20240116,11:06:36,230.5,100,51600
20240116,11:06:38,231.85,100,51600
20240116,11:07:25,231.0,50,51600
20240116,11:07:47,229.55,550,51600
20240116,11:07:48,229.0,50,51600
20240116,11:09:24,229.0,500,51600
20240116,11:09:50,233.0,200,51600
20240116,11:09:56,232.25,100,51600
20240116,11:10:15,232.25,50,51600
20240116,11:10:16,231.95,100,51600
20240116,11:10:17,232.1,50,51600
20240116,11:10:31,233.0,200,51600
20240116,11:11:43,231.0,50,51600
20240116,11:11:49,230.0,250,51600
20240116,11:12:29,228.05,50,52400
20240116,11:12:47,227.95,50,52400
20240116,11:13:01,227.95,50,52400
20240116,11:13:14,227.6,50,52400
20240116,11:13:15,227.6,50,52400
20240116,11:13:20,227.4,850,52400
20240116,11:13:33,227.4,50,52400
20240116,11:13:41,228.25,100,52400
20240116,11:13:42,228.25,50,52400
20240116,11:14:27,229.7,50,52400
20240116,11:15:05,227.7,200,51750
20240116,11:15:07,228.3,50,51750
20240116,11:15:22,228.0,50,51750
20240116,11:16:19,228.0,100,51750
20240116,11:16:21,228.0,200,51750
20240116,11:16:22,228.0,500,51750
20240116,11:17:43,229.2,50,51750
20240116,11:18:17,231.5,100,52400
20240116,11:18:37,232.35,50,52400
20240116,11:18:45,231.6,50,52400
20240116,11:19:21,233.0,400,52400
20240116,11:19:24,233.95,50,52400
20240116,11:19:28,234.2,100,52400
20240116,11:20:22,231.55,200,52400
20240116,11:20:35,231.5,50,52400
20240116,11:20:59,232.3,50,52550
20240116,11:21:17,234.0,50,52550
20240116,11:21:20,234.9,1800,52550
20240116,11:22:18,235.6,50,52550
20240116,11:22:46,233.05,50,52550
20240116,11:25:23,234.45,50,54250
20240116,11:25:32,234.85,200,54250
20240116,11:25:53,234.7,50,54250
20240116,11:26:10,235.15,50,54250
20240116,11:26:17,235.4,100,54250
20240116,11:26:24,237.0,200,54250
20240116,11:26:28,237.6,500,54250
20240116,11:26:29,237.6,100,54250
20240116,11:26:31,237.9,250,54250
20240116,11:26:34,236.5,50,54250
20240116,11:27:02,236.4,50,54650
20240116,11:27:09,236.65,150,54650
20240116,11:27:14,234.9,100,54650
20240116,11:27:55,235.8,50,54650
20240116,11:29:19,235.4,50,54650
20240116,11:30:35,235.4,50,54800
20240116,11:31:06,238.0,250,54800
20240116,11:31:13,238.0,100,54800
20240116,11:31:14,238.2,50,54800
20240116,11:31:36,237.95,300,54800
20240116,11:31:50,238.3,150,54800
20240116,11:32:11,237.35,100,54800
20240116,11:32:17,238.1,50,54800
20240116,11:33:28,237.35,50,55150
20240116,11:33:42,237.0,1800,55150
20240116,11:34:58,232.4,50,55150
20240116,11:35:45,232.0,250,55150
20240116,11:35:46,232.4,50,55150
20240116,11:35:49,232.3,50,55150
20240116,11:36:07,232.8,250,53550
20240116,11:36:15,232.35,100,53550
20240116,11:36:28,234.0,1800,53550
20240116,11:37:42,237.1,100,53550
20240116,11:38:13,236.0,50,53550
20240116,11:38:14,235.8,250,53550
20240116,11:39:38,235.45,100,54800
20240116,11:39:59,235.35,50,54800
20240116,11:40:27,235.15,150,54800
20240116,11:42:24,238.55,50,54800
20240116,11:42:32,239.85,50,54800
20240116,11:42:51,241.0,50,54800
20240116,11:42:55,242.5,150,54800
20240116,11:43:00,242.55,200,54800
20240116,11:43:04,243.1,600,54800
20240116,11:43:06,242.15,800,54800
20240116,11:43:10,242.15,50,54800
20240116,11:43:20,241.55,50,54800
20240116,11:43:36,241.1,50,54800
20240116,11:43:50,240.0,150,54800
20240116,11:43:54,239.9,50,54800
20240116,11:43:58,239.9,100,54800
20240116,11:44:01,238.2,50,54800
20240116,11:44:17,239.85,750,54800
20240116,11:44:26,240.15,50,54800
20240116,11:44:40,240.6,800,54800
20240116,11:44:43,241.95,50,54800
20240116,11:44:50,242.2,50,54800
20240116,11:44:54,241.95,650,54800
20240116,11:44:55,241.95,150,54800
20240116,11:44:57,242.95,200,54800
20240116,11:45:18,241.7,50,54650
20240116,11:45:21,242.35,50,54650
20240116,11:45:51,245.15,250,54650
20240116,11:45:59,245.25,300,54650
20240116,11:46:04,245.5,50,54650
20240116,11:46:10,245.2,50,54650
20240116,11:46:23,243.8,50,54650
20240116,11:46:32,245.25,50,54650
20240116,11:46:57,244.6,50,54650
20240116,11:47:00,246.0,50,54650
20240116,11:47:14,246.0,50,54650
20240116,11:47:41,243.9,50,54650
20240116,11:47:54,242.55,100,54650
20240116,11:48:11,240.85,50,55150
20240116,11:48:13,242.4,200,55150
20240116,11:49:02,239.5,150,55150
20240116,11:49:04,240.0,550,55150
20240116,11:49:06,239.05,350,55150
20240116,11:49:18,238.95,250,55150
20240116,11:49:24,237.2,100,55150
20240116,11:49:32,238.2,150,55150
20240116,11:50:00,237.35,200,55150
20240116,11:50:22,238.85,50,55150
20240116,11:50:27,239.05,150,55150
20240116,11:50:32,238.95,50,55150
20240116,11:50:46,241.85,950,55150
20240116,11:51:02,241.85,50,55100
20240116,11:51:08,241.85,700,55100
20240116,11:51:36,243.0,500,55100
20240116,11:51:48,243.15,100,55100
20240116,11:52:30,244.0,50,55100
20240116,11:52:42,245.7,1000,55100
20240116,11:53:04,244.0,50,55100
20240116,11:53:30,242.0,400,55100
20240116,11:53:59,242.05,50,55100
20240116,11:54:01,242.55,500,55150
20240116,11:54:20,242.4,250,55150
20240116,11:54:22,241.6,50,55150
20240116,11:54:42,242.15,300,55150
20240116,11:55:44,239.55,200,55150
20240116,11:55:49,239.7,50,55150
20240116,11:55:53,239.65,100,55150
20240116,11:56:29,241.5,100,55150
20240116,11:56:33,241.25,600,55150
20240116,11:57:21,238.0,50,55450
20240116,11:57:31,237.0,50,55450
20240116,11:57:40,237.55,50,55450
20240116,11:57:43,237.55,100,55450
20240116,11:58:49,232.25,100,55450
20240116,11:59:15,232.0,100,55450
20240116,12:00:00,231.9,50,55450
20240116,12:00:02,231.65,50,55450
20240116,12:00:04,232.05,50,55550
20240116,12:00:15,232.5,50,55550
20240116,12:00:34,234.25,300,55550
20240116,12:01:43,234.3,50,55550
20240116,12:01:47,234.75,50,55550
20240116,12:03:56,237.05,50,55650
20240116,12:04:55,238.0,300,55650
20240116,12:05:21,238.35,200,55650
20240116,12:05:44,239.2,500,55650
20240116,12:06:09,240.75,50,56300
20240116,12:06:10,240.75,500,56300
20240116,12:07:41,241.0,100,56300
20240116,12:08:25,243.55,100,56300
20240116,12:08:27,243.9,1800,56300
20240116,12:08:45,248.0,50,56300
20240116,12:08:57,249.45,50,56300
20240116,12:09:00,248.4,1250,56300
20240116,12:09:08,247.95,50,54900
20240116,12:09:21,248.95,500,54900
20240116,12:09:23,250.0,1000,54900
20240116,12:09:35,250.2,50,54900
20240116,12:09:39,250.95,50,54900
20240116,12:09:49,250.3,300,54900
20240116,12:09:54,252.0,100,54900
20240116,12:10:02,251.2,50,54900
20240116,12:10:05,251.25,50,54900
20240116,12:10:07,251.45,50,54900
20240116,12:10:09,250.3,100,54900
20240116,12:10:17,251.45,100,54900
20240116,12:10:44,251.65,100,54900
20240116,12:11:07,250.2,700,54900
20240116,12:11:10,248.85,250,54900
20240116,12:11:12,248.8,100,54900
20240116,12:11:26,247.2,350,54900
20240116,12:11:28,247.85,100,54900
20240116,12:11:32,245.6,50,54900
20240116,12:11:50,248.0,1250,54900
20240116,12:11:52,247.6,50,54900
20240116,12:13:18,248.6,50,51900
20240116,12:13:42,249.15,450,51900
20240116,12:14:39,250.05,100,51900
20240116,12:15:01,250.0,50,51900
20240116,12:15:50,252.4,50,51900
20240116,12:16:05,252.4,100,51550
20240116,12:16:06,252.4,50,51550
20240116,12:16:10,253.0,50,51550
20240116,12:16:13,254.25,100,51550
20240116,12:17:12,251.45,100,51550
20240116,12:17:33,251.15,100,51550
20240116,12:18:03,249.7,50,51550
20240116,12:18:11,250.0,550,51500
20240116,12:19:19,255.0,700,51500
20240116,12:19:25,256.0,600,51500
20240116,12:19:32,257.0,50,51500
20240116,12:19:35,256.0,50,51500
20240116,12:19:38,255.55,50,51500
20240116,12:20:44,251.45,50,51500
20240116,12:20:45,252.1,150,51500
20240116,12:21:14,250.0,50,50750
20240116,12:21:21,250.0,200,50750
20240116,12:22:07,248.7,50,50750
20240116,12:24:07,247.7,550,50800
20240116,12:24:30,250.0,50,50800
20240116,12:24:49,248.65,100,50800
20240116,12:25:07,247.2,100,50800
20240116,12:25:09,246.35,150,50800
20240116,12:25:56,246.55,100,50800
20240116,12:25:57,246.0,100,50800
20240116,12:26:10,245.65,50,50800
20240116,12:30:28,246.05,50,51150
20240116,12:31:00,245.1,50,51150
20240116,12:31:02,244.15,50,51150
20240116,12:31:18,243.0,250,51150
20240116,12:31:58,245.0,1800,51150
20240116,12:32:06,245.0,1800,51150
20240116,12:33:05,245.0,150,51150
20240116,12:33:17,245.5,400,54800
20240116,12:33:48,247.45,50,54800
20240116,12:34:48,248.4,300,54800
20240116,12:38:02,250.4,1800,54550
20240116,12:38:07,250.0,200,54550
20240116,12:38:15,252.0,150,54550
20240116,12:38:19,251.0,250,54550
20240116,12:38:51,251.85,50,54550
20240116,12:39:14,252.0,50,52950
20240116,12:40:21,251.85,50,52950
20240116,12:40:35,250.0,1000,52950
20240116,12:41:28,250.45,50,52950
20240116,12:42:06,251.65,50,52950
20240116,12:42:16,251.05,650,53500
20240116,12:43:22,251.05,1800,53500
20240116,12:44:40,253.25,50,53500
20240116,12:44:49,253.8,100,53500
20240116,12:45:02,255.0,100,53500
20240116,12:45:17,253.5,350,53100
20240116,12:45:22,252.7,50,53100
20240116,12:46:38,254.5,200,53100
20240116,12:47:19,255.45,50,53100
20240116,12:47:45,255.0,50,53100
20240116,12:47:47,255.45,100,53100
20240116,12:47:51,256.4,100,53100
20240116,12:47:57,258.05,50,53100
20240116,12:47:59,260.0,100,53100
20240116,12:48:11,260.55,50,53000
20240116,12:48:15,261.6,50,53000
20240116,12:48:18,261.15,50,53000
20240116,12:48:41,261.75,50,53000
20240116,12:48:47,261.3,50,53000
20240116,12:48:50,260.95,200,53000
20240116,12:48:55,260.0,50,53000
20240116,12:49:05,260.2,50,53000
20240116,12:49:07,260.5,1000,53000
20240116,12:49:21,260.95,50,53000
20240116,12:49:35,262.0,50,53000
20240116,12:49:36,262.3,150,53000
20240116,12:49:42,261.35,50,53000
20240116,12:49:55,260.95,50,53000
20240116,12:49:56,261.35,100,53000
20240116,12:49:58,262.15,100,53000
20240116,12:50:22,261.4,100,53000
20240116,12:50:26,260.2,200,53000
20240116,12:50:27,260.2,50,53000
20240116,12:50:35,259.1,50,53000
20240116,12:50:44,256.55,50,53000
20240116,12:50:46,257.45,50,53000
20240116,12:51:04,259.1,100,53000
20240116,12:51:12,260.0,350,51650
20240116,12:51:14,260.2,750,51650
20240116,12:51:15,261.25,100,51650
20240116,12:51:33,262.8,50,51650
20240116,12:52:04,259.0,50,51650
20240116,12:52:47,258.3,500,51650
20240116,12:52:48,257.55,100,51650
20240116,12:52:53,256.55,50,51650
20240116,12:53:22,254.25,50,51650
20240116,12:53:23,254.15,50,51650
20240116,12:53:49,252.8,50,51650
20240116,12:54:18,251.0,100,51650
20240116,12:54:56,252.5,100,51650
20240116,12:55:25,252.1,50,51650
20240116,12:55:32,252.0,200,51650
20240116,12:55:33,252.0,500,51650
20240116,12:56:01,252.85,100,51650
20240116,12:56:21,252.85,150,51650
20240116,12:56:26,252.75,50,51650
20240116,12:56:54,252.75,100,51650
20240116,12:57:04,253.0,50,51650
20240116,12:57:20,254.3,50,52150
20240116,12:57:34,256.45,100,52150
20240116,12:58:15,258.9,50,52150
20240116,12:58:58,253.75,100,52150
20240116,12:59:50,259.0,50,52150
20240116,13:00:01,259.95,500,52150
20240116,13:00:06,259.85,50,52150
20240116,13:00:10,259.85,100,52500
20240116,13:00:35,262.8,250,52500
20240116,13:00:38,263.0,100,52500
20240116,13:00:47,263.9,50,52500
20240116,13:00:49,264.7,150,52500
20240116,13:00:53,265.0,950,52500
20240116,13:00:59,265.4,450,52500
20240116,13:01:00,265.65,600,52500
20240116,13:01:04,265.5,350,52500
20240116,13:01:09,264.6,50,52500
20240116,13:01:15,262.7,500,52500
20240116,13:01:17,263.3,700,52500
20240116,13:01:31,262.65,50,52500
20240116,13:02:01,261.25,50,52500
20240116,13:03:16,263.1,50,49700
20240116,13:03:17,261.85,50,49700
20240116,13:03:24,263.4,100,49700
20240116,13:03:42,261.0,100,49700
20240116,13:03:43,261.95,150,49700
20240116,13:04:30,263.5,50,49700
20240116,13:04:42,263.35,50,49700
20240116,13:05:55,262.15,50,49700
20240116,13:06:26,262.95,50,49700
20240116,13:06:34,265.0,50,49700
20240116,13:06:35,266.3,600,49700
20240116,13:06:36,267.4,100,49700
20240116,13:07:42,267.4,300,49700
20240116,13:08:03,267.85,50,49700
20240116,13:08:28,267.85,200,49700
20240116,13:08:29,264.7,400,49700
20240116,13:08:57,264.45,50,49700
20240116,13:09:14,264.5,50,50150
20240116,13:09:26,264.5,350,50150
20240116,13:10:30,267.05,100,50150
20240116,13:10:36,267.4,100,50150
20240116,13:10:37,265.9,100,50150
20240116,13:11:11,267.25,50,50150
20240116,13:11:22,265.35,1400,50150
20240116,13:11:43,262.8,150,50150
20240116,13:11:53,262.75,100,50150
20240116,13:12:12,260.65,100,50150
20240116,13:12:58,268.1,50,48700
20240116,13:13:05,269.55,50,48700
20240116,13:13:11,270.0,350,48700
20240116,13:13:23,272.4,100,48700
20240116,13:13:24,272.8,50,48700
20240116,13:13:32,272.8,100,48700
20240116,13:13:36,269.55,150,48700
20240116,13:13:41,270.0,50,48700
20240116,13:13:42,271.1,1000,48700
20240116,13:14:06,271.6,150,48700
20240116,13:14:12,272.0,50,48700
20240116,13:14:38,270.35,100,48700
20240116,13:14:56,269.95,300,48700
20240116,13:15:05,268.45,50,48700
20240116,13:15:14,269.6,50,47950
20240116,13:15:23,270.3,50,47950
20240116,13:15:25,272.0,50,47950
20240116,13:15:32,273.0,50,47950
20240116,13:15:38,273.0,50,47950
20240116,13:15:39,270.2,50,47950
20240116,13:16:06,269.55,50,47950
20240116,13:16:21,271.8,50,47950
20240116,13:16:40,268.35,50,47950
20240116,13:16:43,266.9,100,47950
20240116,13:16:44,267.2,50,47950
20240116,13:16:59,263.1,50,47950
20240116,13:17:17,265.0,50,47950
20240116,13:17:55,264.0,50,47950
20240116,13:18:42,262.75,100,47700
20240116,13:19:22,266.5,50,47700
20240116,13:19:25,268.5,300,47700
20240116,13:19:36,269.75,500,47700
20240116,13:19:47,271.0,50,47700
20240116,13:20:37,272.4,250,47700
20240116,13:21:52,272.4,50,47950
20240116,13:21:54,272.2,50,47950
20240116,13:22:10,271.85,150,47950
20240116,13:22:49,269.5,500,47950
20240116,13:23:15,267.9,50,47950
20240116,13:24:17,272.5,50,47250
20240116,13:24:32,273.9,50,47250
20240116,13:25:05,274.0,50,47250
20240116,13:25:06,275.0,100,47250
20240116,13:25:07,276.05,50,47250
20240116,13:25:40,276.05,100,47250
20240116,13:25:42,274.25,50,47250
20240116,13:27:15,269.1,50,47300
20240116,13:27:32,270.7,50,47300
20240116,13:27:34,270.85,50,47300
20240116,13:28:16,273.0,50,47300
20240116,13:28:20,272.2,50,47300
20240116,13:29:11,271.1,50,47300
20240116,13:29:12,270.45,400,47300
20240116,13:30:00,268.0,50,47300
20240116,13:30:06,272.0,50,47300
20240116,13:30:07,272.4,300,47300
20240116,13:30:37,271.25,50,46800
20240116,13:32:19,274.35,100,46800
20240116,13:32:22,275.05,50,46800
20240116,13:32:44,275.7,100,46800
20240116,13:32:51,277.0,100,46800
20240116,13:32:54,277.0,200,46800
20240116,13:32:59,278.0,50,46800
20240116,13:33:02,279.35,100,46800
20240116,13:33:05,280.0,100,46800
20240116,13:33:16,280.0,350,46600
20240116,13:33:23,280.5,50,46600
20240116,13:33:30,283.0,50,46600
20240116,13:33:33,283.75,50,46600
20240116,13:33:39,284.0,50,46600
20240116,13:33:40,285.0,50,46600
20240116,13:33:45,285.0,200,46600
20240116,13:33:47,286.0,300,46600
20240116,13:33:49,286.65,50,46600
20240116,13:33:50,287.25,100,46600
20240116,13:33:59,289.55,300,46600
20240116,13:34:01,291.0,200,46600
20240116,13:34:06,291.0,300,46600
20240116,13:34:07,288.5,350,46600
20240116,13:34:08,289.5,300,46600
20240116,13:34:10,289.3,50,46600
20240116,13:34:27,291.85,100,46600
20240116,13:34:34,291.85,50,46600
20240116,13:34:59,290.0,50,46600
20240116,13:35:07,291.0,400,46600
20240116,13:35:10,291.3,100,46600
20240116,13:35:11,290.35,50,46600
20240116,13:35:12,290.7,100,46600
20240116,13:35:28,291.8,50,46600
20240116,13:35:52,293.5,100,46600
20240116,13:36:19,295.65,100,46600
20240116,13:36:29,296.15,100,46600
20240116,13:36:35,298.85,100,46600
20240116,13:36:39,300.0,150,46600
20240116,13:36:41,300.0,150,46600
20240116,13:36:44,300.0,50,46600
20240116,13:36:46,300.0,50,46600
20240116,13:36:50,299.6,50,46600
20240116,13:36:58,296.55,50,46600
20240116,13:37:04,297.0,50,46600
20240116,13:37:06,298.6,250,46600
20240116,13:37:15,296.8,200,46600
20240116,13:37:17,297.4,50,46600
20240116,13:37:44,299.95,50,46600
20240116,13:37:49,298.55,100,46600
20240116,13:38:04,300.0,50,46600
20240116,13:38:09,301.7,50,46600
20240116,13:38:21,301.7,500,46600
20240116,13:38:42,299.4,50,46600
20240116,13:38:56,297.4,150,46600
20240116,13:39:07,293.6,100,46600
20240116,13:39:09,294.7,450,46600
20240116,13:39:10,293.85,50,46600
20240116,13:39:13,295.5,300,46600
20240116,13:39:23,295.55,50,45400
20240116,13:39:31,293.8,50,45400
20240116,13:39:44,292.05,300,45400
20240116,13:39:53,292.8,50,45400
20240116,13:40:10,290.0,50,45400
20240116,13:40:15,287.5,50,45400
20240116,13:40:21,284.05,100,45400
20240116,13:40:25,283.55,50,45400
20240116,13:40:32,283.5,50,45400
20240116,13:40:51,284.4,50,45400
20240116,13:40:52,285.55,100,45400
20240116,13:40:54,287.1,300,45400
20240116,13:41:13,284.8,50,45400
20240116,13:41:16,283.85,50,45400
20240116,13:41:26,283.9,300,45400
20240116,13:41:29,285.0,50,45400
20240116,13:41:30,286.2,100,45400
20240116,13:41:44,290.0,50,45400
20240116,13:41:52,287.95,100,45400
20240116,13:41:56,287.95,1000,45400
20240116,13:42:15,287.85,200,45400
20240116,13:43:06,287.2,300,46650
20240116,13:43:13,288.85,50,46650
20240116,13:43:35,286.2,100,46650
20240116,13:44:01,283.5,100,46650
20240116,13:44:13,283.05,50,46650
20240116,13:44:29,277.65,350,46650
20240116,13:44:44,275.4,100,46650
20240116,13:44:46,276.45,100,46650
20240116,13:44:56,279.0,300,46650
20240116,13:44:58,279.0,450,46650
20240116,13:45:19,281.75,50,46750
20240116,13:45:20,283.35,50,46750
20240116,13:45:55,277.1,50,46750
20240116,13:46:05,276.6,100,46750
20240116,13:46:19,275.55,50,46750
20240116,13:46:30,275.5,50,46750
20240116,13:46:35,274.35,100,46750
20240116,13:46:52,273.65,50,46750
20240116,13:46:57,272.0,50,46750
20240116,13:47:01,271.25,300,46750
20240116,13:47:20,271.0,50,46750
20240116,13:47:38,267.75,50,46750
20240116,13:47:44,268.75,50,46750
20240116,13:48:00,270.1,150,46750
20240116,13:48:27,271.15,50,47000
20240116,13:49:08,271.8,50,47000
20240116,13:50:00,275.4,300,47000
20240116,13:50:25,278.2,50,47000
20240116,13:51:02,281.2,150,47000
20240116,13:51:09,281.35,350,47000
20240116,13:51:21,281.2,300,46750
20240116,13:51:44,276.0,350,46750
20240116,13:51:51,274.0,250,46750
20240116,13:52:02,270.1,50,46750
20240116,13:52:14,270.0,300,46750
20240116,13:52:22,270.0,100,46750
20240116,13:52:52,265.0,50,46750
20240116,13:53:02,267.0,300,46750
20240116,13:53:17,270.9,300,46750
20240116,13:53:36,274.1,500,46750
20240116,13:53:56,270.5,100,46750
20240116,13:54:08,270.5,200,46750
20240116,13:54:59,267.35,100,46750
20240116,13:55:57,266.35,50,46750
20240116,13:56:27,266.5,100,46750
20240116,13:56:35,265.0,350,46750
20240116,13:56:54,261.5,50,46750
20240116,13:57:05,261.5,200,46750
20240116,13:57:13,263.45,50,46750
20240116,13:57:58,263.85,50,47000
20240116,13:58:31,262.35,50,47000
20240116,13:59:02,260.0,50,47000
20240116,13:59:04,258.35,50,47000
20240116,13:59:09,259.3,700,47000
20240116,13:59:11,259.6,50,47000
20240116,13:59:53,261.6,50,47000
20240116,14:00:03,262.4,500,47000
20240116,14:00:15,263.9,200,47000
20240116,14:00:22,264.0,50,48000
20240116,14:00:41,264.8,500,48000
20240116,14:01:19,259.75,150,48000
20240116,14:01:51,260.4,50,48000
20240116,14:01:56,259.75,100,48000
20240116,14:02:04,262.5,300,48000
20240116,14:02:14,264.55,50,48000
20240116,14:02:40,266.45,500,48000
20240116,14:02:56,271.5,500,48000
20240116,14:04:27,267.35,50,49800
20240116,14:05:06,270.9,100,49800
20240116,14:05:09,269.75,450,49800
20240116,14:05:18,271.95,100,49800
20240116,14:05:28,271.55,100,49800
20240116,14:05:40,272.25,100,49800
20240116,14:06:01,271.5,500,49800
20240116,14:06:10,274.25,100,49800
20240116,14:06:34,274.25,50,49450
20240116,14:06:39,274.25,50,49450
20240116,14:06:43,274.95,50,49450
20240116,14:07:13,267.95,100,49450
20240116,14:07:56,266.0,50,49450
20240116,14:08:03,264.0,100,49450
20240116,14:09:19,264.5,100,49450
20240116,14:09:28,262.5,100,49750
20240116,14:09:33,261.8,100,49750
20240116,14:09:43,262.9,50,49750
20240116,14:09:48,262.35,100,49750
20240116,14:10:07,261.45,850,49750
20240116,14:10:10,261.55,50,49750
20240116,14:10:15,261.0,50,49750
20240116,14:10:53,262.8,50,49750
20240116,14:11:02,263.05,50,49750
20240116,14:11:45,259.7,250,49750
20240116,14:12:06,260.85,100,49750
20240116,14:12:07,259.9,50,49750
20240116,14:12:23,258.0,5400,50900
20240116,14:12:45,256.9,100,50900
20240116,14:12:56,257.25,2050,50900
20240116,14:12:59,255.2,50,50900
20240116,14:13:26,252.5,250,50900
20240116,14:13:45,254.25,150,50900
20240116,14:13:46,254.15,100,50900
20240116,14:13:57,256.5,1000,50900
20240116,14:14:03,256.8,100,50900
20240116,14:14:28,260.85,500,50900
20240116,14:14:57,260.5,1800,50900
20240116,14:15:36,258.7,50,61000
20240116,14:16:45,262.45,150,61000
20240116,14:18:20,256.0,1000,61000
20240116,14:18:44,259.15,50,60000
20240116,14:19:57,254.75,50,60000
20240116,14:20:13,254.75,200,60000
20240116,14:20:15,254.75,250,60000
20240116,14:20:18,254.75,550,60000
20240116,14:20:29,252.05,50,60000
20240116,14:20:35,253.25,50,60000
20240116,14:21:20,256.65,50,60000
20240116,14:22:57,256.65,50,59900
20240116,14:24:06,262.45,250,59900
20240116,14:24:18,262.45,350,59900
20240116,14:24:19,262.45,50,59900
20240116,14:26:01,263.0,50,60100
20240116,14:26:11,263.5,50,60100
20240116,14:26:21,263.9,700,60100
20240116,14:27:11,263.9,100,60100
20240116,14:27:28,265.0,50,60050
20240116,14:27:32,263.65,50,60050
20240116,14:27:33,263.2,50,60050
20240116,14:28:23,262.55,1500,60050
20240116,14:29:04,260.7,700,60050
20240116,14:29:33,260.55,550,60050
20240116,14:30:15,258.2,50,60050
20240116,14:30:47,254.8,500,58450
20240116,14:30:49,255.9,450,58450
20240116,14:30:57,255.9,100,58450
20240116,14:31:42,258.7,50,58450
20240116,14:32:55,264.0,100,58450
20240116,14:33:34,263.15,50,58500
20240116,14:33:51,260.45,50,58500
20240116,14:34:27,263.15,400,58500
20240116,14:35:21,266.0,150,58500
20240116,14:35:40,268.0,50,58500
20240116,14:35:42,267.55,1800,58500
20240116,14:35:56,269.0,450,58500
20240116,14:36:20,274.9,50,58500
20240116,14:36:21,274.1,450,58500
20240116,14:36:40,279.2,950,56750
20240116,14:36:41,280.0,150,56750
20240116,14:36:43,277.9,1800,56750
20240116,14:36:59,280.0,350,56750
20240116,14:37:04,279.5,150,56750
20240116,14:37:14,277.5,250,56750
20240116,14:37:34,275.65,50,56750
20240116,14:37:48,271.15,50,56750
20240116,14:38:26,269.8,50,56750
20240116,14:38:46,270.75,50,56750
20240116,14:38:49,269.55,50,56750
20240116,14:39:03,268.45,50,56750
20240116,14:39:23,268.15,600,56750
20240116,14:40:21,263.5,100,56700
20240116,14:40:29,263.0,50,56700
20240116,14:40:34,262.0,500,56700
20240116,14:40:37,261.75,50,56700
20240116,14:40:40,263.0,1000,56700
20240116,14:40:49,263.65,100,56700
20240116,14:40:52,261.85,150,56700
20240116,14:42:35,263.55,100,56300
20240116,14:42:37,262.6,150,56300
20240116,14:43:38,262.0,100,56300
20240116,14:43:58,261.1,200,56300
20240116,14:44:08,260.8,100,56300
20240116,14:44:29,262.15,50,56300
20240116,14:44:32,260.75,50,56300
20240116,14:45:32,261.45,100,56300
20240116,14:46:12,259.95,50,56650
20240116,14:46:23,260.5,350,56650
20240116,14:48:04,261.1,300,56650
20240116,14:49:02,259.95,50,56650
20240116,14:49:49,262.35,100,56700
20240116,14:49:53,259.6,50,56700
20240116,14:50:34,259.6,150,56700
20240116,14:50:35,259.6,350,56700
20240116,14:51:23,260.5,50,56700
20240116,14:51:36,259.5,1800,57450
20240116,14:51:53,258.05,50,57450
20240116,14:51:57,257.1,100,57450
20240116,14:51:58,257.5,1800,57450
20240116,14:52:07,257.2,50,57450
20240116,14:52:20,256.1,250,57450
20240116,14:52:57,258.0,100,57450
20240116,14:52:59,258.0,50,57450
20240116,14:54:08,260.5,50,57450
20240116,14:54:26,263.9,50,60200
20240116,14:54:42,264.55,50,60200
20240116,14:54:53,265.85,150,60200
20240116,14:55:00,263.5,200,60200
20240116,14:55:39,262.45,600,60200
20240116,14:55:55,262.45,400,60200
20240116,14:57:29,262.45,100,61350
20240116,14:57:46,262.25,1800,61350
20240116,14:58:03,262.25,1800,61350
20240116,14:58:18,260.7,50,61350
20240116,14:58:37,262.2,50,61350
20240116,14:59:07,260.6,100,61350
20240116,14:59:36,258.2,50,61350
20240116,14:59:43,258.0,500,61350
20240116,14:59:58,260.5,150,61350
20240116,15:00:05,260.5,50,61350
20240116,15:00:59,263.9,150,58950
20240116,15:01:19,265.65,50,58950
20240116,15:01:39,264.1,350,58950
20240116,15:01:43,263.8,100,58950
20240116,15:01:47,263.85,100,58950
20240116,15:01:49,263.1,50,58950
20240116,15:02:13,261.1,200,58950
20240116,15:02:24,261.8,50,58950
20240116,15:03:09,260.0,50,58950
20240116,15:05:49,259.75,400,58400
20240116,15:06:05,260.0,1800,58400
20240116,15:06:11,259.35,450,58400
20240116,15:08:04,262.0,1000,58400
20240116,15:08:31,260.9,100,59450
20240116,15:08:48,259.2,850,59450
20240116,15:09:53,262.0,50,58600
20240116,15:09:59,261.25,50,58600
20240116,15:10:00,262.0,250,58600
20240116,15:10:42,264.0,50,58600
20240116,15:10:51,263.2,100,58600
20240116,15:11:01,263.7,50,58600
20240116,15:11:40,263.95,500,58600
20240116,15:11:50,263.1,500,58600
20240116,15:11:59,263.45,500,58600
20240116,15:13:36,264.65,50,60050
20240116,15:15:26,269.0,150,60050
20240116,15:15:31,269.5,500,59850
20240116,15:15:34,270.0,500,59850
20240116,15:15:38,269.3,50,59850
20240116,15:15:40,268.0,50,59850
20240116,15:15:50,270.0,1200,59850
20240116,15:16:03,268.1,1000,59850
20240116,15:16:43,271.2,100,59850
20240116,15:16:52,273.0,200,59850
20240116,15:17:04,274.5,50,59850
20240116,15:17:09,276.0,50,59850
20240116,15:17:16,274.65,50,59850
20240116,15:17:20,274.5,250,59850
20240116,15:17:21,274.65,400,59850
20240116,15:17:22,274.35,450,59850
20240116,15:17:23,274.0,550,59850
20240116,15:17:31,274.6,50,59850
20240116,15:17:51,271.7,50,59850
20240116,15:18:00,271.8,50,59850
20240116,15:18:30,273.25,100,57800
20240116,15:18:36,273.7,250,57800
20240116,15:18:58,273.7,150,57800
20240116,15:19:00,273.05,150,57800
20240116,15:19:11,273.05,500,57800
20240116,15:19:21,271.0,1000,57800
20240116,15:19:23,270.95,250,57800
20240116,15:19:42,273.7,150,57800
20240116,15:19:56,273.45,100,57800
20240116,15:20:01,273.45,50,57800
20240116,15:20:03,274.35,100,57800
20240116,15:20:04,274.25,100,57800
20240116,15:20:06,273.5,200,57800
20240116,15:20:07,273.5,50,57800
20240116,15:20:14,273.45,50,57800
20240116,15:20:15,274.0,200,57800
20240116,15:20:16,274.55,200,57800
20240116,15:20:17,273.9,250,57800
20240116,15:20:19,275.0,50,57800
20240116,15:20:23,275.15,200,57800
20240116,15:20:24,275.05,100,57800
20240116,15:20:26,274.9,50,57800
20240116,15:20:33,273.55,250,57800
20240116,15:20:41,274.4,200,57800
20240116,15:20:44,275.0,150,57800
20240116,15:20:45,275.55,200,57800
20240116,15:20:49,273.7,300,57800
20240116,15:20:54,275.5,100,57800
20240116,15:20:58,275.15,200,57800
20240116,15:21:00,275.15,400,57800
20240116,15:21:11,273.0,250,57800
20240116,15:21:13,274.25,100,57800
20240116,15:21:33,271.05,50,54800
20240116,15:22:00,271.3,50,54800
20240116,15:22:21,270.0,50,54800
20240116,15:22:39,269.7,1000,54800
20240116,15:23:00,268.1,50,54800
20240116,15:23:31,269.0,1800,54800
20240116,15:23:33,270.0,200,54800
20240116,15:24:11,270.0,50,54800
20240116,15:24:59,269.5,100,54000
20240116,15:25:08,268.65,200,54000
20240116,15:25:09,268.65,150,54000
20240116,15:25:13,268.5,450,54000
20240116,15:25:33,268.15,200,54000
20240116,15:25:39,268.6,50,54000
20240116,15:25:46,268.0,100,54000
20240116,15:25:59,268.0,50,54000
20240116,15:26:23,269.0,50,54000
20240116,15:26:26,269.15,100,54000
20240116,15:26:26,269.15,50,54000
20240116,15:26:27,269.2,100,54000
20240116,15:26:29,269.95,700,54000
20240116,15:26:31,270.0,200,54000
20240116,15:26:52,270.0,350,54000
20240116,15:26:58,269.6,200,54000
20240116,15:26:59,269.7,50,54000
20240116,15:27:00,269.75,250,54000
20240116,15:27:13,269.6,350,54000
20240116,15:27:14,269.9,1000,54000
20240116,15:27:29,269.9,100,54000
20240116,15:27:32,270.05,300,53800
20240116,15:27:33,270.0,150,53800
20240116,15:27:46,269.7,350,53800
20240116,15:27:49,269.85,150,53800
20240116,15:28:05,269.25,350,53800
20240116,15:28:06,269.3,150,53800
20240116,15:28:23,269.0,50,53800
20240116,15:28:27,268.45,50,53800
20240116,15:28:31,268.95,50,53800
20240116,15:28:38,268.95,100,53800
20240116,15:28:52,269.0,50,53800
20240116,15:28:55,269.0,750,53800
20240116,15:29:08,269.0,350,53800
20240116,15:29:17,267.5,3000,53800
20240116,15:29:25,269.75,200,53800
20240116,15:29:34,269.55,200,53800
20240116,15:29:45,268.3,50,53800
20240116,15:29:56,268.5,200,53800
20240117,09:15:58,340.0,1,50500
20240117,09:15:58,380.0,300,50500
20240117,09:16:02,420.0,100,50500
20240117,09:16:07,420.0,350,50500
20240117,09:16:12,336.35,400,50500
20240117,09:16:26,314.8,350,50500
20240117,09:16:31,342.1,1150,50500
20240117,09:16:35,344.0,50,50500
20240117,09:16:40,345.0,400,50500
20240117,09:16:45,343.85,1350,50500
20240117,09:16:50,343.4,200,50500
20240117,09:17:00,343.8,250,50500
20240117,09:17:05,343.05,350,50500
20240117,09:17:11,342.25,200,50500
20240117,09:17:17,332.6,750,50500
20240117,09:17:26,333.3,50,50500
20240117,09:17:31,336.95,650,50500
20240117,09:17:35,338.85,400,50500
20240117,09:17:40,339.9,550,50500
20240117,09:17:44,340.4,250,48850
20240117,09:17:48,344.85,250,48850
20240117,09:17:52,338.0,150,48850
20240117,09:17:56,337.4,1000,48850
20240117,09:18:01,334.85,250,48850
20240117,09:18:06,344.95,600,48850
20240117,09:18:12,345.0,750,48850
20240117,09:18:22,345.75,150,48850
20240117,09:18:35,348.0,550,48850
20240117,09:18:45,348.85,200,48850
20240117,09:18:51,349.1,1500,48850
20240117,09:18:57,349.0,300,48850
20240117,09:19:03,345.15,350,48850
20240117,09:19:10,345.15,100,48850
20240117,09:19:14,345.75,100,48850
20240117,09:19:18,347.7,50,48850
20240117,09:19:21,345.05,50,48850
20240117,09:19:26,346.0,100,48850
20240117,09:19:30,349.15,200,48850
20240117,09:19:31,352.8,1900,48850
20240117,09:19:33,354.95,700,48850
20240117,09:19:33,354.95,50,48850
20240117,09:19:34,355.0,150,48850
20240117,09:19:35,355.95,100,48850
20240117,09:19:37,351.5,100,48850
20240117,09:19:51,358.3,150,48850
20240117,09:19:55,355.7,50,48850
20240117,09:20:05,359.0,250,48850
20240117,09:20:07,359.95,150,48850
20240117,09:20:08,360.0,50,48850
20240117,09:20:11,358.6,50,48850
20240117,09:20:13,358.9,50,48850
20240117,09:20:18,362.85,450,48850
20240117,09:20:23,363.85,250,48850
20240117,09:20:24,364.0,50,48850
20240117,09:20:34,361.8,100,48850
20240117,09:20:35,361.85,50,48850
20240117,09:20:45,363.0,100,48850
20240117,09:20:49,360.8,50,47450
20240117,09:20:52,360.25,50,47450
20240117,09:20:57,363.9,350,47450
20240117,09:21:09,362.4,150,47450
20240117,09:21:26,358.55,200,47450
20240117,09:21:31,357.9,1250,47450
20240117,09:21:33,362.85,100,47450
20240117,09:21:37,358.9,100,47450
20240117,09:21:45,363.0,300,47450
20240117,09:21:59,361.95,300,47450
20240117,09:22:12,362.8,50,47450
20240117,09:22:19,362.45,900,47450
20240117,09:22:38,365.0,100,47450
20240117,09:22:46,367.1,50,47450
20240117,09:22:54,366.2,400,47450
20240117,09:23:03,369.5,50,47450
20240117,09:23:15,375.0,50,47450
20240117,09:23:22,378.0,350,47450
20240117,09:23:26,380.35,200,47450
20240117,09:23:29,381.05,150,47450
20240117,09:23:30,381.0,300,47450
20240117,09:23:35,383.4,150,47450
20240117,09:23:37,381.75,50,47450
20240117,09:23:42,380.9,350,47450
20240117,09:23:43,380.2,100,44700
20240117,09:23:47,379.5,100,44700
20240117,09:23:48,380.1,100,44700
20240117,09:23:50,380.4,100,44700
20240117,09:23:51,379.55,50,44700
20240117,09:23:52,379.55,100,44700
20240117,09:23:54,376.85,50,44700
20240117,09:23:58,379.4,50,44700
20240117,09:24:00,378.6,300,44700
20240117,09:24:01,377.35,50,44700
20240117,09:24:03,376.2,300,44700
20240117,09:24:04,376.2,50,44700
20240117,09:24:07,375.65,100,44700
20240117,09:24:08,378.05,100,44700
20240117,09:24:18,375.5,100,44700
20240117,09:24:19,374.0,200,44700
20240117,09:24:23,377.4,100,44700
20240117,09:24:28,377.5,150,44700
20240117,09:24:30,377.5,150,44700
20240117,09:24:39,377.25,100,44700
20240117,09:24:48,378.15,50,44700
20240117,09:24:49,379.45,150,44700
20240117,09:24:52,381.0,50,44700
20240117,09:24:57,379.2,50,44700
20240117,09:24:58,379.2,50,44700
20240117,09:25:05,382.0,200,44700
20240117,09:25:09,380.95,50,44700
20240117,09:25:10,382.9,100,44700
20240117,09:25:21,385.0,100,44700
20240117,09:25:46,386.4,50,44700
20240117,09:25:48,388.8,150,44700
20240117,09:25:56,389.9,100,44700
20240117,09:25:58,390.0,50,44700
20240117,09:26:02,392.3,50,44700
20240117,09:26:07,391.25,50,44700
20240117,09:26:11,395.0,50,44700
20240117,09:26:12,396.05,700,44700
20240117,09:26:14,393.05,450,44700
20240117,09:26:26,393.15,50,44700
20240117,09:26:28,394.0,250,44700
20240117,09:26:36,392.4,150,44700
20240117,09:26:41,393.55,550,44700
20240117,09:26:43,393.0,50,42550
20240117,09:26:59,395.45,50,42550
20240117,09:27:13,398.15,50,42550
20240117,09:27:14,397.8,50,42550
20240117,09:27:18,400.0,1200,42550
20240117,09:27:19,400.0,50,42550
20240117,09:27:24,397.85,50,42550
20240117,09:27:29,398.95,50,42550
20240117,09:27:31,399.0,50,42550
20240117,09:27:45,400.2,250,42550
20240117,09:28:23,395.0,50,42550
20240117,09:28:26,393.15,50,42550
20240117,09:28:40,387.6,350,42550
20240117,09:28:49,387.4,150,42550
20240117,09:29:03,384.6,500,42550
20240117,09:29:26,388.2,250,42550
20240117,09:29:56,389.55,200,40800
20240117,09:30:01,390.55,500,40800
20240117,09:30:08,391.5,900,40800
20240117,09:30:21,392.0,50,40800
20240117,09:30:37,387.05,450,40800
20240117,09:30:39,384.65,50,40800
20240117,09:30:56,388.2,100,40800
20240117,09:31:03,387.55,200,40800
20240117,09:31:06,385.8,50,40800
20240117,09:31:10,387.0,450,40800
20240117,09:31:36,384.0,50,40800
20240117,09:31:40,387.6,550,40800
20240117,09:31:53,386.4,250,40800
20240117,09:32:01,387.55,550,40800
20240117,09:32:23,387.0,300,40800
20240117,09:32:34,386.85,100,40800
20240117,09:32:50,379.0,250,38050
20240117,09:32:52,374.3,200,38050
20240117,09:32:56,374.4,250,38050
20240117,09:33:00,375.0,100,38050
20240117,09:33:09,375.55,200,38050
20240117,09:33:11,375.65,150,38050
20240117,09:33:24,373.7,50,38050
20240117,09:34:01,373.35,100,38050
20240117,09:34:03,374.3,150,38050
20240117,09:34:13,372.0,50,38050
20240117,09:34:27,365.85,50,38050
20240117,09:34:32,365.85,450,38050
20240117,09:34:39,367.7,500,38050
20240117,09:34:48,366.85,500,38050
20240117,09:35:00,365.75,50,38050
20240117,09:35:13,356.8,50,38050
20240117,09:35:21,358.6,500,38050
20240117,09:35:22,359.1,100,38050
20240117,09:35:24,360.0,50,38050
20240117,09:35:29,359.15,250,38050
20240117,09:35:55,360.75,400,35200
20240117,09:35:56,360.6,50,35200
20240117,09:36:01,360.2,50,35200
20240117,09:36:19,363.0,50,35200
20240117,09:36:28,365.45,250,35200
20240117,09:36:42,366.5,400,35200
20240117,09:36:52,370.25,100,35200
20240117,09:37:06,373.4,350,35200
20240117,09:37:19,370.85,50,35200
20240117,09:37:20,370.6,750,35200
20240117,09:37:46,365.3,150,35200
20240117,09:37:47,365.3,50,35200
20240117,09:38:03,363.0,50,35200
20240117,09:38:07,365.3,50,35200
20240117,09:38:13,368.15,350,35200
20240117,09:38:43,365.0,50,35200
20240117,09:39:16,363.85,350,33950
20240117,09:39:20,362.95,200,33950
20240117,09:39:25,363.1,250,33950
20240117,09:39:28,361.0,200,33950
20240117,09:39:44,365.3,200,33950
20240117,09:39:50,364.8,50,33950
20240117,09:40:10,361.2,50,33950
20240117,09:40:31,361.0,200,33950
20240117,09:41:30,362.2,50,33950
20240117,09:42:02,360.05,100,34250
20240117,09:42:10,360.7,50,34250
20240117,09:42:19,358.45,50,34250
20240117,09:42:24,360.8,50,34250
20240117,09:42:30,360.7,350,34250
20240117,09:42:49,363.25,50,34250
20240117,09:43:13,363.9,50,34250
20240117,09:43:24,363.75,100,34250
20240117,09:44:17,364.8,50,34250
20240117,09:44:37,366.6,150,34250
20240117,09:44:39,366.65,250,34250
20240117,09:44:43,369.85,50,34250
20240117,09:44:46,369.9,100,34700
20240117,09:44:47,369.0,50,34700
20240117,09:44:52,369.9,600,34700
20240117,09:45:04,368.6,50,34700
20240117,09:45:07,367.8,200,34700
20240117,09:45:09,368.95,600,34700
20240117,09:45:17,366.55,50,34700
20240117,09:45:21,362.8,250,34700
20240117,09:45:25,364.1,650,34700
20240117,09:46:14,365.3,50,34700
20240117,09:48:06,354.85,100,33400
20240117,09:48:30,355.5,1000,33400
20240117,09:49:05,354.3,100,33400
20240117,09:49:58,354.35,50,33400
20240117,09:50:36,354.2,500,33400
20240117,09:50:44,355.5,50,33400
20240117,09:51:00,354.2,200,32400
20240117,09:51:18,351.8,50,32400
20240117,09:52:03,354.7,50,32400
20240117,09:52:18,362.8,50,32400
20240117,09:52:29,363.85,50,32400
20240117,09:52:30,365.0,50,32400
20240117,09:53:18,369.9,100,32400
20240117,09:53:19,369.9,900,32400
20240117,09:53:59,369.2,150,32150
20240117,09:55:36,361.85,100,32150
20240117,09:56:02,367.65,100,32150
20240117,09:57:20,372.4,50,32250
20240117,09:58:05,371.45,100,32250
20240117,09:58:06,370.5,250,32250
20240117,09:59:18,369.0,50,32250
20240117,09:59:31,371.6,50,32250
20240117,10:00:13,380.0,200,32250
20240117,10:00:17,379.05,50,32150
20240117,10:01:41,382.35,150,32150
20240117,10:01:47,382.7,50,32150
20240117,10:03:15,379.75,50,32050
20240117,10:05:11,372.05,50,32050
20240117,10:05:27,378.0,400,32050
20240117,10:05:48,379.7,200,32050
20240117,10:05:49,380.95,50,32050
20240117,10:05:53,381.0,50,31600
20240117,10:06:34,379.9,50,31600
20240117,10:06:45,381.0,50,31600
20240117,10:06:58,385.0,300,31600
20240117,10:07:00,386.85,50,31600
20240117,10:07:01,387.0,50,31600
20240117,10:08:00,380.0,50,31600
20240117,10:09:09,380.0,50,31450
20240117,10:10:30,379.0,150,31450
20240117,10:10:44,378.1,50,31450
20240117,10:11:01,379.0,50,31450
20240117,10:11:15,377.15,100,31450
20240117,10:12:29,378.6,100,31450
20240117,10:12:50,379.2,50,31400
20240117,10:14:41,375.25,1000,31400
20240117,10:15:29,377.2,50,30600
20240117,10:15:33,379.6,100,30600
20240117,10:16:42,378.9,50,30600
20240117,10:17:00,377.15,50,30600
20240117,10:19:47,377.45,800,30650
20240117,10:20:36,377.8,150,30650
20240117,10:21:13,380.0,150,30500
20240117,10:22:54,385.0,50,30500
20240117,10:23:20,384.75,500,30500
20240117,10:26:20,388.0,50,29950
20240117,10:26:35,391.0,50,29950
20240117,10:26:48,392.0,50,29950
20240117,10:27:25,393.0,100,29800
20240117,10:27:45,393.0,100,29800
20240117,10:28:35,388.75,100,29800
20240117,10:29:47,387.0,50,29800
20240117,10:30:48,382.8,100,29700
20240117,10:32:52,382.8,50,29700
20240117,10:34:39,391.05,50,29700
20240117,10:34:56,391.0,50,29700
20240117,10:35:22,393.85,100,29700
20240117,10:35:32,393.75,50,29700
20240117,10:35:52,394.0,150,29700
20240117,10:37:01,398.0,50,29450
20240117,10:37:02,399.0,100,29450
20240117,10:37:12,401.0,50,29450
20240117,10:37:16,401.55,50,29450
20240117,10:37:29,400.0,50,29450
20240117,10:39:04,410.0,50,29250
20240117,10:39:15,410.0,550,29250
20240117,10:40:29,413.0,100,29250
20240117,10:42:48,406.9,50,29250
20240117,10:43:50,413.75,450,28550
20240117,10:44:12,409.95,100,28550
20240117,10:45:34,415.8,50,28550
20240117,10:47:42,410.35,50,28550
20240117,10:48:58,403.2,150,28550
20240117,10:50:28,405.6,150,28550
20240117,10:51:17,409.75,50,28350
20240117,10:51:55,412.65,50,28350
20240117,10:53:04,412.65,100,28350
20240117,10:53:27,408.85,50,28350
20240117,10:53:45,410.0,100,28350
20240117,10:56:10,407.95,200,28400
20240117,10:57:42,412.8,500,28300
20240117,10:58:51,412.2,50,28300
20240117,11:00:19,407.45,100,28850
20240117,11:00:28,406.4,150,28850
20240117,11:00:55,407.5,150,28850
20240117,11:01:17,408.0,300,28850
20240117,11:02:06,409.8,200,28850
20240117,11:07:06,409.8,50,28600
20240117,11:08:52,409.75,50,28600
20240117,11:10:16,399.7,500,28700
20240117,11:10:26,402.3,50,28700
20240117,11:11:04,407.4,400,28700
20240117,11:12:39,405.05,50,28200
20240117,11:13:06,406.05,50,28200
20240117,11:13:35,407.25,300,28200
20240117,11:14:00,406.1,50,28200
20240117,11:15:44,414.15,200,28050
20240117,11:17:12,417.9,50,28050
20240117,11:20:09,412.0,50,28150
20240117,11:23:28,414.0,50,28150
20240117,11:27:01,414.55,100,28100
20240117,11:27:10,415.35,50,28200
20240117,11:28:23,416.85,50,28200
20240117,11:28:41,416.45,100,28200
20240117,11:28:58,417.0,50,28200
20240117,11:30:30,420.05,600,28200
20240117,11:31:07,420.05,50,28200
20240117,11:31:17,418.2,300,28200
20240117,11:32:12,416.4,300,28200
20240117,11:32:32,418.35,100,28200
20240117,11:34:07,425.1,800,27450
20240117,11:34:20,428.35,650,27450
20240117,11:35:04,420.2,50,27450
20240117,11:36:03,424.6,200,27450
20240117,11:36:26,429.4,50,27350
20240117,11:36:47,429.4,600,27350
20240117,11:37:17,430.0,50,27350
20240117,11:37:39,430.1,100,27350
20240117,11:38:35,430.1,100,27350
20240117,11:38:47,430.35,50,27350
20240117,11:39:58,435.45,100,26900
20240117,11:41:07,450.0,150,26900
20240117,11:41:33,455.55,150,26900
20240117,11:43:06,471.4,600,27000
20240117,11:44:13,468.6,50,27000
20240117,11:44:23,464.6,50,27000
20240117,11:44:50,460.3,50,27000
20240117,11:46:36,464.75,200,27100
20240117,11:50:37,466.95,150,26900
20240117,11:52:16,470.0,100,26900
20240117,11:52:26,470.0,50,26900
20240117,11:52:38,476.55,100,26900
20240117,11:53:17,476.55,50,26900
20240117,11:53:35,465.45,50,26900
20240117,11:53:54,466.75,50,26900
20240117,11:55:24,466.0,100,26600
20240117,11:59:14,471.6,50,26500
20240117,12:01:56,479.65,50,26450
20240117,12:02:14,480.45,150,26450
20240117,12:02:55,481.3,400,26450
20240117,12:04:09,490.75,50,26150
20240117,12:04:39,499.25,50,26150
20240117,12:05:45,500.0,100,26150
20240117,12:06:20,511.7,150,26100
20240117,12:06:54,511.7,100,26100
20240117,12:08:09,499.0,500,26100
20240117,12:09:27,486.25,50,26450
20240117,12:10:11,492.75,50,26450
20240117,12:10:49,490.0,50,26450
20240117,12:12:20,491.65,100,26550
20240117,12:13:46,486.35,50,26550
20240117,12:13:57,486.3,200,26550
20240117,12:14:13,487.3,500,26550
20240117,12:14:35,487.5,50,26550
20240117,12:14:53,478.75,100,26550
20240117,12:14:55,478.75,50,26550
20240117,12:15:16,470.0,500,26000
20240117,12:15:37,464.4,100,26000
20240117,12:15:47,464.1,400,26000
20240117,12:16:09,463.35,100,26000
20240117,12:16:28,464.1,50,26000
20240117,12:16:38,457.65,550,26000
20240117,12:17:22,460.0,50,26000
20240117,12:17:42,466.45,50,26000
20240117,12:18:02,470.25,200,26000
20240117,12:20:10,453.5,50,26400
20240117,12:20:49,454.4,150,26400
20240117,12:23:24,456.1,50,26450
20240117,12:23:52,454.25,50,26450
20240117,12:24:58,463.2,50,26450
20240117,12:29:38,481.35,50,26400
20240117,12:39:40,470.3,50,26400
20240117,12:39:58,467.0,500,26400
20240117,12:43:34,488.25,50,26400
20240117,12:43:54,484.25,150,25950
20240117,12:44:32,484.25,400,25950
20240117,12:49:40,484.3,50,25400
20240117,12:50:42,489.0,50,25400
20240117,12:55:06,500.0,500,25400
20240117,12:55:27,500.45,50,25400
20240117,12:59:57,505.4,250,25900
20240117,13:00:08,506.7,250,25900
20240117,13:00:17,503.5,100,25900
20240117,13:00:27,499.2,50,26000
20240117,13:00:38,501.2,550,26000
20240117,13:00:48,501.8,50,26000
20240117,13:03:32,491.25,50,25950
20240117,13:06:51,487.5,200,25950
20240117,13:07:00,487.5,50,25950
20240117,13:10:06,484.3,100,25900
20240117,13:13:10,505.55,50,25900
20240117,13:13:49,504.65,200,25900
20240117,13:16:05,505.0,50,26000
20240117,13:20:07,506.0,350,26000
20240117,13:30:25,500.0,50,26000
20240117,13:31:53,502.35,150,26000
20240117,13:38:55,526.35,100,26000
20240117,13:39:57,526.35,50,25900
20240117,13:48:00,488.15,50,25950
20240117,13:50:37,477.15,50,25950
20240117,13:51:07,468.6,200,25950
20240117,13:52:54,471.05,200,25800
20240117,13:54:08,478.8,50,25800
20240117,13:54:38,480.35,50,25600
20240117,13:54:47,481.0,50,25600
20240117,13:55:24,479.7,50,25600
20240117,13:55:35,479.7,50,25600
20240117,13:56:04,482.5,50,25600
20240117,13:56:33,481.7,50,25600
20240117,13:58:36,482.25,50,25350
20240117,14:00:23,488.6,50,25350
20240117,14:19:34,503.85,50,25350
20240117,14:27:05,519.4,100,25350
20240117,14:28:08,528.7,200,25350
20240117,14:29:26,533.45,100,25350
20240117,14:29:36,533.45,100,25350
20240117,14:30:16,536.1,1250,25350
20240117,14:30:43,532.05,350,25650
20240117,14:30:52,534.6,150,25650
20240117,14:31:40,539.75,450,25650
20240117,14:31:53,539.75,150,25650
20240117,14:32:05,544.2,450,25650
20240117,14:32:35,535.5,350,25650
20240117,14:32:45,534.6,50,25650
20240117,14:33:05,528.45,400,25650
20240117,14:33:24,529.2,900,25650
20240117,14:33:34,534.6,250,24000
20240117,14:34:02,537.6,250,24000
20240117,14:34:23,536.85,200,24000
20240117,14:35:18,530.65,50,24000
20240117,14:36:57,531.3,200,23950
20240117,14:37:43,528.05,50,23950
20240117,14:37:53,533.2,50,23950
20240117,14:38:30,533.25,50,23950
20240117,14:43:35,554.4,400,24050
20240117,14:44:39,554.4,50,24050
20240117,14:44:42,557.8,400,24050
20240117,14:44:56,557.8,50,24050
20240117,14:46:15,564.45,50,24100
20240117,14:46:37,564.55,450,24100
20240117,14:48:07,564.55,500,24100
20240117,14:48:31,554.8,100,24100
20240117,14:49:12,555.9,200,23600
20240117,14:49:21,555.0,100,23600
20240117,14:50:14,559.7,100,23600
20240117,14:51:07,548.8,50,23600
20240117,14:51:13,551.6,50,23600
20240117,14:53:18,550.9,150,23850
20240117,14:56:31,544.6,50,23850
20240117,14:59:36,560.0,200,23900
20240117,15:01:01,564.2,50,23900
20240117,15:01:58,566.25,150,23900
20240117,15:02:20,571.3,250,23900
20240117,15:04:07,571.3,50,24200
20240117,15:06:45,567.45,50,24200
20240117,15:07:19,577.7,50,24200
20240117,15:10:45,577.7,50,24100
20240117,15:12:01,538.95,200,24100
20240117,15:12:21,531.55,50,24100
20240117,15:13:14,539.65,50,24000
20240117,15:20:03,558.85,650,24000
20240117,15:20:13,555.2,300,24000
20240117,15:23:04,561.35,50,23250
20240117,15:25:02,560.7,50,23300
20240117,15:25:21,558.75,100,23300
20240117,15:26:27,555.85,50,23300
20240117,15:26:47,552.05,50,23300
20240117,15:27:31,552.4,250,23300
20240117,15:27:42,550.75,650,23300
20240117,15:29:27,553.85,100,23300
20240117,15:29:36,556.0,100,23300
20240118,09:19:14,658.0,1,22850
20240118,09:19:14,658.0,50,22850
20240118,09:23:07,645.95,200,22900
20240118,09:24:28,626.15,50,23000
20240118,09:26:02,626.15,150,23000
20240118,09:27:16,644.25,50,22950
20240118,09:30:09,658.35,50,22950
20240118,09:30:58,663.0,50,22950
20240118,09:31:29,665.5,150,22950
20240118,09:36:47,687.4,50,23000
20240118,09:37:20,700.0,50,23000
20240118,09:37:31,702.1,50,23000
20240118,09:38:49,702.1,350,22900
20240118,09:41:11,701.15,50,22900
20240118,09:45:50,696.55,50,22900
20240118,09:52:25,744.8,50,22900
20240118,09:52:47,753.5,100,22900
20240118,10:00:13,765.0,150,22900
20240118,10:01:29,765.0,50,22900
20240118,10:01:51,739.15,100,22900
20240118,10:02:51,742.9,50,22600
20240118,10:04:14,732.65,100,22600
20240118,10:06:35,727.05,50,22600
20240118,10:07:20,693.8,500,22600
20240118,10:10:48,657.4,150,22100
20240118,10:13:52,684.2,50,22000
20240118,10:16:10,704.65,150,21950
20240118,10:18:54,703.85,50,21950
20240118,10:20:53,690.0,50,21950
20240118,10:21:57,680.0,50,21950
20240118,10:24:03,674.2,50,21950
20240118,10:26:08,670.0,50,21950
20240118,10:27:04,660.0,50,21950
20240118,10:28:27,656.15,200,21950
20240118,10:30:22,658.0,50,21750
20240118,10:31:34,650.0,50,21750
20240118,10:38:28,655.2,50,21800
20240118,10:38:48,652.9,150,21800
20240118,10:39:08,654.4,150,22000
20240118,10:44:52,635.25,50,21850
20240118,10:56:03,623.35,50,21850
20240118,11:00:11,623.35,100,21900
20240118,11:10:16,605.45,50,21900
20240118,11:15:21,605.45,200,21900
20240118,11:21:51,628.45,50,22050
20240118,11:45:16,627.9,50,22050
20240118,11:50:38,621.75,50,22100
20240118,11:54:16,608.8,100,22100
20240118,12:01:33,582.2,200,22100
20240118,12:03:10,582.2,350,21900
20240118,12:07:23,580.0,500,21950
20240118,12:10:17,573.0,300,22450
20240118,12:10:48,573.0,50,22450
20240118,12:13:06,565.8,150,22750
20240118,12:22:49,558.3,50,22700
20240118,12:27:33,555.7,100,22700
20240118,12:30:10,555.7,50,22700
20240118,12:33:41,583.6,250,22650
20240118,12:34:39,592.0,50,22650
20240118,12:35:16,600.0,100,22650
20240118,12:35:27,600.0,150,22650
20240118,12:36:21,589.65,50,23050
20240118,12:40:20,596.0,50,23000
20240118,12:40:31,601.15,100,23000
20240118,13:03:04,632.3,100,23150
20240118,13:13:56,628.5,50,23150
