date,time,tick_price,volume,open_interest
20240118,10:21:49,422.35,50,50
20240118,12:22:41,488.9,200,50
20240118,12:24:54,495.8,550,250
20240118,12:25:05,495.8,250,250
20240118,12:28:10,495.5,350,800
20240118,12:28:21,494.35,350,800
20240118,12:37:55,464.4,50,1500
20240118,12:38:06,466.1,50,1500
20240118,12:38:17,467.05,50,1500
20240118,12:38:27,466.6,50,1500
20240118,12:38:38,468.2,50,1500
20240118,14:27:02,430.0,50,1750
20240118,14:27:48,427.2,350,1800
20240118,14:30:00,429.85,750,1800
20240118,14:33:04,427.05,350,2900
20240120,13:24:45,555.4,1,3250
20240120,13:24:45,555.4,50,3250
20240123,11:17:31,443.9,150,3250
20240123,11:44:59,425.1,50,3400
20240123,11:47:25,418.95,50,3450
20240123,11:52:23,418.1,50,3450
20240123,11:59:04,418.2,50,3500
20240123,11:59:27,409.15,100,3500
20240123,12:04:09,381.5,50,3500
20240123,12:06:00,374.65,50,3500
20240123,12:06:54,368.5,50,3550
20240123,12:09:36,367.75,50,3600
20240123,12:10:33,366.0,150,3600
20240123,12:10:46,364.75,50,3600
20240123,12:11:30,367.75,150,3600
20240123,12:11:44,372.95,50,3600
20240123,12:12:06,372.1,50,3600
20240123,12:12:21,373.2,50,3600
20240123,12:12:54,372.3,50,3600
20240123,12:13:17,375.1,250,3600
20240123,12:14:14,376.7,50,3600
20240123,12:14:29,372.1,50,3600
20240123,12:15:39,376.7,50,3800
20240123,12:18:05,386.75,100,3800
20240123,12:18:13,385.2,50,3850
20240123,12:18:35,375.55,100,3850
20240123,12:21:12,370.0,50,3900
20240123,12:24:46,370.0,100,3900
20240123,12:26:05,368.85,50,3900
20240123,12:26:21,371.15,50,3900
20240123,12:29:56,380.25,50,3850
20240123,12:30:19,379.8,100,3900
20240123,12:30:56,384.55,200,3900
20240123,12:31:15,383.15,50,3900
20240123,12:33:06,376.45,50,3900
20240123,12:35:01,388.95,50,4000
20240123,12:37:06,386.85,50,4050
20240123,12:38:20,384.9,500,4050
20240123,12:38:43,384.3,500,4050
20240123,12:41:39,383.35,50,4000
20240123,12:45:25,380.0,150,4050
20240123,12:45:55,374.3,50,4050
20240123,12:46:15,371.15,50,4050
20240123,12:46:35,367.25,100,4050
20240123,12:47:32,369.5,50,4050
20240123,12:50:48,380.85,150,4150
20240123,12:52:18,383.0,50,4300
20240123,12:54:08,377.1,300,4300
20240123,12:57:00,376.05,50,4650
20240123,12:58:11,365.55,100,4700
20240123,12:58:41,365.0,50,4700
20240123,12:59:23,359.5,50,4700
20240123,13:01:10,366.15,100,4900
20240123,13:01:22,366.15,200,4900
20240123,13:02:13,363.85,250,4900
20240123,13:03:42,366.0,50,5400
20240123,13:07:19,363.3,50,5450
20240123,13:09:33,350.1,50,5500
20240123,13:09:53,351.3,100,5500
20240123,13:10:06,347.95,50,5500
20240123,13:10:16,348.5,100,5500
20240123,13:10:50,343.45,50,5500
20240123,13:11:00,342.6,150,5500
20240123,13:11:11,344.25,50,5500
20240123,13:11:26,347.2,600,5500
20240123,13:11:39,349.15,200,5500
20240123,13:12:15,348.5,500,6400
20240123,13:15:48,349.95,600,5900
20240123,13:16:34,354.0,50,5900
20240123,13:18:26,353.9,50,6400
20240123,13:18:38,356.5,100,6400
20240123,13:21:13,350.5,50,6400
20240123,13:21:40,349.7,150,6500
20240123,13:22:53,351.5,50,6500
20240123,13:24:01,351.45,50,6500
20240123,13:25:05,350.65,100,6500
20240123,13:25:50,349.15,50,6500
20240123,13:26:14,350.45,600,6500
20240123,13:26:43,342.0,100,6500
20240123,13:27:39,353.05,50,6350
20240123,13:28:00,348.85,100,6350
20240123,13:29:05,356.9,100,6350
20240123,13:30:33,353.1,100,6500
20240123,13:30:54,356.85,150,6500
20240123,13:31:18,356.5,100,6500
20240123,13:32:42,350.0,50,6500
20240123,13:34:05,349.3,50,6800
20240123,13:34:10,350.85,50,6800
20240123,13:34:35,350.85,50,6800
20240123,13:37:37,351.7,100,6900
20240123,13:38:48,355.05,100,6900
20240123,13:39:05,352.85,200,6900
20240123,13:40:35,349.25,50,7100
20240123,13:41:18,345.85,200,7100
20240123,13:43:04,345.85,100,7250
20240123,13:43:22,345.0,50,7250
20240123,13:47:00,352.7,50,7350
20240123,13:47:54,352.7,100,7350
20240123,13:48:24,356.35,200,7400
20240123,13:48:42,355.3,250,7400
20240123,13:50:27,350.85,100,7400
20240123,13:51:08,343.8,50,7400
20240123,13:51:56,335.2,150,7800
20240123,13:52:13,330.0,550,7800
20240123,13:52:28,330.0,100,7800
20240123,13:52:59,333.35,100,7800
20240123,13:53:28,334.95,100,7800
20240123,13:54:13,334.95,150,7800
20240123,13:54:29,333.0,100,8800
20240123,13:55:03,333.65,50,8800
20240123,13:55:18,331.95,100,8800
20240123,13:55:55,331.95,50,8800
20240123,13:57:55,330.4,150,8800
20240123,13:58:12,325.0,150,8800
20240123,13:58:24,322.5,100,8800
20240123,13:59:12,326.4,50,8800
20240123,14:03:43,330.65,50,8950
20240123,14:04:12,330.65,50,8950
20240123,14:04:38,335.2,50,8950
20240123,14:05:21,335.15,100,8950
20240123,14:06:01,338.55,100,8950
20240123,14:06:18,336.8,50,8950
20240123,14:06:40,336.8,50,9100
20240123,14:07:04,336.15,100,9100
20240123,14:09:28,330.45,450,9100
20240123,14:11:39,333.0,450,9100
20240123,14:11:51,331.85,100,9100
20240123,14:12:44,326.2,150,9550
20240123,14:14:18,327.4,150,9550
20240123,14:15:14,324.25,150,9550
20240123,14:15:18,326.8,100,9550
20240123,14:16:04,320.0,1250,9750
20240123,14:16:10,320.05,100,9750
20240123,14:16:36,322.55,150,9750
20240123,14:16:51,326.95,50,9750
20240123,14:19:18,322.85,50,10850
20240123,14:20:10,319.1,100,10850
20240123,14:21:05,315.0,150,10850
20240123,14:21:18,315.65,300,10850
20240123,14:21:50,314.75,50,10900
20240123,14:22:04,311.7,50,10900
20240123,14:23:47,307.2,100,10900
20240123,14:23:59,308.45,50,10900
20240123,14:24:10,305.0,50,10900
20240123,14:24:37,304.1,500,10950
20240123,14:25:11,302.4,200,10950
20240123,14:25:23,296.4,100,10950
20240123,14:26:00,300.3,250,10950
20240123,14:26:29,295.0,100,10950
20240123,14:28:02,285.1,50,11750
20240123,14:31:32,297.2,50,11800
20240123,14:31:50,299.9,50,11800
20240123,14:32:12,297.4,250,11800
20240123,14:33:06,297.4,50,11800
20240123,14:34:17,297.35,50,12000
20240123,14:35:11,288.0,100,12000
20240123,14:35:21,292.2,50,12000
20240123,14:35:40,292.05,1450,12000
20240123,14:37:08,292.05,50,13450
20240123,14:37:30,292.4,100,13450
20240123,14:37:44,291.2,50,13450
20240123,14:38:12,291.2,250,13450
20240123,14:38:56,283.45,100,13450
20240123,14:39:00,283.7,100,13450
20240123,14:39:25,282.55,50,13450
20240123,14:39:54,280.4,50,13550
20240123,14:41:23,289.5,50,13550
20240123,14:44:11,280.4,50,13600
20240123,14:44:54,277.7,50,13600
20240123,14:50:24,295.05,100,13650
20240123,14:50:34,292.8,50,13650
20240123,14:50:52,293.6,100,13650
20240123,14:51:02,299.95,200,13650
20240123,14:51:11,297.95,50,13650
20240123,14:51:25,289.85,50,13650
20240123,14:52:06,296.85,50,13750
20240123,14:52:30,295.3,50,13750
20240123,14:52:46,293.2,50,13750
20240123,14:53:28,287.15,300,13750
20240123,14:54:17,285.35,100,13750
20240123,14:55:12,285.35,50,14150
20240123,14:55:36,285.35,200,14150
20240123,14:57:01,279.85,150,14150
20240123,14:57:50,275.0,50,14450
20240123,14:58:36,274.45,200,14450
20240123,14:58:49,270.0,100,14450
20240123,14:59:02,271.6,900,14450
20240123,14:59:26,270.55,1050,14450
20240123,15:00:07,274.25,100,14450
20240123,15:00:38,270.6,200,14700
20240123,15:01:32,273.8,350,14700
20240123,15:01:41,270.6,300,14700
20240123,15:01:47,270.0,50,14700
20240123,15:02:04,265.0,50,14700
20240123,15:02:13,260.0,1350,14700
20240123,15:02:32,259.0,300,14700
20240123,15:02:44,261.35,750,14700
20240123,15:03:09,257.9,100,14700
20240123,15:03:10,256.75,300,14700
20240123,15:03:25,257.9,100,14700
20240123,15:04:30,253.05,50,15700
20240123,15:05:06,253.05,50,15700
20240123,15:05:32,254.6,250,15700
20240123,15:06:32,260.55,50,15650
20240123,15:06:44,256.6,100,15650
20240123,15:08:34,270.0,50,15650
20240123,15:09:05,277.85,1800,15650
20240123,15:09:18,267.85,150,15650
20240123,15:09:32,271.6,50,17450
20240123,15:09:38,269.0,50,17450
20240123,15:09:50,270.55,1000,17450
20240123,15:10:07,275.0,600,17450
20240123,15:10:15,277.0,50,17450
20240123,15:10:36,272.55,100,17450
20240123,15:10:49,274.3,100,17450
20240123,15:12:08,270.2,100,17450
20240123,15:13:07,271.95,50,17900
20240123,15:13:20,272.4,1250,17900
20240123,15:14:00,271.4,50,17900
20240123,15:14:39,272.4,50,17900
20240123,15:15:19,272.05,50,17900
20240123,15:16:56,277.95,200,18700
20240123,15:17:17,274.85,50,18700
20240123,15:18:52,277.75,100,18750
20240123,15:19:10,275.95,100,18750
20240123,15:19:27,275.0,50,18750
20240123,15:19:32,274.85,50,18750
20240123,15:20:30,282.0,100,18750
20240123,15:20:34,282.45,200,18750
20240123,15:20:52,278.9,350,18750
20240123,15:20:59,279.45,700,18750
20240123,15:21:08,279.35,50,18750
20240123,15:21:16,280.7,50,18750
20240123,15:21:29,279.55,150,18750
20240123,15:22:18,279.95,100,18900
20240123,15:23:21,281.85,150,18900
20240123,15:23:28,280.05,100,18900
20240123,15:24:07,277.5,100,18900
20240123,15:24:29,277.75,500,18900
20240123,15:24:55,276.05,150,19050
20240123,15:25:06,276.55,100,19050
20240123,15:25:28,276.55,50,19050
20240123,15:26:42,277.6,50,19050
20240123,15:27:16,276.2,500,19050
20240123,15:28:50,276.25,50,19100
20240123,15:29:16,273.9,50,19100
20240123,15:29:59,271.3,1,19100
20240124,09:15:06,280.75,1,19100
20240124,09:15:06,280.75,100,19100
20240124,09:15:21,269.6,100,19100
20240124,09:15:46,270.3,200,19100
20240124,09:15:54,272.6,250,19100
20240124,09:16:19,273.7,150,19100
20240124,09:16:27,272.45,750,19100
20240124,09:16:42,273.7,1050,19100
20240124,09:18:14,264.5,300,18850
20240124,09:18:26,263.6,50,18850
20240124,09:18:37,255.7,250,18850
20240124,09:19:11,255.7,450,18850
20240124,09:19:21,255.7,50,18850
20240124,09:19:45,254.05,150,18850
20240124,09:20:17,252.4,100,18850
20240124,09:20:48,266.65,100,18850
20240124,09:21:00,278.95,150,18400
20240124,09:21:11,270.0,50,18400
20240124,09:22:04,292.65,250,18400
20240124,09:22:16,292.65,200,18400
20240124,09:22:27,292.65,700,18400
20240124,09:23:10,300.7,50,18400
20240124,09:23:21,300.7,50,18400
20240124,09:23:31,302.5,100,18400
20240124,09:24:12,298.55,100,18150
20240124,09:24:51,295.6,100,18150
20240124,09:25:11,292.6,100,18150
20240124,09:25:21,298.75,50,18150
20240124,09:25:32,293.85,50,18150
20240124,09:25:54,287.65,50,18150
20240124,09:26:16,285.0,500,18150
20240124,09:26:37,283.6,50,18150
20240124,09:27:08,286.35,50,17600
20240124,09:27:27,290.7,50,17600
20240124,09:28:35,289.75,50,17600
20240124,09:28:54,291.0,50,17600
20240124,09:29:16,294.85,100,17600
20240124,09:29:26,297.3,50,17600
20240124,09:29:46,299.7,50,17600
20240124,09:29:56,301.1,50,17800
20240124,09:30:18,298.45,50,17800
20240124,09:30:36,301.75,650,17800
20240124,09:30:46,302.7,400,17800
20240124,09:30:55,302.7,50,17800
20240124,09:31:45,309.0,1000,17800
20240124,09:31:57,313.0,50,17800
20240124,09:32:08,313.0,50,17800
20240124,09:32:49,315.85,50,17800
20240124,09:33:09,317.6,50,19200
20240124,09:33:20,320.1,100,19200
20240124,09:33:30,320.1,300,19200
20240124,09:33:52,312.7,650,19200
20240124,09:34:03,308.15,50,19200
20240124,09:34:36,308.6,150,19200
20240124,09:34:55,311.1,200,19200
20240124,09:35:15,317.4,250,19200
20240124,09:35:25,315.25,100,19200
20240124,09:35:35,312.2,50,19200
20240124,09:36:23,315.6,450,19950
20240124,09:36:33,312.0,100,19950
20240124,09:36:43,310.0,50,19950
20240124,09:37:11,313.7,50,19950
20240124,09:37:59,318.8,100,19950
20240124,09:38:29,323.1,50,19950
20240124,09:38:50,323.1,50,19950
20240124,09:39:10,320.75,50,20350
20240124,09:39:19,320.1,50,20350
20240124,09:39:40,321.6,50,20350
20240124,09:40:25,328.4,50,20350
20240124,09:40:36,328.4,100,20350
20240124,09:41:07,321.6,50,20350
20240124,09:41:18,317.7,50,20350
20240124,09:41:58,316.65,100,20300
20240124,09:44:44,323.0,50,20300
20240124,09:45:14,324.6,50,20350
20240124,09:45:23,327.2,100,20350
20240124,09:45:43,329.95,150,20350
20240124,09:45:54,332.5,650,20350
20240124,09:46:05,333.0,150,20350
20240124,09:46:17,330.9,50,20350
20240124,09:46:39,333.15,50,20350
20240124,09:46:50,337.1,100,20350
20240124,09:47:02,337.1,50,20350
20240124,09:47:13,334.55,500,20350
20240124,09:47:24,335.45,250,20350
20240124,09:47:46,340.0,50,20350
20240124,09:47:57,340.0,500,20250
20240124,09:48:08,336.3,100,20250
20240124,09:48:19,333.25,50,20250
20240124,09:48:58,333.45,50,20250
20240124,09:49:09,325.1,100,20250
20240124,09:49:20,330.25,150,20250
20240124,09:49:30,328.85,50,20250
20240124,09:49:49,330.85,50,20250
20240124,09:50:09,336.65,100,20250
20240124,09:50:19,334.6,200,20250
20240124,09:50:38,335.85,50,20250
20240124,09:50:48,335.85,50,20250
20240124,09:51:07,334.0,100,19900
20240124,09:52:07,334.0,50,19900
20240124,09:52:49,334.35,50,19900
20240124,09:52:58,336.7,50,19900
20240124,09:53:26,335.05,100,19900
20240124,09:53:44,336.1,50,19900
20240124,09:54:31,339.2,50,19900
20240124,09:54:36,338.2,50,19800
20240124,09:54:48,343.2,50,19800
20240124,09:54:49,343.2,50,19800
20240124,09:55:34,355.95,200,19800
20240124,09:55:47,355.95,750,19800
20240124,09:56:09,361.05,350,19800
20240124,09:56:21,361.05,50,19800
20240124,09:56:32,361.1,600,19800
20240124,09:56:43,361.85,150,19800
20240124,09:56:55,366.15,1950,19800
20240124,09:57:07,367.0,3100,18400
20240124,09:57:19,373.8,1200,18400
20240124,09:57:31,374.95,100,18400
20240124,09:57:43,369.6,1800,18400
20240124,09:57:53,369.4,50,18400
20240124,09:58:03,367.95,450,18400
20240124,09:58:23,370.3,400,18400
20240124,09:58:33,374.1,50,18400
20240124,09:58:55,381.05,50,18400
20240124,09:59:07,382.75,2250,18400
20240124,09:59:18,379.05,1300,18400
20240124,09:59:29,379.05,200,18400
20240124,09:59:58,380.25,450,18400
20240124,10:00:08,386.3,900,19200
20240124,10:00:19,391.95,650,19200
20240124,10:00:32,394.6,100,19200
20240124,10:00:43,392.95,600,19200
20240124,10:00:53,390.05,400,19200
20240124,10:01:04,391.25,250,19200
20240124,10:01:16,391.2,350,19200
20240124,10:01:28,381.55,1200,19200
20240124,10:01:39,385.1,1400,19200
20240124,10:01:59,393.55,150,19200
20240124,10:02:08,384.1,50,19200
20240124,10:02:19,386.35,750,19200
20240124,10:02:29,384.6,350,19200
20240124,10:02:40,381.0,450,19200
20240124,10:02:52,374.6,1100,19200
20240124,10:03:03,374.45,400,17000
20240124,10:03:13,372.0,50,17000
20240124,10:03:24,370.15,200,17000
20240124,10:03:34,368.55,200,17000
20240124,10:03:46,357.45,500,17000
20240124,10:03:59,357.4,850,17000
20240124,10:04:11,357.3,150,17000
20240124,10:04:22,362.3,100,17000
20240124,10:04:32,357.0,400,17000
20240124,10:04:43,352.45,200,17000
20240124,10:04:55,351.25,50,17000
20240124,10:05:07,356.45,400,17000
20240124,10:05:20,356.5,150,17000
20240124,10:05:31,361.55,300,17000
20240124,10:05:42,364.2,1100,17000
20240124,10:05:53,368.2,100,17000
20240124,10:06:04,371.45,1750,16850
20240124,10:06:15,372.15,800,16850
20240124,10:06:26,376.0,400,16850
20240124,10:06:36,375.5,50,16850
20240124,10:06:48,376.8,350,16850
20240124,10:06:59,378.1,1400,16850
20240124,10:07:10,377.35,150,16850
20240124,10:07:23,369.85,900,16850
20240124,10:07:35,375.0,100,16850
20240124,10:07:45,376.15,50,16850
20240124,10:07:55,373.9,150,16850
20240124,10:08:05,372.25,50,16850
20240124,10:08:25,367.95,100,16850
20240124,10:08:36,364.05,100,16850
20240124,10:08:47,366.0,100,16850
20240124,10:08:58,363.5,450,16850
20240124,10:09:08,360.85,100,17550
20240124,10:09:19,358.5,500,17550
20240124,10:09:29,358.25,50,17550
20240124,10:09:39,361.85,100,17550
20240124,10:09:49,359.1,100,17550
20240124,10:09:59,357.3,100,17550
20240124,10:10:10,349.85,350,17550
20240124,10:10:22,348.1,450,17550
20240124,10:10:33,347.5,450,17550
20240124,10:10:44,351.5,1150,17550
20240124,10:10:55,356.05,200,17550
20240124,10:11:05,351.0,850,17550
20240124,10:11:16,350.2,450,17550
20240124,10:11:28,349.9,550,17550
20240124,10:11:40,348.4,950,17550
20240124,10:11:51,346.5,750,17550
20240124,10:12:35,343.9,100,17300
20240124,10:12:45,343.9,50,17300
20240124,10:12:54,346.4,50,17300
20240124,10:13:04,346.4,100,17300
20240124,10:13:14,345.5,50,17300
20240124,10:13:46,342.85,450,17300
20240124,10:13:56,343.55,50,17300
20240124,10:15:06,353.9,50,17400
20240124,10:15:16,353.7,100,17400
20240124,10:15:37,362.8,150,17400
20240124,10:15:49,365.25,600,17400
20240124,10:16:00,367.75,150,17400
20240124,10:16:11,368.05,400,17400
20240124,10:16:31,367.35,50,17400
20240124,10:17:02,366.6,150,17400
20240124,10:17:53,372.4,300,17400
20240124,10:18:03,373.15,100,17300
20240124,10:18:13,375.0,50,17300
20240124,10:18:33,370.65,50,17300
20240124,10:18:43,372.7,50,17300
20240124,10:18:55,369.8,700,17300
20240124,10:19:07,365.35,200,17300
20240124,10:19:17,365.8,400,17300
20240124,10:19:27,368.25,100,17300
20240124,10:19:55,371.85,50,17300
20240124,10:20:05,372.8,200,17300
20240124,10:20:15,374.3,50,17300
20240124,10:20:44,375.85,100,17300
20240124,10:20:55,376.25,100,17300
20240124,10:21:06,379.55,200,17100
20240124,10:21:17,376.7,150,17100
20240124,10:21:27,376.1,50,17100
20240124,10:21:47,376.9,850,17100
20240124,10:21:56,378.95,100,17100
20240124,10:22:06,379.3,1050,17100
20240124,10:22:17,379.25,50,17100
20240124,10:22:27,378.7,50,17100
20240124,10:22:36,378.3,300,17100
20240124,10:22:49,373.3,250,17100
20240124,10:23:00,375.5,550,17100
20240124,10:23:21,375.15,50,17100
20240124,10:24:00,380.25,50,17100
20240124,10:24:10,378.15,500,18100
20240124,10:24:39,378.3,50,18100
20240124,10:24:49,376.2,350,18100
20240124,10:25:28,381.0,50,18100
20240124,10:26:18,377.25,150,18100
20240124,10:26:39,371.4,100,18100
20240124,10:26:49,372.35,50,18100
20240124,10:26:59,375.3,350,18100
20240124,10:27:40,386.0,800,18350
20240124,10:27:53,386.0,300,18350
20240124,10:28:04,384.5,650,18350
20240124,10:28:16,381.7,500,18350
20240124,10:28:57,377.55,50,18350
20240124,10:29:26,380.35,300,18350
20240124,10:29:45,376.1,150,18350
20240124,10:29:56,378.95,150,18350
20240124,10:30:16,377.25,250,17650
20240124,10:30:36,373.65,100,17650
20240124,10:30:46,374.3,400,17650
20240124,10:30:57,380.0,200,17650
20240124,10:31:07,385.0,300,17650
20240124,10:31:18,383.85,200,17650
20240124,10:31:39,386.25,50,17650
20240124,10:31:49,390.0,150,17650
20240124,10:31:59,387.25,350,17650
20240124,10:32:09,385.75,100,17650
20240124,10:32:20,385.75,50,17650
20240124,10:32:58,385.75,50,17650
20240124,10:33:17,390.6,300,16800
20240124,10:33:26,390.95,50,16800
20240124,10:33:36,389.65,150,16800
20240124,10:33:45,392.0,50,16800
20240124,10:33:55,393.0,200,16800
20240124,10:34:16,391.05,50,16800
20240124,10:34:57,388.8,550,16800
20240124,10:35:06,390.85,100,16800
20240124,10:35:35,388.1,650,16800
20240124,10:36:03,387.4,50,16800
20240124,10:36:33,392.35,50,16800
20240124,10:37:01,391.2,1050,16500
20240124,10:37:10,393.6,100,16500
20240124,10:37:41,385.05,500,16500
20240124,10:38:00,386.2,100,16500
20240124,10:38:09,384.0,600,16500
20240124,10:38:11,381.0,1800,16500
20240124,10:38:22,379.9,100,16500
20240124,10:38:26,376.9,50,16500
20240124,10:38:27,376.2,50,16500
20240124,10:38:31,378.25,100,16500
20240124,10:38:35,379.7,350,16500
20240124,10:38:54,380.0,50,16500
20240124,10:39:31,373.6,200,13850
20240124,10:40:12,382.9,750,13850
20240124,10:40:22,381.3,200,13850
20240124,10:40:43,375.0,200,13850
20240124,10:40:54,372.1,100,13850
20240124,10:41:04,378.05,250,13850
20240124,10:41:54,375.55,50,13850
20240124,10:42:32,373.4,100,14800
20240124,10:42:52,373.65,50,14800
20240124,10:43:12,375.3,350,14800
20240124,10:44:31,368.7,300,14800
20240124,10:44:40,367.75,50,14800
20240124,10:44:52,362.3,100,14800
20240124,10:45:03,362.8,650,14800
20240124,10:45:25,350.15,400,13800
20240124,10:45:36,346.0,150,13800
20240124,10:45:47,348.05,100,13800
20240124,10:45:58,350.85,100,13800
20240124,10:46:08,355.4,50,13800
20240124,10:46:18,355.4,50,13800
20240124,10:46:28,350.2,400,13800
20240124,10:46:37,353.75,50,13800
20240124,10:46:47,352.5,50,13800
20240124,10:47:56,352.15,600,13800
20240124,10:48:05,352.15,50,14150
20240124,10:48:36,352.65,50,14150
20240124,10:50:24,358.2,50,14150
20240124,10:50:34,357.4,50,14150
20240124,10:50:44,359.0,100,14150
20240124,10:50:55,357.6,50,14150
20240124,10:51:05,353.7,300,14050
20240124,10:51:24,354.15,50,14050
20240124,10:51:35,358.0,100,14050
20240124,10:52:43,355.4,350,14050
20240124,10:53:11,353.35,100,14050
20240124,10:53:42,358.95,250,14050
20240124,10:53:51,359.0,50,14050
20240124,10:54:10,361.9,600,14150
20240124,10:54:21,365.35,200,14150
20240124,10:54:43,368.5,550,14150
20240124,10:54:54,367.3,400,14150
20240124,10:55:04,368.3,50,14150
20240124,10:55:25,369.05,100,14150
20240124,10:56:26,369.1,400,14150
20240124,10:57:05,364.5,300,14150
20240124,10:57:25,365.75,300,13900
20240124,10:57:35,368.15,100,13900
20240124,10:57:54,366.05,50,13900
20240124,10:58:23,363.8,50,13900
20240124,10:58:43,362.35,150,13900
20240124,10:59:03,358.65,900,13900
20240124,10:59:13,362.95,450,13900
20240124,10:59:52,357.65,100,13900
20240124,11:00:12,360.75,50,13100
20240124,11:00:30,364.25,50,13100
20240124,11:01:10,368.75,100,13100
20240124,11:01:48,364.65,150,13100
20240124,11:02:06,362.9,150,13100
20240124,11:06:02,365.75,250,13250
20240124,11:06:12,369.0,50,13250
20240124,11:06:23,369.75,50,13250
20240124,11:06:52,365.4,400,13250
20240124,11:07:01,365.0,50,13250
20240124,11:07:21,361.85,450,13250
20240124,11:07:50,359.5,850,13250
20240124,11:09:44,355.9,850,13250
20240124,11:10:03,356.35,50,13250
20240124,11:10:13,353.7,200,13250
20240124,11:10:31,355.9,50,13250
20240124,11:10:41,359.1,300,13250
20240124,11:11:00,357.2,600,13250
20240124,11:11:10,359.1,50,13250
20240124,11:11:38,360.0,150,13250
20240124,11:11:59,355.55,50,13250
20240124,11:12:11,359.1,300,13700
20240124,11:15:05,358.95,100,13700
20240124,11:15:26,355.5,300,13650
20240124,11:15:35,357.55,450,13650
20240124,11:16:14,364.65,50,13650
20240124,11:16:53,364.65,200,13650
20240124,11:17:58,363.4,50,13650
20240124,11:18:35,363.4,50,13450
20240124,11:21:55,364.5,50,13400
20240124,11:23:38,355.0,50,13400
20240124,11:23:47,353.0,50,13400
20240124,11:24:26,351.0,400,13550
20240124,11:24:44,354.4,50,13550
20240124,11:24:53,349.85,50,13550
20240124,11:25:02,347.85,1000,13550
20240124,11:25:39,347.45,450,13550
20240124,11:25:49,343.9,50,13550
20240124,11:25:59,343.15,50,13550
20240124,11:26:21,333.5,100,13550
20240124,11:26:32,325.65,150,13550
20240124,11:26:43,319.4,800,13550
20240124,11:26:54,326.55,1600,13550
20240124,11:27:33,322.25,50,15800
20240124,11:27:42,323.8,150,15800
20240124,11:28:02,317.7,50,15800
20240124,11:28:13,320.55,500,15800
20240124,11:28:23,319.1,350,15800
20240124,11:28:32,320.55,150,15800
20240124,11:28:41,317.75,300,15800
20240124,11:28:51,317.25,50,15800
20240124,11:29:01,312.85,50,15800
20240124,11:29:11,314.1,100,15800
20240124,11:29:22,310.55,100,15800
20240124,11:29:34,306.0,200,15800
20240124,11:29:45,309.45,150,15800
20240124,11:29:55,306.1,150,15800
20240124,11:30:06,307.6,100,15800
20240124,11:30:16,305.45,100,15750
20240124,11:30:27,300.0,800,15750
20240124,11:30:39,298.5,1300,15750
20240124,11:30:51,295.4,1400,15750
20240124,11:31:02,294.1,100,15750
20240124,11:31:14,288.75,1200,15750
20240124,11:31:39,290.3,400,15750
20240124,11:31:51,288.1,100,15750
20240124,11:32:02,285.0,200,15750
20240124,11:32:14,283.15,600,15750
20240124,11:32:25,282.15,500,15750
20240124,11:32:37,276.3,200,15750
20240124,11:32:48,277.3,100,15750
20240124,11:32:58,276.0,100,15750
20240124,11:33:09,274.45,200,15750
20240124,11:33:31,281.5,600,17700
20240124,11:33:51,283.55,250,17700
20240124,11:34:01,289.1,300,17700
20240124,11:34:12,298.1,200,17700
20240124,11:34:23,293.9,50,17700
20240124,11:34:44,290.7,200,17700
20240124,11:35:14,300.0,100,17700
20240124,11:35:55,302.0,50,17700
20240124,11:36:06,306.7,150,17700
20240124,11:36:31,315.55,450,17100
20240124,11:36:42,316.1,700,17100
20240124,11:36:54,330.3,100,17100
20240124,11:37:06,328.35,150,17100
20240124,11:37:17,322.95,300,17100
20240124,11:37:28,325.95,800,17100
20240124,11:37:38,324.2,50,17100
20240124,11:37:48,321.85,150,17100
20240124,11:38:08,325.1,100,17100
20240124,11:38:18,322.5,450,17100
20240124,11:38:30,317.6,150,17100
20240124,11:38:41,317.25,50,17100
20240124,11:38:52,310.6,100,17100
20240124,11:39:02,314.5,150,17100
20240124,11:39:13,316.0,100,17100
20240124,11:39:23,311.0,50,17100
20240124,11:39:33,313.6,200,17100
20240124,11:39:43,312.4,1050,17100
20240124,11:40:02,313.45,200,17100
20240124,11:40:12,314.55,650,17100
20240124,11:40:42,309.45,300,17100
20240124,11:41:05,309.45,600,17100
20240124,11:41:25,308.2,200,17100
20240124,11:41:45,313.95,100,17100
20240124,11:42:05,310.7,750,17100
20240124,11:42:15,314.65,150,17100
20240124,11:42:26,316.55,700,16950
20240124,11:42:46,319.25,150,16950
20240124,11:42:57,319.2,50,16950
20240124,11:43:17,315.95,100,16950
20240124,11:44:17,317.65,150,16950
20240124,11:45:29,317.6,50,16900
20240124,11:47:06,317.6,150,16900
20240124,11:48:13,315.55,100,17100
20240124,11:48:32,315.55,50,17100
20240124,11:48:42,312.5,50,17100
20240124,11:49:02,309.95,650,17100
20240124,11:49:30,309.6,300,17100
20240124,11:49:59,313.3,600,17100
20240124,11:50:09,314.4,50,17100
20240124,11:50:20,313.7,50,17100
20240124,11:50:39,312.4,150,17100
20240124,11:51:07,311.55,50,17100
20240124,11:51:35,315.1,100,18150
20240124,11:52:02,310.55,100,18150
20240124,11:53:46,313.55,100,18150
20240124,11:54:05,311.65,400,18150
20240124,11:55:13,316.05,100,18000
20240124,11:55:32,317.7,100,18000
20240124,11:55:51,317.0,50,18000
20240124,11:56:09,316.0,500,18000
20240124,11:56:38,312.7,50,18000
20240124,11:56:48,314.35,650,18000
20240124,12:00:35,307.25,100,19000
20240124,12:01:03,307.1,100,19000
20240124,12:01:40,310.6,350,19000
20240124,12:01:59,308.95,50,19000
20240124,12:02:34,305.25,200,19000
20240124,12:02:44,303.2,350,19000
20240124,12:02:55,304.8,200,19000
20240124,12:03:23,302.9,200,18700
20240124,12:03:43,300.0,250,18700
20240124,12:04:04,298.65,50,18700
20240124,12:04:47,289.1,100,18700
20240124,12:05:17,290.3,50,18700
20240124,12:05:48,286.0,50,18700
20240124,12:05:57,288.5,50,18700
20240124,12:06:07,285.05,100,18700
20240124,12:06:30,296.9,150,18900
20240124,12:06:41,294.0,50,18900
20240124,12:07:12,289.95,50,18900
20240124,12:09:11,291.55,50,18900
20240124,12:09:29,294.05,100,19000
20240124,12:09:58,293.9,50,19000
20240124,12:10:26,296.5,50,19000
20240124,12:10:56,296.15,50,19000
20240124,12:12:01,300.0,250,19000
20240124,12:12:46,292.45,50,19150
20240124,12:13:05,290.25,50,19150
20240124,12:16:29,298.75,50,19200
20240124,12:16:39,299.8,100,19200
20240124,12:18:57,297.3,50,19100
20240124,12:20:12,312.55,100,19100
20240124,12:20:42,304.9,500,19100
20240124,12:21:12,304.9,50,19100
20240124,12:21:31,302.75,50,19650
20240124,12:22:11,298.2,150,19650
20240124,12:22:31,293.6,50,19650
20240124,12:23:18,296.25,50,19650
20240124,12:25:11,292.2,50,19650
20240124,12:25:20,292.2,50,19650
20240124,12:25:48,287.2,50,19650
20240124,12:27:32,291.15,50,19650
20240124,12:27:52,285.0,100,19650
20240124,12:28:04,282.5,50,19650
20240124,12:28:15,282.5,50,19650
20240124,12:28:38,278.0,750,19650
20240124,12:28:49,279.5,550,19650
20240124,12:29:11,287.4,100,19650
20240124,12:29:22,287.4,100,19650
20240124,12:30:02,292.75,50,19650
20240124,12:30:24,290.0,50,20250
20240124,12:31:31,290.0,100,20250
20240124,12:31:50,288.75,50,20250
20240124,12:31:59,288.85,50,20250
20240124,12:32:28,285.85,250,20250
20240124,12:33:35,280.0,50,20500
20240124,12:33:54,279.95,100,20500
20240124,12:34:14,279.3,50,20500
20240124,12:34:52,278.95,150,20500
20240124,12:35:40,281.75,50,20500
20240124,12:36:17,283.5,150,20500
20240124,12:36:26,283.0,50,20400
20240124,12:36:57,278.0,300,20400
20240124,12:37:25,282.8,200,20400
20240124,12:38:39,278.0,50,20400
20240124,12:43:41,288.9,200,19950
20240124,12:44:09,285.65,100,19950
20240124,12:44:18,284.55,150,19950
20240124,12:44:28,285.75,50,19950
20240124,12:47:22,293.9,150,20050
20240124,12:47:42,292.65,100,20050
20240124,12:48:30,293.8,50,19900
20240124,12:48:58,292.25,50,19900
20240124,12:49:49,301.8,50,19900
20240124,12:50:01,302.5,100,19900
20240124,12:50:11,300.65,50,19900
20240124,12:50:50,304.05,50,19900
20240124,12:51:00,307.45,600,19900
20240124,12:51:10,305.85,250,19900
20240124,12:51:31,307.4,50,20300
20240124,12:51:42,308.5,50,20300
20240124,12:52:02,309.7,200,20300
20240124,12:52:23,307.3,100,20300
20240124,12:52:44,308.0,50,20300
20240124,12:52:53,310.0,200,20300
20240124,12:53:04,308.8,100,20300
20240124,12:54:42,299.2,50,20150
20240124,12:55:32,307.2,450,20150
20240124,12:56:19,310.0,100,20150
20240124,12:56:38,309.5,50,20150
20240124,12:57:06,309.5,100,20150
20240124,12:58:09,307.95,50,20100
20240124,12:58:19,314.55,50,20100
20240124,12:59:01,313.95,50,20100
20240124,13:00:10,320.0,50,20100
20240124,13:00:32,319.05,50,20100
20240124,13:00:54,324.6,100,20100
20240124,13:01:07,327.7,150,20100
20240124,13:01:30,334.4,100,20100
20240124,13:02:03,331.75,50,20100
20240124,13:02:55,332.2,50,20100
20240124,13:03:34,340.0,50,20250
20240124,13:03:44,341.15,100,20250
20240124,13:03:54,336.65,100,20250
20240124,13:04:16,333.05,50,20250
20240124,13:05:05,332.7,50,20250
20240124,13:05:49,330.0,50,20250
20240124,13:05:59,327.0,200,20250
20240124,13:06:10,323.25,150,20250
20240124,13:06:21,323.0,150,20250
20240124,13:08:24,329.75,50,20050
20240124,13:09:13,326.4,50,20050
20240124,13:09:22,327.75,100,20050
20240124,13:09:32,325.65,50,20100
20240124,13:10:42,325.0,50,20100
20240124,13:10:52,331.0,50,20100
20240124,13:11:53,317.7,50,20100
20240124,13:12:03,320.55,50,20100
20240124,13:13:27,320.4,150,20050
20240124,13:15:10,324.95,50,20050
20240124,13:16:24,320.6,150,19900
20240124,13:16:43,315.35,50,19900
20240124,13:17:07,318.35,50,19900
20240124,13:18:31,321.0,50,19700
20240124,13:18:47,324.95,100,19700
20240124,13:18:51,328.95,50,19700
20240124,13:18:53,329.75,50,19700
20240124,13:19:00,331.45,50,19700
20240124,13:19:06,328.4,50,19700
20240124,13:19:16,332.45,50,19700
20240124,13:19:27,333.95,50,19700
20240124,13:19:36,338.25,50,19700
20240124,13:20:25,333.2,200,19700
20240124,13:20:43,338.0,50,19700
20240124,13:20:48,341.05,100,19700
20240124,13:21:36,333.7,50,19750
20240124,13:22:06,331.6,50,19750
20240124,13:23:25,322.75,150,19750
20240124,13:23:55,329.9,50,19750
20240124,13:24:53,322.3,50,19600
20240124,13:29:42,324.9,250,19600
20240124,13:31:04,331.35,50,19600
20240124,13:32:20,317.8,100,19600
20240124,13:32:47,320.0,50,19600
20240124,13:34:01,318.4,50,19550
20240124,13:34:42,313.05,50,19550
20240124,13:35:59,317.25,50,19550
20240124,13:36:18,320.3,50,19550
20240124,13:38:16,319.1,50,19500
20240124,13:39:25,324.45,100,19500
20240124,13:41:42,324.45,100,19500
20240124,13:42:46,319.55,900,19500
20240124,13:43:05,316.05,50,19500
20240124,13:43:25,313.05,50,19500
20240124,13:43:53,318.4,50,19500
20240124,13:44:21,320.2,50,19500
20240124,13:44:49,319.6,50,19500
20240124,13:45:09,320.55,100,19500
20240124,13:45:10,320.75,150,19500
20240124,13:46:35,323.0,50,19100
20240124,13:46:40,321.0,50,19100
20240124,13:47:44,325.55,50,19100
20240124,13:48:03,326.8,150,19100
20240124,13:49:18,327.25,50,19250
20240124,13:52:12,320.6,50,19250
20240124,13:52:51,321.1,200,19250
20240124,13:53:10,319.5,50,19250
20240124,13:56:31,327.25,50,19150
20240124,13:56:41,328.1,50,19150
20240124,13:58:03,327.55,50,19200
20240124,13:58:30,330.0,50,19200
20240124,13:59:07,334.15,100,19200
20240124,13:59:50,326.25,50,19200
20240124,14:01:47,340.15,150,19150
20240124,14:01:57,335.05,50,19150
20240124,14:02:18,335.25,100,19150
20240124,14:02:36,339.85,50,19150
20240124,14:02:46,336.15,50,19150
20240124,14:02:55,333.6,250,19150
20240124,14:03:14,335.35,50,19150
20240124,14:03:23,335.8,50,19150
20240124,14:04:01,338.95,100,19300
20240124,14:04:38,342.0,50,19300
20240124,14:05:09,342.0,150,19300
20240124,14:05:20,341.0,50,19300
20240124,14:05:32,349.9,350,19300
20240124,14:05:44,351.45,200,19300
20240124,14:05:55,350.1,50,19300
20240124,14:06:18,347.35,100,19300
20240124,14:06:37,345.0,250,18800
20240124,14:06:47,351.0,100,18800
20240124,14:06:57,350.65,50,18800
20240124,14:07:07,349.8,50,18800
20240124,14:07:17,349.8,150,18800
20240124,14:07:26,346.35,100,18800
20240124,14:07:35,350.05,50,18800
20240124,14:07:44,348.55,100,18800
20240124,14:08:03,348.55,550,18800
20240124,14:08:12,345.0,1100,18800
20240124,14:08:23,342.25,50,18800
20240124,14:08:33,338.4,100,18800
20240124,14:08:44,340.85,150,18800
20240124,14:08:54,342.75,50,18800
20240124,14:09:12,338.5,100,18800
20240124,14:09:22,339.6,200,18800
20240124,14:09:32,337.3,850,18800
20240124,14:09:43,335.75,50,19450
20240124,14:09:53,337.3,500,19450
20240124,14:10:12,335.0,100,19450
20240124,14:10:43,331.6,200,19450
20240124,14:10:52,333.55,50,19450
20240124,14:14:56,344.0,50,19300
20240124,14:16:21,340.1,100,19250
20240124,14:17:00,337.75,250,19250
20240124,14:17:09,339.65,150,19250
20240124,14:17:19,341.45,100,19250
20240124,14:17:47,339.5,100,19250
20240124,14:18:06,336.7,150,19250
20240124,14:18:16,339.5,250,19250
20240124,14:18:59,345.65,50,19150
20240124,14:19:28,345.2,50,19150
20240124,14:19:47,346.6,50,19150
20240124,14:20:16,347.1,50,19150
20240124,14:20:36,350.2,100,19150
20240124,14:21:07,355.0,900,19150
20240124,14:21:18,353.0,200,19150
20240124,14:21:29,355.0,150,19150
20240124,14:22:02,357.0,50,18100
20240124,14:22:23,355.4,50,18100
20240124,14:22:33,348.5,200,18100
20240124,14:23:31,357.0,300,18100
20240124,14:23:50,357.3,50,18100
20240124,14:24:11,356.0,50,18100
20240124,14:24:21,355.0,50,18100
20240124,14:25:02,355.0,50,17600
20240124,14:25:30,351.85,50,17600
20240124,14:26:45,354.0,50,17600
20240124,14:27:52,360.0,50,17650
20240124,14:28:02,360.15,200,17650
20240124,14:28:35,360.0,50,17650
20240124,14:28:56,364.35,50,17650
20240124,14:29:07,361.0,250,17650
20240124,14:30:10,361.0,50,17650
20240124,14:30:41,364.0,300,17650
20240124,14:30:53,366.85,50,17400
20240124,14:31:04,370.0,50,17400
20240124,14:31:26,367.7,400,17400
20240124,14:31:48,367.45,200,17400
20240124,14:31:57,362.05,100,17400
20240124,14:33:04,361.0,150,17400
20240124,14:33:13,361.0,50,17400
20240124,14:33:22,360.2,100,17400
20240124,14:34:10,363.2,50,17400
20240124,14:35:25,370.0,50,17400
20240124,14:35:36,373.05,100,17400
20240124,14:35:47,371.45,50,17400
20240124,14:35:59,373.45,100,17400
20240124,14:36:33,371.45,200,17400
20240124,14:37:02,368.8,50,17200
20240124,14:37:30,374.45,250,17200
20240124,14:38:08,370.1,250,17200
20240124,14:38:27,369.45,50,17200
20240124,14:39:21,369.6,250,17200
20240124,14:39:31,368.85,150,17200
20240124,14:39:40,370.25,500,16800
20240124,14:39:49,372.75,50,16800
20240124,14:40:08,374.1,500,16800
20240124,14:40:47,377.0,150,16800
20240124,14:41:20,375.65,200,16800
20240124,14:41:32,381.95,250,16800
20240124,14:42:16,382.3,50,16800
20240124,14:42:27,381.95,50,16800
20240124,14:42:37,382.0,50,16800
20240124,14:42:46,381.95,100,17100
20240124,14:42:56,383.5,50,17100
20240124,14:43:28,396.0,150,17100
20240124,14:43:40,396.0,50,17100
20240124,14:44:13,387.5,100,17100
20240124,14:44:23,386.45,50,17100
20240124,14:44:33,393.0,300,17100
20240124,14:45:44,390.35,50,16900
20240124,14:45:54,390.1,50,16900
20240124,14:46:03,390.95,50,16900
20240124,14:46:33,382.4,50,16900
20240124,14:46:43,383.15,50,16900
20240124,14:46:54,379.95,100,16900
20240124,14:47:04,380.1,50,16900
20240124,14:47:24,388.05,50,16900
20240124,14:47:34,387.95,100,16900
20240124,14:48:04,381.0,50,16900
20240124,14:48:13,380.05,50,16900
20240124,14:48:23,380.0,100,16900
20240124,14:48:32,380.0,100,16900
20240124,14:48:54,372.55,250,16650
20240124,14:51:28,391.2,100,16650
20240124,14:52:07,387.45,50,16550
20240124,14:52:51,384.95,50,16550
20240124,14:53:01,383.35,50,16550
20240124,14:54:35,391.0,50,16550
20240124,14:55:26,390.35,50,16400
20240124,14:55:35,390.55,100,16400
20240124,14:56:14,383.7,1150,16400
20240124,14:56:24,387.55,100,16400
20240124,14:57:21,384.1,50,16400
20240124,14:59:59,400.0,150,16150
20240124,15:00:11,399.0,50,16150
20240124,15:00:56,399.0,100,16100
20240124,15:01:28,401.0,100,16100
20240124,15:01:47,401.0,100,16100
20240124,15:02:08,394.0,250,16100
20240124,15:02:52,385.65,50,16100
20240124,15:03:16,366.3,100,16100
20240124,15:03:49,370.45,50,15750
20240124,15:03:59,367.0,50,15750
20240124,15:06:13,389.4,50,15750
20240124,15:08:50,388.0,350,15700
20240124,15:09:10,380.45,250,15700
20240124,15:09:21,380.35,50,15700
20240124,15:09:40,382.55,250,15700
20240124,15:09:50,384.9,50,15550
20240124,15:10:00,384.85,100,15550
20240124,15:12:42,387.5,50,15550
20240124,15:14:00,388.65,50,15450
20240124,15:14:46,391.0,50,15450
20240124,15:14:51,391.0,100,15450
20240124,15:15:41,393.25,350,15350
20240124,15:15:52,395.0,50,15350
20240124,15:16:26,396.15,100,15350
20240124,15:16:37,395.0,100,15350
20240124,15:16:58,400.95,150,15350
20240124,15:17:08,399.55,600,15350
20240124,15:17:19,400.4,50,15350
20240124,15:17:30,400.25,100,15350
20240124,15:18:02,403.15,500,15350
20240124,15:18:13,403.15,50,15350
20240124,15:18:24,399.8,100,15350
20240124,15:18:34,401.1,50,15350
20240124,15:19:11,402.15,50,15550
20240124,15:19:30,403.0,50,15550
20240124,15:19:51,402.5,200,15550
20240124,15:20:13,403.85,450,15550
20240124,15:20:23,404.45,1300,15550
20240124,15:20:41,400.6,100,15550
20240124,15:20:59,399.9,50,15550
20240124,15:21:19,400.0,50,15550
20240124,15:21:28,400.1,1000,15550
20240124,15:21:37,398.0,1800,15550
20240124,15:22:06,395.0,100,16000
20240124,15:22:15,397.15,50,16000
20240124,15:24:05,393.25,300,16000
20240124,15:24:16,392.7,150,16000
20240124,15:24:35,392.85,500,16000
20240124,15:25:29,395.3,400,16150
20240124,15:25:48,394.2,50,16150
20240124,15:26:06,396.5,50,16150
20240124,15:26:43,398.7,250,16150
20240124,15:27:03,400.0,50,16150
20240124,15:27:14,400.85,450,16150
20240124,15:27:44,401.0,100,16150
20240124,15:27:54,402.4,100,15050
20240124,15:28:21,400.05,500,15050
20240124,15:28:48,398.8,50,15050
20240124,15:29:07,398.0,350,15050
20240124,15:29:25,396.65,150,15050
20240125,09:15:09,370.0,1,14500
20240125,09:15:09,370.0,50,14500
20240125,09:15:21,361.4,1500,14500
20240125,09:15:32,351.0,1200,14500
20240125,09:15:53,351.0,100,14500
20240125,09:16:03,377.9,350,14500
20240125,09:16:14,367.4,50,14500
20240125,09:16:24,368.45,50,14500
20240125,09:16:33,370.45,150,14500
20240125,09:16:44,371.5,50,14500
20240125,09:16:53,364.45,50,14500
20240125,09:17:23,359.8,150,14500
20240125,09:17:33,361.5,1500,14500
20240125,09:18:18,352.85,200,16500
20240125,09:18:29,358.5,850,16500
20240125,09:18:49,356.35,100,16500
20240125,09:19:24,354.1,500,16500
20240125,09:19:59,349.2,300,16500
20240125,09:20:10,349.2,400,16500
20240125,09:21:16,356.1,50,16550
20240125,09:21:26,355.4,150,16550
20240125,09:21:35,352.85,50,16550
20240125,09:22:04,348.4,100,16550
20240125,09:22:14,348.4,300,16550
20240125,09:23:22,354.3,50,16550
20240125,09:23:42,345.45,1100,16550
20240125,09:23:52,336.65,700,16550
20240125,09:24:04,336.65,350,16550
20240125,09:24:15,333.05,550,17050
20240125,09:24:26,333.05,100,17050
20240125,09:24:36,335.9,400,17050
20240125,09:24:46,331.2,250,17050
20240125,09:24:57,329.0,1200,17050
20240125,09:25:08,337.35,2250,17050
20240125,09:25:38,334.45,100,17050
20240125,09:25:57,337.4,400,17050
20240125,09:26:17,340.0,50,17050
20240125,09:26:28,344.05,500,17050
20240125,09:26:38,342.15,100,17050
20240125,09:26:58,341.3,50,17050
20240125,09:27:08,346.3,650,20000
20240125,09:27:19,345.65,200,20000
20240125,09:27:51,352.0,50,20000
20240125,09:28:15,364.55,200,20000
20240125,09:28:46,362.3,50,20000
20240125,09:28:56,366.65,200,20000
20240125,09:29:07,363.9,100,20000
20240125,09:30:30,369.0,150,19950
20240125,09:30:41,364.7,750,19950
20240125,09:30:51,367.8,200,19950
20240125,09:31:01,370.75,100,19950
20240125,09:31:21,365.2,900,19950
20240125,09:31:31,363.2,750,19950
20240125,09:31:41,359.1,600,19950
20240125,09:31:52,357.05,100,19950
20240125,09:32:13,357.2,350,19950
20240125,09:32:23,354.7,900,19950
20240125,09:33:03,357.75,300,19950
20240125,09:33:13,353.75,100,19700
20240125,09:33:33,355.25,250,19700
20240125,09:34:11,352.7,300,19700
20240125,09:34:21,349.6,200,19700
20240125,09:34:32,348.65,250,19700
20240125,09:34:42,347.2,100,19700
20240125,09:35:03,344.35,350,19700
20240125,09:35:14,348.75,200,19700
20240125,09:35:25,346.55,950,19700
20240125,09:35:35,349.2,200,19700
20240125,09:35:44,349.3,150,19700
20240125,09:35:54,347.15,150,19700
20240125,09:36:03,348.15,450,19700
20240125,09:36:12,346.6,100,19650
20240125,09:36:23,345.5,650,19650
20240125,09:36:33,350.3,100,19650
20240125,09:36:35,348.85,100,19650
20240125,09:36:38,346.55,100,19650
20240125,09:36:48,348.05,100,19650
20240125,09:37:09,348.8,100,19650
20240125,09:37:16,346.55,200,19650
20240125,09:37:28,348.05,100,19650
20240125,09:37:29,350.25,100,19650
20240125,09:37:31,350.2,100,19650
20240125,09:37:35,350.65,50,19650
20240125,09:37:40,349.15,100,19650
20240125,09:37:43,348.25,50,19650
20240125,09:37:45,348.6,100,19650
20240125,09:37:56,348.55,450,19650
20240125,09:38:03,351.4,100,19650
20240125,09:38:08,353.7,100,19650
20240125,09:38:23,352.95,100,19650
20240125,09:38:30,357.2,100,19650
20240125,09:38:40,356.35,100,19650
20240125,09:39:18,353.7,300,20750
20240125,09:39:24,351.15,200,20750
20240125,09:39:29,348.55,100,20750
20240125,09:39:31,349.6,100,20750
20240125,09:39:39,348.25,100,20750
20240125,09:39:41,347.55,450,20750
20240125,09:39:54,346.1,100,20750
20240125,09:39:56,347.1,100,20750
20240125,09:40:02,343.95,200,20750
20240125,09:40:04,346.2,100,20750
20240125,09:40:05,346.0,100,20750
20240125,09:40:23,346.4,100,20750
20240125,09:40:33,350.25,100,20750
20240125,09:40:43,348.75,100,20750
20240125,09:40:55,352.55,500,20750
20240125,09:41:10,351.95,100,20750
20240125,09:41:47,356.15,100,20750
20240125,09:41:50,359.1,300,20750
20240125,09:41:51,358.1,300,20750
20240125,09:41:52,356.45,100,20750
20240125,09:42:04,348.3,150,20750
20240125,09:42:05,348.55,350,20750
20240125,09:42:19,350.75,100,20650
20240125,09:42:39,348.75,100,20650
20240125,09:42:57,348.35,100,20650
20240125,09:43:01,348.2,200,20650
20240125,09:43:04,348.35,50,20650
20240125,09:43:15,347.65,50,20650
20240125,09:43:36,346.6,50,20650
20240125,09:43:37,347.05,650,20650
20240125,09:43:52,347.6,150,20650
20240125,09:44:19,348.2,200,20650
20240125,09:44:25,345.0,50,20650
20240125,09:44:26,340.0,1050,20650
20240125,09:44:29,341.2,100,20650
20240125,09:44:39,336.7,100,20650
20240125,09:44:43,338.05,100,20650
20240125,09:44:44,337.75,100,20650
20240125,09:44:48,337.05,100,20650
20240125,09:44:53,337.7,650,20650
20240125,09:44:54,338.2,100,20650
20240125,09:44:55,338.2,100,20650
20240125,09:44:59,336.65,150,20650
20240125,09:45:13,335.9,100,22550
20240125,09:45:21,336.65,100,22550
20240125,09:46:01,334.5,100,22550
20240125,09:46:12,332.6,100,22550
20240125,09:46:22,335.5,750,22550
20240125,09:46:33,336.4,200,22550
20240125,09:46:44,341.5,500,22550
20240125,09:46:55,343.85,200,22550
20240125,09:47:17,344.2,100,22550
20240125,09:47:24,343.3,100,22550
20240125,09:47:27,342.5,150,22550
20240125,09:47:36,342.55,50,22550
20240125,09:47:42,338.85,50,22550
20240125,09:47:44,339.85,100,22550
20240125,09:47:45,341.5,100,22550
20240125,09:47:48,341.1,100,22550
20240125,09:47:57,341.55,700,22550
20240125,09:48:00,341.5,100,22550
20240125,09:48:03,344.8,50,22550
20240125,09:48:18,346.2,50,22650
20240125,09:48:26,344.1,100,22650
20240125,09:48:48,345.55,100,22650
20240125,09:49:08,349.15,200,22650
20240125,09:49:10,348.75,100,22650
20240125,09:49:21,354.2,300,22650
20240125,09:49:23,352.05,200,22650
20240125,09:49:27,350.85,100,22650
20240125,09:49:29,348.75,50,22650
20240125,09:49:30,348.6,150,22650
20240125,09:49:48,347.65,100,22650
20240125,09:49:55,346.45,100,22650
20240125,09:50:00,348.55,100,22650
20240125,09:50:21,349.7,100,22650
20240125,09:50:23,349.3,100,22650
20240125,09:50:34,348.55,150,22650
20240125,09:50:43,348.3,300,22650
20240125,09:53:39,339.85,100,22650
20240125,09:53:46,338.3,700,22750
20240125,09:53:51,340.65,100,22750
20240125,09:54:02,337.2,100,22750
20240125,09:54:12,337.9,550,23350
20240125,09:54:40,334.8,50,23350
20240125,09:54:42,333.0,350,23350
20240125,09:54:50,333.3,350,23350
20240125,09:54:54,333.0,900,23350
20240125,09:55:06,332.75,500,23350
20240125,09:55:18,333.0,50,23350
20240125,09:55:28,338.75,250,23350
20240125,09:55:34,339.3,100,23350
20240125,09:55:37,340.6,50,23350
20240125,09:55:38,341.55,300,23350
20240125,09:55:41,344.3,50,23350
20240125,09:55:45,342.2,100,23350
20240125,09:56:03,339.2,750,23350
20240125,09:56:37,340.2,900,23350
20240125,09:57:49,340.0,100,24250
20240125,09:58:38,340.4,100,24250
20240125,09:58:48,339.55,50,24250
20240125,09:58:58,343.2,100,24250
20240125,09:59:24,344.8,300,24250
20240125,09:59:29,341.0,50,24250
20240125,10:00:08,338.3,150,24250
20240125,10:00:40,339.3,300,24400
20240125,10:01:24,335.8,450,24400
20240125,10:01:42,334.0,450,24400
20240125,10:01:44,332.0,100,24400
20240125,10:01:50,333.1,200,24400
20240125,10:01:59,332.55,100,24400
20240125,10:02:28,332.8,450,24400
20240125,10:02:51,334.85,100,24400
20240125,10:03:00,336.05,100,24400
20240125,10:03:56,339.45,100,24700
20240125,10:04:31,336.75,100,24700
20240125,10:04:41,336.55,50,24700
20240125,10:05:01,337.75,50,24700
20240125,10:06:01,342.85,750,24700
20240125,10:06:23,341.55,100,24250
20240125,10:06:32,339.55,50,24250
20240125,10:07:02,339.05,150,24250
20240125,10:08:01,342.9,50,24250
20240125,10:08:27,342.3,100,24250
20240125,10:08:30,342.6,250,24250
20240125,10:08:45,341.0,700,24250
20240125,10:08:46,341.0,900,24250
20240125,10:08:47,341.0,1700,24250
20240125,10:08:48,341.0,350,24250
20240125,10:08:49,341.0,150,24250
20240125,10:08:52,341.0,6200,24250
20240125,10:09:05,337.7,50,24250
20240125,10:09:24,339.55,50,33450
20240125,10:09:48,337.3,50,33450
20240125,10:09:52,332.9,50,33450
20240125,10:09:53,331.55,100,33450
20240125,10:09:54,330.65,150,33450
20240125,10:10:23,338.85,50,33450
20240125,10:11:16,333.9,200,33450
20240125,10:12:30,335.35,50,33300
20240125,10:12:47,333.9,50,33300
20240125,10:12:58,335.35,50,33300
20240125,10:13:13,335.0,50,33300
20240125,10:13:18,336.35,50,33300
20240125,10:13:19,334.45,50,33300
20240125,10:13:32,336.6,1000,33300
20240125,10:15:10,335.75,150,33300
20240125,10:15:58,333.0,400,33550
20240125,10:16:05,332.35,250,33550
20240125,10:16:17,330.0,150,33550
20240125,10:16:35,328.85,50,33550
20240125,10:16:36,325.7,100,33550
20240125,10:16:48,325.7,250,33550
20240125,10:17:05,326.85,50,33550
20240125,10:17:07,325.0,150,33550
20240125,10:17:36,321.75,250,33550
20240125,10:17:52,321.75,150,33550
20240125,10:18:00,321.1,100,33550
20240125,10:18:01,321.1,100,33550
20240125,10:18:02,321.9,50,33550
20240125,10:18:13,321.15,50,34300
20240125,10:18:20,321.35,50,34300
20240125,10:18:27,321.25,50,34300
20240125,10:18:34,322.4,150,34300
20240125,10:18:37,321.85,450,34300
20240125,10:18:39,322.45,50,34300
20240125,10:18:45,323.85,50,34300
20240125,10:18:48,323.7,50,34300
20240125,10:19:12,320.9,50,34300
20240125,10:19:17,320.1,500,34300
20240125,10:19:34,320.0,150,34300
20240125,10:19:56,320.5,600,34300
20240125,10:19:57,318.8,350,34300
20240125,10:20:01,318.8,250,34300
20240125,10:20:19,315.0,50,34300
20240125,10:20:20,314.45,50,34300
20240125,10:20:35,308.9,150,34300
20240125,10:20:58,308.9,500,34300
20240125,10:21:10,307.0,150,34300
20240125,10:21:22,305.35,100,35400
20240125,10:21:34,305.35,100,35400
20240125,10:21:45,310.3,50,35400
20240125,10:21:55,313.4,400,35400
20240125,10:22:27,315.15,50,35400
20240125,10:22:48,310.2,200,35400
20240125,10:22:58,308.05,300,35400
20240125,10:23:09,307.0,500,35400
20240125,10:23:55,311.25,50,35400
20240125,10:24:07,310.3,50,35400
20240125,10:24:38,309.7,150,36200
20240125,10:24:47,310.3,50,36200
20240125,10:24:58,308.8,100,36200
20240125,10:25:09,309.6,150,36200
20240125,10:25:19,308.8,50,36200
20240125,10:25:24,308.8,500,36200
20240125,10:25:47,309.1,50,36200
20240125,10:25:56,310.9,150,36200
20240125,10:27:25,317.7,100,36850
20240125,10:27:35,314.7,100,36850
20240125,10:27:45,317.2,50,36850
20240125,10:27:54,314.7,550,36850
20240125,10:28:04,315.95,50,36850
20240125,10:28:25,317.3,100,36850
20240125,10:28:33,318.55,200,36850
20240125,10:28:58,315.85,300,36850
20240125,10:29:01,315.85,150,36850
20240125,10:29:04,314.05,50,36850
20240125,10:29:38,320.0,100,36850
20240125,10:30:10,319.7,100,36850
20240125,10:30:20,318.4,100,36950
20240125,10:30:41,319.2,300,36950
20240125,10:31:02,314.5,100,36950
20240125,10:31:12,314.0,2000,36950
20240125,10:31:48,319.95,100,36950
20240125,10:32:13,320.0,650,36950
20240125,10:32:14,320.0,1350,36950
20240125,10:32:32,321.2,400,36950
20240125,10:32:43,322.1,50,36950
20240125,10:33:03,325.0,550,36950
20240125,10:33:24,320.0,100,37450
20240125,10:33:28,321.15,50,37450
20240125,10:33:33,321.05,150,37450
20240125,10:33:56,317.95,50,37450
20240125,10:33:57,319.55,50,37450
20240125,10:33:59,318.25,100,37450
20240125,10:34:00,317.75,100,37450
20240125,10:34:55,311.4,400,37450
20240125,10:35:15,313.6,250,37450
20240125,10:35:54,313.6,100,37450
20240125,10:36:05,311.35,400,37450
20240125,10:36:15,310.0,50,37450
20240125,10:36:45,310.0,350,38350
20240125,10:36:55,309.0,50,38350
20240125,10:37:53,315.1,50,38350
20240125,10:38:52,318.0,100,38350
20240125,10:39:02,320.4,100,38350
20240125,10:39:48,319.25,50,38500
20240125,10:40:27,321.7,50,38500
20240125,10:40:36,320.65,600,38500
20240125,10:40:56,326.9,250,38500
20240125,10:41:18,326.4,50,38500
20240125,10:42:22,315.95,50,38500
20240125,10:42:23,315.25,550,39200
20240125,10:42:28,315.1,50,39200
20240125,10:43:39,311.15,50,39200
20240125,10:43:50,308.0,50,39200
20240125,10:43:59,308.8,100,39200
20240125,10:44:01,309.25,50,39200
20240125,10:44:12,314.3,50,39200
20240125,10:44:23,312.0,350,39200
20240125,10:44:32,313.2,100,39200
20240125,10:44:42,315.8,900,39200
20240125,10:44:53,315.85,850,39200
20240125,10:45:52,315.85,100,39950
20240125,10:46:23,312.65,100,39950
20240125,10:46:32,313.3,100,39950
20240125,10:46:51,315.0,50,39950
20240125,10:47:21,316.45,300,39950
20240125,10:47:32,313.75,50,39950
20240125,10:47:49,314.45,50,39950
20240125,10:48:02,315.2,300,39950
20240125,10:48:08,314.95,100,39950
20240125,10:49:06,316.45,50,40150
20240125,10:49:34,314.35,50,40150
20240125,10:50:22,316.5,150,40150
20240125,10:51:59,308.0,100,40100
20240125,10:52:27,312.4,350,40100
20240125,10:52:56,311.0,50,40100
20240125,10:53:05,308.0,150,40100
20240125,10:53:24,308.55,100,40100
20240125,10:53:35,305.0,50,40100
20240125,10:53:56,305.0,50,40100
20240125,10:54:16,302.5,250,40100
20240125,10:54:28,299.0,350,40850
20240125,10:54:40,299.0,100,40850
20240125,10:55:15,291.4,500,40850
20240125,10:55:26,293.45,100,40850
20240125,10:55:37,294.1,100,40850
20240125,10:55:48,296.8,200,40850
20240125,10:56:00,294.35,200,40850
20240125,10:56:23,292.05,200,40850
20240125,10:56:35,291.9,100,40850
20240125,10:57:04,292.7,50,40850
20240125,10:58:18,292.5,150,41550
20240125,10:58:19,292.0,150,41550
20240125,10:58:29,292.05,50,41550
20240125,10:58:39,292.2,400,41550
20240125,10:58:42,292.0,150,41550
20240125,10:59:42,292.0,1900,41550
20240125,11:00:14,295.85,50,41550
20240125,11:01:10,295.4,150,43750
20240125,11:02:13,291.05,150,43750
20240125,11:02:56,291.05,100,43750
20240125,11:03:16,296.1,50,43750
20240125,11:03:24,299.85,300,43750
20240125,11:03:32,297.0,250,43750
20240125,11:03:40,297.05,50,43750
20240125,11:03:46,297.0,50,43750
20240125,11:03:46,297.65,50,43750
20240125,11:03:48,298.9,450,43750
20240125,11:04:02,299.55,50,43750
20240125,11:04:03,299.3,100,43750
20240125,11:04:04,298.0,50,43750
20240125,11:04:05,298.9,50,43750
20240125,11:04:09,297.65,50,43750
20240125,11:04:10,296.5,50,43750
20240125,11:04:39,295.0,50,43750
20240125,11:04:40,293.3,50,43750
20240125,11:04:44,293.25,250,43750
20240125,11:04:51,293.4,50,43750
20240125,11:05:42,293.2,50,43750
20240125,11:05:52,296.35,100,43750
20240125,11:10:49,303.0,1950,43950
20240125,11:11:20,302.5,50,43950
20240125,11:11:40,300.95,100,43950
20240125,11:11:50,305.0,200,43950
20240125,11:12:11,305.65,250,43950
20240125,11:12:31,303.6,1150,42900
20240125,11:13:24,303.1,100,42900
20240125,11:14:08,298.15,500,42900
20240125,11:14:36,300.0,50,42900
20240125,11:14:57,301.7,400,42900
20240125,11:15:27,298.8,50,42250
20240125,11:16:07,301.65,200,42250
20240125,11:17:27,305.65,50,42250
20240125,11:18:24,308.0,50,42050
20240125,11:18:30,307.85,100,42050
20240125,11:19:08,311.6,50,42050
20240125,11:19:09,311.25,50,42050
20240125,11:19:12,309.75,100,42050
20240125,11:19:41,311.2,50,42050
20240125,11:19:48,311.0,300,42050
20240125,11:19:49,309.45,100,42050
20240125,11:19:54,310.8,50,42050
20240125,11:19:59,311.0,100,42050
20240125,11:20:07,310.8,100,42050
20240125,11:20:25,310.75,50,42050
20240125,11:21:01,315.25,200,42050
20240125,11:21:27,316.85,450,42300
20240125,11:21:39,318.4,50,42300
20240125,11:21:57,321.35,50,42300
20240125,11:22:01,322.0,100,42300
20240125,11:22:02,323.3,100,42300
20240125,11:22:05,320.7,500,42300
20240125,11:22:30,323.0,450,42300
20240125,11:22:47,323.35,50,42300
20240125,11:23:01,317.1,50,42300
20240125,11:23:02,316.55,100,42300
20240125,11:24:05,315.5,50,42300
20240125,11:24:08,312.85,250,42300
20240125,11:24:18,315.5,50,42300
20240125,11:24:33,311.3,50,42200
20240125,11:24:40,310.5,50,42200
20240125,11:25:25,310.5,50,42200
20240125,11:26:01,315.0,50,42200
20240125,11:26:13,315.5,50,42200
20240125,11:27:06,311.3,50,42200
20240125,11:27:07,311.0,50,42200
20240125,11:27:09,310.0,50,42200
20240125,11:27:19,306.25,50,42200
20240125,11:27:21,306.2,100,42200
20240125,11:27:27,304.9,100,42150
20240125,11:27:51,305.9,450,42150
20240125,11:28:01,304.95,100,42150
20240125,11:28:27,304.7,250,42150
20240125,11:28:41,305.25,500,42150
20240125,11:29:59,309.7,300,42150
20240125,11:30:18,312.55,200,42150
20240125,11:30:37,316.15,50,42300
20240125,11:31:24,309.35,100,42300
20240125,11:31:38,306.0,50,42300
20240125,11:31:42,306.55,50,42300
20240125,11:34:10,306.3,50,42300
20240125,11:34:19,305.0,300,42300
20240125,11:34:38,306.7,100,42300
20240125,11:35:20,303.15,250,42300
20240125,11:35:32,305.2,800,42300
20240125,11:36:43,314.1,250,43100
20240125,11:37:30,318.65,300,43100
20240125,11:37:36,320.0,100,43100
20240125,11:37:38,321.0,300,43100
20240125,11:37:59,320.3,100,43100
20240125,11:38:10,320.65,250,43100
20240125,11:38:21,325.6,50,43100
20240125,11:38:42,324.4,50,43100
20240125,11:38:48,324.4,100,43100
20240125,11:38:54,325.0,50,43100
20240125,11:39:02,325.1,50,43100
20240125,11:39:03,329.35,50,43100
20240125,11:39:04,330.0,150,43100
20240125,11:39:06,332.1,100,43100
20240125,11:39:07,332.15,50,43100
20240125,11:39:12,338.05,100,43100
20240125,11:39:19,332.45,100,43100
20240125,11:39:22,332.8,150,43100
20240125,11:39:32,331.75,100,42500
20240125,11:39:44,334.05,200,42500
20240125,11:39:55,335.2,100,42500
20240125,11:40:05,339.75,450,42500
20240125,11:40:18,338.05,700,42500
20240125,11:40:24,339.35,600,42500
20240125,11:40:27,340.0,150,42500
20240125,11:40:33,343.15,800,42500
20240125,11:40:38,339.85,50,42500
20240125,11:40:43,339.2,450,42500
20240125,11:40:49,336.05,100,42500
20240125,11:41:09,339.0,50,42500
20240125,11:41:16,336.1,50,42500
20240125,11:41:19,339.0,150,42500
20240125,11:41:26,342.0,150,42500
20240125,11:41:31,341.2,100,42500
20240125,11:41:32,341.1,150,42500
20240125,11:41:34,341.1,300,42500
20240125,11:41:50,340.3,50,42500
20240125,11:42:02,336.3,50,42500
20240125,11:42:12,336.05,500,42500
20240125,11:42:17,337.5,50,42500
20240125,11:42:23,340.0,100,42500
20240125,11:42:28,343.6,50,42500
20240125,11:42:34,345.0,50,42500
20240125,11:42:35,342.7,50,42500
20240125,11:42:37,342.7,350,42500
20240125,11:42:40,341.85,100,42500
20240125,11:42:55,343.35,550,42500
20240125,11:43:02,342.15,750,42500
20240125,11:43:09,340.25,200,42500
20240125,11:43:54,331.85,100,42500
20240125,11:43:56,331.85,50,42500
20240125,11:44:03,330.0,350,42500
20240125,11:44:11,329.5,100,42500
20240125,11:44:22,329.45,50,42500
20240125,11:44:39,326.55,50,42500
20240125,11:44:55,329.6,300,42500
20240125,11:45:01,330.05,50,42500
20240125,11:45:17,322.3,350,42500
20240125,11:45:20,320.45,50,42500
20240125,11:45:40,327.65,50,43100
20240125,11:45:52,329.8,300,43100
20240125,11:45:55,331.65,600,43100
20240125,11:45:58,332.6,50,43100
20240125,11:46:02,331.75,100,43100
20240125,11:46:11,330.6,100,43100
20240125,11:46:24,327.65,100,43100
20240125,11:46:45,322.6,550,43100
20240125,11:47:05,320.0,50,43100
20240125,11:47:07,318.45,100,43100
20240125,11:47:22,315.0,50,43100
20240125,11:47:37,317.85,350,43100
20240125,11:48:10,317.6,150,43100
20240125,11:48:18,318.6,100,43100
20240125,11:49:08,315.2,300,43450
20240125,11:49:09,313.1,100,43450
20240125,11:49:12,311.0,50,43450
20240125,11:49:31,308.6,50,43450
20240125,11:49:41,310.4,300,43450
20240125,11:49:53,309.2,50,43450
20240125,11:50:03,308.0,300,43450
20240125,11:50:37,306.45,550,43450
20240125,11:50:48,306.8,100,43450
20240125,11:51:11,304.75,200,43450
20240125,11:51:21,304.2,100,43450
20240125,11:51:32,308.45,50,43450
20240125,11:52:24,306.75,100,43600
20240125,11:52:45,304.55,100,43600
20240125,11:53:57,303.55,350,43600
20240125,11:54:07,303.05,200,43600
20240125,11:54:28,300.0,150,43600
20240125,11:54:49,303.75,250,43700
20240125,11:55:00,307.3,100,43700
20240125,11:55:21,305.55,100,43700
20240125,11:55:53,302.5,300,43700
20240125,11:56:56,299.0,100,43700
20240125,11:57:07,298.5,50,43700
20240125,11:57:37,302.7,150,43850
20240125,11:57:58,304.25,100,43850
20240125,11:58:48,304.85,150,43850
20240125,11:59:07,310.0,100,43850
20240125,11:59:24,311.15,100,43850
20240125,11:59:37,310.05,100,43850
20240125,12:00:01,310.0,50,43850
20240125,12:00:19,311.55,50,43850
20240125,12:00:20,311.35,250,43850
20240125,12:00:38,310.0,200,44500
20240125,12:01:19,305.85,100,44500
20240125,12:01:39,310.65,150,44500
20240125,12:01:49,312.4,200,44500
20240125,12:02:06,313.6,100,44500
20240125,12:02:13,314.3,50,44500
20240125,12:02:48,310.55,100,44500
20240125,12:02:58,311.15,50,44500
20240125,12:03:38,314.25,200,44600
20240125,12:04:23,307.0,50,44600
20240125,12:04:34,306.0,50,44600
20240125,12:04:43,307.2,100,44600
20240125,12:04:52,308.95,100,44600
20240125,12:05:32,303.25,100,44600
20240125,12:05:59,304.0,50,44600
20240125,12:08:17,304.0,50,44700
20240125,12:09:05,310.65,300,44700
20240125,12:15:36,299.0,150,44650
20240125,12:16:20,298.55,800,44650
20240125,12:16:30,298.5,350,44650
20240125,12:17:37,298.5,650,44650
20240125,12:19:05,295.1,100,45350
20240125,12:19:36,296.35,50,45350
20240125,12:19:55,297.15,200,45350
20240125,12:20:04,297.0,50,45350
20240125,12:20:33,297.0,50,45350
20240125,12:20:43,295.0,250,45350
20240125,12:21:55,293.95,50,45150
20240125,12:24:30,298.95,150,45100
20240125,12:25:48,300.0,50,45100
20240125,12:26:32,298.6,50,45100
20240125,12:27:18,307.0,50,45100
20240125,12:27:50,309.5,50,45200
20240125,12:28:00,309.55,50,45200
20240125,12:28:12,306.4,50,45200
20240125,12:28:13,304.9,50,45200
20240125,12:29:01,307.15,50,45200
20240125,12:29:10,306.7,600,45200
20240125,12:29:58,299.85,50,45200
20240125,12:30:24,298.55,50,45200
20240125,12:30:27,298.4,100,45200
20240125,12:31:47,298.05,100,45850
20240125,12:33:14,296.0,300,45850
20240125,12:33:23,296.0,200,45850
20240125,12:33:58,293.65,50,45850
20240125,12:34:03,293.65,250,46150
20240125,12:34:18,294.85,300,46150
20240125,12:39:53,302.35,350,46200
20240125,12:40:13,304.85,100,46200
20240125,12:41:30,297.0,50,46200
20240125,12:43:13,293.0,800,45850
20240125,12:44:07,293.6,50,45850
20240125,12:47:50,296.5,50,45200
20240125,12:50:12,296.5,50,45200
20240125,12:51:59,291.05,50,45250
20240125,12:52:21,292.6,50,45250
20240125,12:53:06,295.55,50,45250
20240125,12:54:33,292.75,200,45250
20240125,12:55:00,290.45,50,45400
20240125,12:55:33,290.45,50,45400
20240125,12:56:17,290.0,250,45400
20240125,12:58:35,288.55,50,45650
20240125,12:58:40,288.55,50,45650
20240125,13:00:06,285.0,100,45650
20240125,13:00:26,285.0,100,45650
20240125,13:00:52,289.8,100,45650
20240125,13:01:01,291.5,50,45700
20240125,13:01:36,286.2,50,45700
20240125,13:02:51,292.85,50,45700
20240125,13:06:06,296.0,50,45800
20240125,13:06:16,295.5,100,45800
20240125,13:06:45,292.0,50,45850
20240125,13:07:49,293.2,50,45850
20240125,13:09:42,286.2,200,45800
20240125,13:13:06,290.4,50,46000
20240125,13:13:30,289.2,50,46000
20240125,13:13:38,289.65,50,46000
20240125,13:16:27,298.5,50,46150
20240125,13:17:05,296.45,50,46150
20240125,13:17:25,297.25,150,46150
20240125,13:18:40,290.0,50,46150
20240125,13:18:49,289.25,1500,46250
20240125,13:19:07,288.7,1500,46250
20240125,13:20:56,288.7,50,46250
20240125,13:21:44,289.25,100,43300
20240125,13:21:50,288.6,1500,43300
20240125,13:23:05,292.2,1050,43300
20240125,13:24:32,287.8,50,43300
20240125,13:25:25,285.0,50,42750
20240125,13:25:34,285.0,50,42750
20240125,13:26:22,285.0,50,42750
20240125,13:27:00,283.7,50,42750
20240125,13:27:38,283.7,50,42750
20240125,13:28:54,282.55,100,42850
20240125,13:29:23,281.35,300,42850
20240125,13:29:43,280.5,150,42850
20240125,13:29:53,282.0,150,42850
20240125,13:30:12,279.8,150,42850
20240125,13:31:10,279.8,50,43050
20240125,13:31:27,283.15,50,43050
20240125,13:32:17,278.6,200,43050
20240125,13:35:26,278.6,200,43100
20240125,13:36:18,282.0,200,43100
20240125,13:37:07,281.15,100,43000
20240125,13:38:58,282.75,300,43000
20240125,13:40:20,284.45,50,42900
20240125,13:41:12,281.45,150,42900
20240125,13:42:21,280.0,100,42900
20240125,13:43:31,281.95,50,42900
20240125,13:47:41,285.35,50,42900
20240125,13:48:44,288.4,50,42950
20240125,13:49:02,287.15,50,42950
20240125,13:49:44,287.9,50,42950
20240125,13:50:34,294.8,50,42950
20240125,13:50:44,293.4,50,42950
20240125,13:51:15,293.55,100,42950
20240125,13:51:25,292.55,50,42950
20240125,13:52:06,288.5,50,43100
20240125,13:52:35,290.8,50,43100
20240125,13:52:54,288.65,100,43100
20240125,13:54:00,285.0,150,43100
20240125,13:54:29,285.9,100,43100
20240125,13:55:06,281.25,100,43150
20240125,13:55:34,280.0,50,43150
20240125,13:55:45,280.15,100,43150
20240125,13:56:33,283.5,100,43150
20240125,13:56:53,287.45,100,43150
20240125,13:57:33,291.45,50,43150
20240125,13:58:12,290.0,250,43050
20240125,13:58:22,289.3,100,43050
20240125,14:00:47,286.0,350,42750
20240125,14:04:57,288.15,450,42450
20240125,14:05:19,289.5,50,42450
20240125,14:06:46,289.5,250,42450
20240125,14:07:52,285.15,100,42200
20240125,14:08:49,284.85,50,42200
20240125,14:09:53,286.0,50,42200
20240125,14:11:50,287.15,50,42100
20240125,14:13:03,287.0,50,42100
20240125,14:14:16,280.0,50,42100
20240125,14:14:53,280.0,300,42100
20240125,14:15:35,275.0,50,42100
20240125,14:15:57,275.0,100,42150
20240125,14:17:01,276.95,50,42150
20240125,14:17:43,274.95,50,42150
20240125,14:18:13,273.1,50,42150
20240125,14:18:23,273.1,50,42150
20240125,14:18:33,273.3,50,42150
20240125,14:20:05,272.8,50,42300
20240125,14:21:06,272.8,50,42300
20240125,14:21:41,276.5,50,42300
20240125,14:22:16,277.5,50,42300
20240125,14:23:01,274.4,100,42300
20240125,14:23:48,274.0,50,42300
20240125,14:24:19,274.75,50,42300
20240125,14:26:46,277.0,50,42450
20240125,14:26:55,278.1,100,42450
20240125,14:27:14,279.65,100,42450
20240125,14:34:00,274.45,50,42600
20240125,14:36:46,274.45,300,42600
20240125,14:37:04,275.9,50,42250
20240125,14:39:47,270.0,50,42250
20240125,14:40:51,270.0,150,42200
20240125,14:42:52,269.5,100,42250
20240125,14:43:07,267.55,50,42250
20240125,14:44:14,267.55,50,42250
20240125,14:44:58,270.5,100,42250
20240125,14:46:06,276.05,50,42400
20240125,14:46:19,276.05,200,42400
20240125,14:46:22,276.0,250,42400
20240125,14:46:49,274.45,500,42400
20240125,14:47:07,274.65,250,42400
20240125,14:47:15,273.4,500,42400
20240125,14:47:27,275.3,250,42400
20240125,14:47:34,276.9,50,42400
20240125,14:48:12,276.5,50,42400
20240125,14:49:10,273.0,50,43050
20240125,14:49:11,272.15,250,43050
20240125,14:49:12,272.2,50,43050
20240125,14:49:36,273.45,1000,43050
20240125,14:50:10,274.0,900,43050
20240125,14:50:42,273.55,50,43050
20240125,14:50:51,273.85,100,43050
20240125,14:51:01,274.2,300,43050
20240125,14:51:42,273.05,50,43050
20240125,14:51:56,271.6,100,44500
20240125,14:52:55,272.8,150,44500
20240125,14:54:46,272.8,100,44500
20240125,14:55:05,273.95,200,44850
20240125,14:55:28,274.7,100,44850
20240125,14:55:32,274.45,50,44850
20240125,14:56:21,275.0,50,44850
20240125,14:57:31,273.3,500,44850
20240125,14:57:40,271.0,50,44850
20240125,14:57:59,271.0,50,45050
20240125,14:58:35,271.0,50,45050
20240125,15:00:17,275.6,300,45050
20240125,15:00:25,273.9,50,45050
20240125,15:00:45,277.25,50,45050
20240125,15:00:46,277.65,100,45050
20240125,15:00:47,278.3,200,45050
20240125,15:00:49,277.25,50,45050
20240125,15:00:51,277.45,100,45050
20240125,15:01:01,276.75,50,45100
20240125,15:01:08,280.0,250,45100
20240125,15:01:26,279.0,50,45100
20240125,15:01:36,279.0,50,45100
20240125,15:01:37,279.45,50,45100
20240125,15:01:47,279.35,200,45100
20240125,15:01:51,280.5,100,45100
20240125,15:01:53,279.75,300,45100
20240125,15:01:54,280.2,200,45100
20240125,15:01:57,280.65,100,45100
20240125,15:02:01,281.1,50,45100
20240125,15:02:08,282.0,50,45100
20240125,15:02:09,282.0,100,45100
20240125,15:02:19,281.9,50,45100
20240125,15:02:23,281.55,50,45100
20240125,15:02:28,281.0,50,45100
20240125,15:02:31,281.4,200,45100
20240125,15:04:22,285.45,50,45650
20240125,15:04:33,285.0,50,45650
20240125,15:05:05,284.4,50,45650
20240125,15:05:28,285.5,150,45650
20240125,15:05:49,286.8,100,45650
20240125,15:06:00,287.4,300,45650
20240125,15:06:12,287.4,100,45650
20240125,15:06:22,287.0,150,45650
20240125,15:06:33,287.1,100,45650
20240125,15:06:44,287.95,100,45650
20240125,15:07:08,288.55,50,45850
20240125,15:07:18,288.15,100,45850
20240125,15:07:38,288.5,500,45850
20240125,15:07:48,287.55,50,45850
20240125,15:08:09,289.5,100,45850
20240125,15:08:19,289.0,100,45850
20240125,15:08:30,290.0,50,45850
20240125,15:08:40,290.25,550,45850
20240125,15:08:51,291.0,50,45850
20240125,15:09:12,290.95,50,45850
20240125,15:09:47,293.95,150,45850
20240125,15:09:58,293.5,100,45850
20240125,15:10:19,293.5,300,45950
20240125,15:10:53,294.0,100,45950
20240125,15:11:23,292.1,200,45950
20240125,15:11:33,291.1,150,45950
20240125,15:11:44,291.95,50,45950
20240125,15:11:55,294.0,100,45950
20240125,15:12:06,299.0,550,45950
20240125,15:12:17,300.0,50,45950
20240125,15:12:28,299.75,400,45950
20240125,15:12:39,301.0,150,45950
20240125,15:12:51,304.05,1850,45950
20240125,15:13:02,304.8,350,45700
20240125,15:13:13,305.0,50,45700
20240125,15:13:23,305.0,100,45700
20240125,15:13:25,304.7,150,45700
20240125,15:13:26,303.4,50,45700
20240125,15:13:31,304.05,50,45700
20240125,15:13:35,303.45,50,45700
20240125,15:13:38,305.0,750,45700
20240125,15:13:43,304.4,50,45700
20240125,15:13:52,303.3,100,45700
20240125,15:13:54,300.0,50,45700
20240125,15:13:55,300.2,450,45700
20240125,15:14:04,299.8,200,45700
20240125,15:14:05,300.55,50,45700
20240125,15:14:20,300.5,50,45700
20240125,15:14:24,299.3,450,45700
20240125,15:14:32,297.5,100,45700
20240125,15:14:38,298.0,600,45700
20240125,15:14:40,300.5,50,45700
20240125,15:14:42,299.5,150,45700
20240125,15:14:54,299.35,100,45700
20240125,15:15:01,298.5,250,45700
20240125,15:15:05,300.05,100,45700
20240125,15:15:41,296.35,400,45700
20240125,15:16:03,293.1,200,45250
20240125,15:16:14,292.85,50,45250
20240125,15:16:24,292.85,50,45250
20240125,15:16:48,292.55,100,45250
20240125,15:16:51,293.85,50,45250
20240125,15:17:05,293.5,50,45250
20240125,15:17:07,294.0,100,45250
20240125,15:17:17,294.6,450,45250
20240125,15:17:18,294.85,250,45250
20240125,15:17:51,296.0,100,45250
20240125,15:18:01,296.0,50,45250
20240125,15:18:11,298.1,100,45250
20240125,15:18:22,298.55,550,45250
20240125,15:18:33,297.75,100,45250
20240125,15:19:03,299.5,50,45250
20240125,15:19:13,302.0,1100,45850
20240125,15:19:24,303.65,300,45850
20240125,15:19:26,303.15,200,45850
20240125,15:19:38,301.3,50,45850
20240125,15:19:39,303.1,50,45850
20240125,15:19:41,303.35,50,45850
20240125,15:19:42,303.85,400,45850
20240125,15:19:46,303.55,700,45850
20240125,15:19:54,302.45,150,45850
20240125,15:20:01,302.4,300,45850
20240125,15:20:07,302.75,100,45850
20240125,15:20:08,302.75,100,45850
20240125,15:20:09,303.65,50,45850
20240125,15:20:20,303.9,200,45850
20240125,15:20:24,303.2,100,45850
20240125,15:20:26,304.2,500,45850
20240125,15:20:29,302.05,100,45850
20240125,15:20:30,302.0,200,45850
20240125,15:20:31,302.0,200,45850
20240125,15:20:33,302.4,200,45850
20240125,15:20:34,302.65,200,45850
20240125,15:20:35,303.25,200,45850
20240125,15:20:36,303.3,200,45850
20240125,15:20:37,303.4,150,45850
20240125,15:20:38,303.3,200,45850
20240125,15:20:40,301.95,200,45850
20240125,15:20:42,301.95,200,45850
20240125,15:20:47,301.65,50,45850
20240125,15:21:02,303.2,50,45850
20240125,15:21:08,305.25,200,45850
20240125,15:21:11,305.4,50,45850
20240125,15:21:40,304.6,300,45850
20240125,15:22:19,305.2,100,41450
20240125,15:22:28,305.25,50,41450
20240125,15:22:37,305.25,200,41450
20240125,15:22:56,304.0,150,41450
20240125,15:23:07,305.5,650,41450
20240125,15:23:17,304.8,300,41450
20240125,15:23:26,305.0,50,41450
20240125,15:23:36,305.95,300,41450
20240125,15:23:46,305.0,350,41450
20240125,15:23:58,304.15,3200,41450
20240125,15:24:10,303.0,50,41450
20240125,15:24:29,304.1,350,41450
20240125,15:24:38,304.0,50,41450
20240125,15:24:47,305.25,50,41450
20240125,15:24:56,304.4,650,41450
20240125,15:25:06,306.0,350,41350
20240125,15:25:26,305.9,100,41350
20240125,15:25:35,306.1,300,41350
20240125,15:25:44,306.65,1050,41350
20240125,15:25:54,308.0,550,41350
20240125,15:26:04,308.3,450,41350
20240125,15:26:14,310.0,50,41350
20240125,15:26:24,309.4,150,41350
20240125,15:26:34,309.85,50,41350
20240125,15:26:44,310.1,100,41350
20240125,15:26:54,313.5,150,41350
20240125,15:27:04,312.25,300,41350
20240125,15:27:15,313.1,550,41350
20240125,15:27:27,313.35,400,41350
20240125,15:27:39,314.5,500,41350
20240125,15:27:51,314.85,750,41350
20240125,15:28:24,312.85,600,41700
20240125,15:28:56,312.85,50,41700
20240125,15:29:07,309.95,150,41700
20240125,15:29:16,310.0,300,41700
20240125,15:29:26,308.35,150,41700
20240125,15:29:36,306.45,100,41700
20240125,15:29:48,306.7,250,41700
20240125,15:29:59,309.0,200,41700
20240129,09:15:01,315.0,1,42050
20240129,09:15:01,300.0,1850,42050
20240129,09:15:12,377.05,1200,42050
20240129,09:15:17,367.95,450,42050
20240129,09:15:23,371.85,1500,42050
20240129,09:15:27,372.0,500,42050
20240129,09:15:32,374.9,400,42050
20240129,09:15:36,372.0,2150,42050
20240129,09:15:40,371.85,50,42050
20240129,09:15:45,371.5,550,42050
20240129,09:15:49,372.55,200,42050
20240129,09:15:53,372.55,50,42050
20240129,09:15:57,378.45,450,42050
20240129,09:16:06,371.0,50,42050
20240129,09:16:11,370.2,1200,42050
20240129,09:16:15,371.35,250,42050
20240129,09:16:19,374.0,1050,42050
20240129,09:16:27,375.0,50,42050
20240129,09:16:31,375.25,150,42050
20240129,09:16:39,375.2,200,42050
20240129,09:16:43,375.95,1500,42050
20240129,09:16:52,376.65,150,42050
20240129,09:16:56,377.15,150,42050
20240129,09:17:00,376.7,50,42050
20240129,09:17:04,376.55,400,42050
20240129,09:17:08,378.35,50,42050
20240129,09:17:13,380.0,700,40750
20240129,09:17:22,376.0,700,40750
20240129,09:17:31,376.35,700,40750
20240129,09:17:35,373.95,300,40750
20240129,09:17:39,373.25,50,40750
20240129,09:17:47,373.0,50,40750
20240129,09:17:55,373.25,50,40750
20240129,09:17:57,370.8,350,40750
20240129,09:17:59,370.55,100,40750
20240129,09:18:02,373.65,600,40750
20240129,09:18:04,371.5,50,40750
20240129,09:18:12,370.5,100,40750
20240129,09:18:14,372.2,150,40750
20240129,09:18:17,373.4,200,40750
20240129,09:18:19,374.95,100,40750
20240129,09:18:25,376.2,250,40750
20240129,09:18:32,376.3,350,40750
20240129,09:18:48,378.1,250,40750
20240129,09:18:50,378.35,500,40750
20240129,09:18:52,380.0,50,40750
20240129,09:18:57,379.9,500,40750
20240129,09:19:00,382.0,700,40750
20240129,09:19:03,382.0,50,40750
20240129,09:19:08,379.7,750,40750
20240129,09:19:12,378.55,100,40750
20240129,09:19:20,380.75,100,40750
20240129,09:19:25,380.0,50,40750
20240129,09:19:51,380.1,500,40750
20240129,09:19:55,382.0,150,40750
20240129,09:19:56,383.95,100,40750
20240129,09:19:58,383.95,50,40750
20240129,09:20:01,385.0,350,40750
20240129,09:20:03,385.95,250,40750
20240129,09:20:04,388.0,50,40750
20240129,09:20:08,388.85,800,37400
20240129,09:20:11,389.65,100,37400
20240129,09:20:13,390.0,4250,37400
20240129,09:20:14,390.0,5350,37400
20240129,09:20:16,393.1,100,37400
20240129,09:20:26,398.15,50,37400
20240129,09:20:29,398.15,100,37400
20240129,09:20:31,399.0,250,37400
20240129,09:20:32,399.2,650,37400
20240129,09:20:39,400.0,100,37400
20240129,09:20:42,400.0,250,37400
20240129,09:21:01,403.6,1900,37400
20240129,09:21:02,404.25,350,37400
20240129,09:21:04,407.35,150,37400
20240129,09:21:06,407.35,100,37400
20240129,09:21:11,406.3,100,37400
20240129,09:21:12,408.15,100,37400
20240129,09:21:14,410.0,50,37400
20240129,09:21:17,412.65,350,37400
20240129,09:21:19,412.35,100,37400
20240129,09:21:22,412.2,100,37400
20240129,09:21:27,414.45,100,37400
20240129,09:21:29,414.45,50,37400
20240129,09:21:32,408.35,600,37400
20240129,09:21:34,409.7,50,37400
20240129,09:21:39,410.55,250,37400
20240129,09:21:41,406.65,200,37400
20240129,09:21:51,407.1,200,37400
20240129,09:22:00,406.6,100,37400
20240129,09:22:03,405.5,50,37400
20240129,09:22:05,408.45,200,37400
20240129,09:22:07,407.3,50,37400
20240129,09:22:10,408.8,100,37400
20240129,09:22:25,408.8,300,37400
20240129,09:22:32,407.2,100,37400
20240129,09:22:35,408.75,400,37400
20240129,09:22:42,405.2,100,37400
20240129,09:22:48,404.65,300,37400
20240129,09:22:53,403.85,50,37400
20240129,09:22:57,406.95,50,37400
20240129,09:23:01,410.0,50,37400
20240129,09:23:18,414.75,250,27100
20240129,09:23:32,417.0,100,27100
20240129,09:23:35,416.6,50,27100
20240129,09:23:53,415.8,50,27100
20240129,09:24:03,421.0,100,27100
20240129,09:24:08,421.0,50,27100
20240129,09:24:13,425.0,50,27100
20240129,09:24:14,425.05,600,27100
20240129,09:24:16,426.0,50,27100
20240129,09:24:19,428.3,50,27100
20240129,09:24:23,428.3,100,27100
20240129,09:24:33,428.95,1500,27100
20240129,09:24:36,428.95,100,27100
20240129,09:24:38,430.0,200,27100
20240129,09:24:59,430.0,100,27100
20240129,09:25:01,430.25,50,27100
20240129,09:25:04,433.45,100,27100
20240129,09:25:11,437.45,300,27100
20240129,09:25:14,439.85,50,27100
20240129,09:25:16,440.0,150,27100
20240129,09:25:18,442.55,250,27100
20240129,09:25:19,442.55,50,27100
20240129,09:25:23,444.2,150,27100
20240129,09:25:26,444.2,100,27100
20240129,09:25:31,443.35,300,27100
20240129,09:25:33,444.95,100,27100
20240129,09:25:36,444.95,100,27100
20240129,09:25:40,446.0,50,27100
20240129,09:25:41,446.0,200,27100
20240129,09:25:43,441.8,500,27100
20240129,09:25:46,439.85,100,27100
20240129,09:25:50,439.3,350,27100
20240129,09:25:51,440.2,150,27100
20240129,09:25:55,442.0,1200,27100
20240129,09:25:56,441.75,100,27100
20240129,09:25:58,442.0,300,27100
20240129,09:26:03,442.7,250,27100
20240129,09:26:05,442.55,300,27100
20240129,09:26:06,443.05,50,27100
20240129,09:26:08,441.55,100,24600
20240129,09:26:15,442.9,50,24600
20240129,09:26:26,444.95,50,24600
20240129,09:26:30,442.75,100,24600
20240129,09:26:31,442.65,100,24600
20240129,09:26:33,444.2,250,24600
20240129,09:26:36,444.85,100,24600
20240129,09:26:38,445.3,100,24600
20240129,09:26:58,447.0,50,24600
20240129,09:27:06,450.0,100,24600
20240129,09:27:10,450.6,150,24600
20240129,09:27:18,450.6,50,24600
20240129,09:27:20,442.0,400,24600
20240129,09:27:28,442.95,350,24600
20240129,09:27:30,446.4,100,24600
20240129,09:27:31,444.5,500,24600
20240129,09:27:33,442.8,50,24600
20240129,09:27:36,444.35,50,24600
20240129,09:27:46,436.75,50,24600
20240129,09:27:48,434.2,150,24600
20240129,09:27:53,434.7,500,24600
20240129,09:27:54,437.75,400,24600
20240129,09:28:18,437.75,50,24600
20240129,09:28:26,439.05,100,24600
20240129,09:28:30,441.95,300,24600
20240129,09:28:33,445.0,300,24600
20240129,09:28:41,448.2,150,24600
20240129,09:28:43,449.0,50,24600
20240129,09:28:58,448.15,100,24600
20240129,09:29:01,446.1,50,24600
20240129,09:29:03,447.25,50,24600
20240129,09:29:08,447.45,150,24600
20240129,09:29:16,442.4,150,25250
20240129,09:29:23,441.0,50,25250
20240129,09:29:46,438.6,100,25250
20240129,09:29:47,440.7,50,25250
20240129,09:29:51,439.55,50,25250
20240129,09:29:54,442.7,100,25250
20240129,09:29:59,445.0,50,25250
20240129,09:30:14,442.1,100,25250
20240129,09:30:31,445.05,450,25250
20240129,09:30:44,442.2,100,25250
20240129,09:30:49,445.0,50,25250
20240129,09:30:51,446.0,50,25250
20240129,09:30:54,443.9,50,25250
20240129,09:31:19,442.8,50,25250
20240129,09:31:21,440.0,500,25250
20240129,09:32:02,437.45,100,25250
20240129,09:32:04,434.3,200,25250
20240129,09:32:05,434.7,250,25250
20240129,09:32:12,432.85,50,24500
20240129,09:32:20,431.4,200,24500
20240129,09:32:29,433.35,100,24500
20240129,09:32:31,432.05,50,24500
20240129,09:32:35,432.3,250,24500
20240129,09:33:14,429.15,100,24500
20240129,09:33:27,427.5,150,24500
20240129,09:33:40,429.35,200,24500
20240129,09:33:55,429.35,50,24500
20240129,09:34:00,434.35,150,24500
20240129,09:34:09,442.0,100,24500
20240129,09:34:13,442.85,100,24500
20240129,09:34:17,445.0,50,24500
20240129,09:34:23,445.75,100,24500
20240129,09:34:35,445.75,100,24500
20240129,09:34:41,448.0,50,24500
20240129,09:34:50,447.75,100,24500
20240129,09:35:01,448.55,500,24500
20240129,09:35:16,442.35,50,24150
20240129,09:35:50,442.15,150,24150
20240129,09:36:08,439.1,100,24150
20240129,09:37:16,434.3,150,24150
20240129,09:37:18,437.35,100,24150
20240129,09:37:21,436.75,50,24150
20240129,09:37:46,437.65,100,24150
20240129,09:37:48,437.75,50,24150
20240129,09:38:03,437.45,50,24150
20240129,09:38:05,435.45,150,24150
20240129,09:38:21,434.4,50,24350
20240129,09:38:23,435.65,50,24350
20240129,09:38:30,435.2,100,24350
20240129,09:38:46,435.0,100,24350
20240129,09:38:55,437.75,400,24350
20240129,09:39:05,438.1,150,24350
20240129,09:39:30,436.0,50,24350
20240129,09:39:37,438.25,100,24350
20240129,09:40:18,442.2,50,24350
20240129,09:40:23,444.6,100,24350
20240129,09:40:26,442.1,50,24350
20240129,09:41:00,446.45,50,24350
20240129,09:41:04,447.05,1000,24350
20240129,09:41:13,446.85,50,24350
20240129,09:41:26,450.0,150,23400
20240129,09:41:36,451.0,50,23400
20240129,09:41:38,453.0,150,23400
20240129,09:41:48,455.0,50,23400
20240129,09:41:58,455.0,100,23400
20240129,09:42:16,447.85,50,23400
20240129,09:42:18,449.65,500,23400
20240129,09:42:43,440.65,100,23400
20240129,09:42:56,440.3,50,23400
20240129,09:43:00,442.8,250,23400
20240129,09:43:40,450.35,100,23400
20240129,09:43:43,446.95,100,23400
20240129,09:43:56,444.65,50,23400
20240129,09:44:10,445.35,100,23400
20240129,09:44:11,446.15,100,23400
20240129,09:44:23,448.6,100,23750
20240129,09:44:25,449.05,50,23750
20240129,09:44:26,446.6,100,23750
20240129,09:44:46,446.4,50,23750
20240129,09:48:00,442.6,50,23800
20240129,09:48:05,448.45,50,23800
20240129,09:48:21,443.9,250,23800
20240129,09:48:47,443.5,50,23800
20240129,09:49:08,449.3,100,23800
20240129,09:49:10,445.55,100,23800
20240129,09:50:45,450.15,500,23650
20240129,09:51:01,448.4,50,23650
20240129,09:51:16,449.85,100,23650
20240129,09:51:24,447.85,50,23650
20240129,09:51:55,448.05,50,23650
20240129,09:53:33,445.0,50,23300
20240129,09:53:36,445.0,100,23300
20240129,09:53:46,442.1,100,23300
20240129,09:53:48,440.3,100,23300
20240129,09:54:31,435.1,150,23300
20240129,09:54:38,438.3,450,23300
20240129,09:55:04,445.0,150,23300
20240129,09:56:22,442.0,50,23100
20240129,09:56:40,446.3,200,23100
20240129,09:57:09,451.0,50,23100
20240129,09:57:32,451.0,50,23100
20240129,09:58:25,468.6,50,23100
20240129,09:58:58,475.0,450,23100
20240129,09:59:00,475.45,100,23100
20240129,09:59:02,475.45,100,23100
20240129,09:59:05,480.0,50,23100
20240129,09:59:32,483.0,100,23100
20240129,09:59:43,485.65,50,23100
20240129,09:59:52,486.35,100,23100
20240129,10:00:03,490.0,200,23100
20240129,10:00:07,493.15,150,23100
20240129,10:00:08,494.6,100,23100
20240129,10:00:10,494.95,100,23100
20240129,10:00:12,496.2,100,23100
20240129,10:00:18,496.2,150,23100
20240129,10:00:20,490.95,100,23100
20240129,10:00:30,493.4,200,23100
20240129,10:00:48,492.05,50,23100
20240129,10:01:15,492.05,50,23100
20240129,10:01:25,485.7,50,23100
20240129,10:01:32,490.0,50,23100
20240129,10:02:08,480.95,100,23100
20240129,10:02:17,483.6,50,22600
20240129,10:02:18,482.2,50,22600
20240129,10:02:48,483.25,50,22600
20240129,10:03:50,486.05,100,22600
20240129,10:04:51,482.95,100,22600
20240129,10:05:08,478.95,50,22600
20240129,10:06:43,478.9,50,22650
20240129,10:08:41,472.8,50,22650
20240129,10:09:03,478.0,150,22650
20240129,10:09:04,476.85,50,22650
20240129,10:10:25,470.4,100,22650
20240129,10:10:50,472.8,300,22650
20240129,10:12:25,472.8,50,22700
20240129,10:13:01,477.3,100,22700
20240129,10:13:21,476.0,150,22700
20240129,10:13:39,477.1,100,22700
20240129,10:13:48,475.65,100,22700
20240129,10:13:49,472.8,100,22700
20240129,10:13:53,473.25,50,22700
20240129,10:13:56,475.15,150,22700
20240129,10:14:24,477.5,250,22700
20240129,10:14:34,475.25,50,22700
20240129,10:14:46,479.15,50,22700
20240129,10:16:26,482.0,50,22700
20240129,10:16:39,484.95,100,22700
20240129,10:17:09,489.8,100,22700
20240129,10:17:34,488.0,50,22800
20240129,10:18:29,480.15,50,22800
20240129,10:18:43,481.4,50,22800
20240129,10:19:09,480.3,50,22800
20240129,10:19:51,480.5,50,22800
20240129,10:19:55,481.45,100,22800
20240129,10:21:00,486.1,100,22800
20240129,10:21:50,484.6,100,22750
20240129,10:22:32,481.1,550,22750
20240129,10:23:35,483.7,100,23150
20240129,10:23:59,483.3,100,23150
20240129,10:25:10,483.3,50,23150
20240129,10:26:57,485.05,150,23200
20240129,10:27:42,480.4,200,23200
20240129,10:28:04,481.0,100,23200
20240129,10:29:25,481.0,150,22900
20240129,10:30:04,483.85,200,22900
20240129,10:30:34,477.15,100,22900
20240129,10:30:46,475.45,50,22900
20240129,10:30:58,475.0,200,22900
20240129,10:31:01,477.75,100,22900
20240129,10:31:06,478.1,100,22900
20240129,10:33:55,480.1,100,23000
20240129,10:34:12,483.7,100,23000
20240129,10:34:17,481.25,100,23000
20240129,10:35:37,484.6,50,22900
20240129,10:36:08,483.75,50,22900
20240129,10:36:11,483.7,50,22900
20240129,10:36:13,484.2,50,22900
20240129,10:37:14,488.0,50,22900
20240129,10:37:16,487.0,50,22900
20240129,10:38:02,488.85,150,22900
20240129,10:38:09,487.95,200,22900
20240129,10:39:52,493.55,100,22900
20240129,10:40:51,493.85,200,22900
20240129,10:41:50,492.9,50,22900
20240129,10:44:57,482.5,250,22900
20240129,10:45:04,482.95,50,22900
20240129,10:46:11,481.75,100,22900
20240129,10:48:10,483.0,50,22900
20240129,10:49:21,482.35,200,22750
20240129,10:50:41,483.55,50,22950
20240129,10:50:46,486.0,50,22950
20240129,10:52:15,486.0,50,22950
20240129,10:54:11,485.55,50,22950
20240129,10:56:19,490.0,50,22950
20240129,10:56:21,490.05,50,22900
20240129,10:57:20,496.0,100,22900
20240129,10:57:30,497.55,50,22900
20240129,10:57:31,498.0,50,22900
20240129,10:57:36,498.0,100,22900
20240129,11:01:32,493.65,50,22750
20240129,11:01:34,494.0,50,22750
20240129,11:06:22,497.0,50,22700
20240129,11:06:48,500.0,50,22700
20240129,11:08:02,500.0,50,22700
20240129,11:09:24,498.0,50,22700
20240129,11:10:03,499.5,50,22700
20240129,11:10:06,501.8,1750,22700
20240129,11:14:34,501.8,50,22150
20240129,11:19:19,488.65,50,22100
20240129,11:19:42,474.05,250,22100
20240129,11:19:44,468.0,50,22100
20240129,11:19:46,469.2,650,22100
20240129,11:20:02,482.0,300,22100
20240129,11:20:42,488.45,100,22750
20240129,11:21:49,465.0,50,22750
20240129,11:22:14,463.25,50,22750
20240129,11:22:40,464.2,1100,22750
20240129,11:23:37,460.0,100,23850
20240129,11:24:27,459.95,50,23850
20240129,11:24:49,458.3,500,23850
20240129,11:24:59,461.8,100,23850
20240129,11:26:17,467.4,100,23850
20240129,11:26:27,469.7,50,23650
20240129,11:28:12,472.95,50,23650
20240129,11:29:14,482.0,50,23650
20240129,11:29:30,483.6,100,23650
20240129,11:29:40,488.85,100,23650
20240129,11:30:07,488.55,50,23650
20240129,11:30:42,499.5,50,23650
20240129,11:31:19,493.35,100,23650
20240129,11:31:24,490.8,100,23650
20240129,11:31:34,489.85,100,23650
20240129,11:31:48,488.25,100,23650
20240129,11:33:17,470.6,50,23600
20240129,11:33:44,474.2,100,23600
20240129,11:34:12,475.2,200,23600
20240129,11:35:10,475.2,250,23600
20240129,11:35:22,478.6,50,23600
20240129,11:40:27,488.95,50,23600
20240129,11:40:52,488.45,50,23600
20240129,11:43:28,489.5,250,23600
20240129,11:44:36,490.0,100,23750
20240129,11:48:45,495.0,50,23750
20240129,11:49:14,495.95,50,23750
20240129,11:49:23,499.0,50,23750
20240129,11:49:39,497.55,50,23750
20240129,11:49:52,496.25,50,23750
20240129,11:50:00,496.8,50,23750
20240129,11:53:54,502.0,100,23750
20240129,11:54:03,505.0,50,23750
20240129,11:54:40,511.0,50,23750
20240129,11:54:48,511.0,150,23750
20240129,11:55:57,505.7,150,23750
20240129,11:56:20,500.2,100,23750
20240129,11:56:21,500.45,50,23750
20240129,11:56:24,498.85,100,23750
20240129,11:56:56,496.3,100,23450
20240129,11:56:58,498.1,50,23450
20240129,11:57:32,505.0,50,23450
20240129,12:01:50,508.35,50,23400
20240129,12:06:38,506.65,100,23400
20240129,12:12:57,505.25,50,23350
20240129,12:16:49,509.6,250,23400
20240129,12:22:29,509.6,50,23400
20240129,12:23:14,511.95,50,23400
20240129,12:23:31,512.8,100,23400
20240129,12:24:21,512.8,50,23300
20240129,12:26:49,496.2,100,23250
20240129,12:26:52,498.2,300,23250
20240129,12:28:12,502.0,50,23250
20240129,12:35:08,515.0,150,23600
20240129,12:35:09,520.0,50,23600
20240129,12:42:33,520.0,50,23600
20240129,12:45:29,525.0,250,23600
20240129,12:47:56,529.95,100,23600
20240129,12:47:59,530.2,50,23600
20240129,12:53:22,531.0,50,23500
20240129,12:55:39,534.0,50,23450
20240129,12:56:12,534.7,50,23450
20240129,12:58:57,537.0,50,23500
20240129,13:00:13,548.0,50,23500
20240129,13:09:34,548.0,100,23550
20240129,13:09:56,531.7,50,23550
20240129,13:10:28,531.0,50,23550
20240129,13:11:17,533.6,50,23550
20240129,13:15:54,541.0,50,23550
20240129,13:16:29,541.8,150,23550
20240129,13:19:18,530.0,50,23550
20240129,13:20:46,529.25,50,23650
20240129,13:20:59,530.0,50,23650
20240129,13:21:27,531.9,200,23650
20240129,13:23:06,528.7,100,23650
20240129,13:23:47,523.85,100,23600
20240129,13:23:59,521.05,250,23600
20240129,13:30:04,525.15,200,23600
20240129,13:31:31,528.0,50,23450
20240129,13:34:56,530.3,400,23450
20240129,13:50:26,546.0,50,23850
20240129,13:51:14,548.0,50,23850
20240129,13:52:04,555.0,100,23850
20240129,13:54:11,555.0,50,23750
20240129,13:55:19,555.0,50,23750
20240129,13:55:34,555.0,250,23750
20240129,13:56:35,551.45,50,23750
20240129,13:57:14,550.8,100,23800
20240129,13:58:42,550.45,200,23800
20240129,13:58:50,553.75,900,23800
20240129,13:59:24,556.95,50,23800
20240129,13:59:32,556.95,50,23800
20240129,13:59:42,557.6,50,23800
20240129,13:59:43,557.6,50,23800
20240129,13:59:53,557.6,100,23700
20240129,13:59:58,556.45,100,23700
20240129,14:01:37,565.0,50,23700
20240129,14:02:19,567.6,100,23700
20240129,14:03:29,568.75,50,23700
20240129,14:05:26,568.75,50,23700
20240129,14:08:37,561.55,100,23750
20240129,14:09:14,563.4,50,23750
20240129,14:09:48,558.5,100,23650
20240129,14:10:27,560.7,50,23650
20240129,14:13:28,551.35,150,23650
20240129,14:13:54,548.0,100,23650
20240129,14:16:21,540.0,50,23550
20240129,14:21:57,550.0,50,23550
20240129,14:23:38,550.0,50,23550
20240129,14:24:15,551.9,250,23550
20240129,14:25:27,553.0,250,23550
20240129,14:26:13,553.0,50,23550
20240129,14:27:58,550.0,400,23350
20240129,14:31:16,544.6,250,23550
20240129,14:32:49,533.3,100,23550
20240129,14:34:49,540.4,600,23550
20240129,14:38:36,555.0,150,23400
20240129,14:40:31,565.0,100,23550
20240129,14:51:31,565.0,50,23550
20240129,14:54:30,563.15,100,23600
20240129,14:56:19,562.45,300,23600
20240129,14:58:39,525.6,150,23700
20240129,14:58:41,527.85,350,23700
20240129,14:58:48,519.3,50,23700
20240129,14:58:51,517.95,100,23700
20240129,14:59:01,521.55,400,23700
20240129,14:59:06,520.7,300,23700
20240129,15:00:54,521.0,200,24500
20240129,15:03:54,526.5,100,24300
20240129,15:04:56,532.55,50,24300
20240129,15:05:43,532.55,50,24300
20240129,15:08:33,543.05,50,24350
20240129,15:13:24,542.25,100,24400
20240129,15:14:33,542.2,50,24400
20240129,15:15:21,547.95,750,24400
20240129,15:17:27,544.5,100,24400
20240129,15:20:02,554.75,200,25250
20240129,15:20:07,556.65,50,25250
20240129,15:21:47,566.95,150,25250
20240129,15:21:49,566.95,150,25250
20240129,15:22:10,568.0,100,25250
20240129,15:23:56,576.05,250,25250
20240129,15:24:20,576.05,300,25500
20240129,15:25:16,575.6,400,25500
20240129,15:25:24,574.5,50,25500
20240129,15:27:27,576.0,150,25500
20240129,15:27:34,570.65,100,25000
20240129,15:28:02,572.4,1750,25000
20240129,15:28:04,572.8,1850,25000
20240129,15:29:13,572.95,250,25000
20240129,15:29:15,572.8,200,25000
20240129,15:29:28,573.25,100,25000
20240130,09:15:45,608.9,1,25000
20240130,09:15:45,608.9,100,25000
20240130,09:16:39,618.85,100,21950
20240130,09:17:57,618.85,100,22050
20240130,09:17:57,601.35,100,22050
20240130,09:18:17,602.0,100,22050
20240130,09:18:46,614.75,100,22050
20240130,09:18:56,608.8,50,22050
20240130,09:20:25,601.3,1000,22150
20240130,09:21:04,592.55,50,22150
20240130,09:21:24,587.4,750,22150
20240130,09:21:42,587.4,50,22150
20240130,09:22:02,584.05,100,22150
20240130,09:22:12,584.05,50,22150
20240130,09:24:28,588.0,150,21500
20240130,09:24:46,587.35,50,21500
20240130,09:25:21,580.0,200,21500
20240130,09:25:40,570.0,50,21500
20240130,09:26:10,555.0,50,21500
20240130,09:29:09,555.0,50,21650
20240130,09:30:05,544.7,100,21650
20240130,09:30:38,544.7,50,21650
20240130,09:30:49,566.5,50,21650
20240130,09:31:00,565.5,50,21650
20240130,09:31:11,579.2,400,21650
20240130,09:32:05,572.25,300,21650
20240130,09:32:57,571.3,150,22100
20240130,09:34:12,570.0,50,22100
20240130,09:37:21,574.5,50,22100
20240130,09:38:15,566.8,100,22100
20240130,09:40:39,579.85,50,22050
20240130,09:44:00,600.4,50,22050
20240130,09:48:53,576.85,50,22000
20240130,09:54:44,560.0,100,22050
20240130,09:54:54,561.1,750,22050
20240130,09:56:25,555.8,150,22050
20240130,09:57:25,555.3,100,22050
20240130,09:57:57,561.15,50,22050
20240130,09:58:29,562.6,50,22050
20240130,10:01:46,578.95,50,22050
20240130,10:02:17,573.6,500,22050
20240130,10:03:52,586.0,50,22100
20240130,10:05:31,586.0,50,22050
20240130,10:16:00,586.0,50,22050
20240130,10:16:39,585.0,50,22050
20240130,10:18:17,572.0,50,22050
20240130,10:18:37,566.6,250,22050
20240130,10:18:56,565.6,50,22050
20240130,10:19:07,568.4,50,22050
20240130,10:21:31,577.0,50,21850
20240130,10:25:56,569.75,50,21850
20240130,10:27:34,561.0,50,21850
20240130,10:27:44,559.6,50,21850
20240130,10:28:36,557.7,50,21850
20240130,10:33:37,550.0,50,21800
20240130,10:37:54,563.9,50,21800
20240130,10:38:29,560.6,500,21800
20240130,10:40:45,562.9,150,21400
20240130,10:42:05,551.0,50,21400
20240130,10:50:39,523.15,50,21400
20240130,10:51:48,523.15,100,21400
20240130,11:01:48,541.95,150,21400
20240130,11:04:34,534.8,200,21550
20240130,11:12:56,511.15,50,21750
20240130,11:13:46,511.15,50,21750
20240130,11:15:56,520.0,50,21750
20240130,11:16:22,520.9,100,21750
20240130,11:21:12,520.55,50,21700
20240130,11:26:29,517.1,50,21650
20240130,11:31:00,531.35,100,21650
20240130,11:31:18,527.6,50,21650
20240130,11:39:37,535.35,100,21800
20240130,11:40:51,536.35,350,21800
20240130,11:47:47,536.35,100,21950
20240130,11:58:59,545.0,50,21950
20240130,12:05:50,530.0,50,21900
20240130,12:32:34,527.45,50,21900
20240130,12:34:09,523.95,300,21900
20240130,12:34:51,526.35,200,21900
20240130,12:36:31,523.0,400,22200
20240130,12:48:22,496.9,250,22600
20240130,12:48:36,496.9,100,22600
20240130,12:51:30,506.45,250,22950
20240130,12:52:12,508.8,50,22950
20240130,12:53:50,508.05,50,22900
20240130,12:54:46,506.75,250,22900
20240130,12:54:54,506.2,50,22900
20240130,12:57:35,515.1,250,22900
20240130,13:00:07,519.0,150,23100
20240130,13:06:05,509.1,50,23250
20240130,13:07:01,505.95,50,23250
20240130,13:09:45,499.5,500,23300
20240130,13:20:24,499.5,50,23300
20240130,13:20:30,499.5,50,23300
20240130,13:22:09,484.0,50,23300
20240130,13:22:47,484.0,50,23300
20240130,13:27:19,507.7,50,23250
20240130,13:28:37,511.0,150,23250
20240130,13:29:59,511.95,150,23350
20240130,13:30:27,513.35,100,23350
20240130,13:32:57,515.85,100,23350
20240130,13:34:12,512.25,50,23350
20240130,13:46:21,501.75,250,23400
20240130,13:47:17,488.9,50,23400
20240130,13:47:57,485.0,50,23350
20240130,13:51:00,499.5,50,23400
20240130,13:51:56,497.8,50,23400
20240130,13:54:17,490.0,50,23400
20240130,13:55:17,485.0,50,23400
20240130,13:55:24,484.0,100,23400
20240130,14:03:23,480.15,50,23400
20240130,14:03:24,480.15,50,23400
20240130,14:04:47,480.15,50,23400
20240130,14:05:34,487.05,50,23400
20240130,14:08:00,481.15,50,23450
20240130,14:08:49,474.0,50,23450
20240130,14:08:54,472.25,50,23450
20240130,14:09:03,472.25,50,23500
20240130,14:10:16,473.4,50,23500
20240130,14:11:55,475.75,250,23550
20240130,14:13:08,480.8,250,23550
20240130,14:15:00,492.95,50,23550
20240130,14:15:09,493.7,250,23550
20240130,14:15:28,487.9,50,23550
20240130,14:16:15,480.8,50,23550
20240130,14:18:12,471.0,50,23500
20240130,14:19:47,471.0,150,23500
20240130,14:20:19,474.0,100,23500
20240130,14:21:29,472.95,100,23550
20240130,14:23:25,482.25,150,23550
20240130,14:25:33,470.5,100,23550
20240130,14:26:31,462.0,50,23550
20240130,14:26:49,459.3,150,23550
20240130,14:29:42,453.15,100,23450
20240130,14:29:51,452.15,300,23450
20240130,14:30:33,448.75,450,23550
20240130,14:30:34,449.2,50,23550
20240130,14:30:38,451.55,50,23550
20240130,14:31:07,445.2,50,23550
20240130,14:31:35,431.05,100,23550
20240130,14:31:57,430.8,50,23550
20240130,14:32:07,426.4,300,23550
20240130,14:34:16,433.4,50,23800
20240130,14:34:53,433.0,50,23800
20240130,14:36:54,416.4,50,23850
20240130,14:39:08,416.4,50,23850
20240130,14:40:26,421.35,500,23800
20240130,14:43:11,415.7,500,23850
20240130,14:43:45,415.7,50,23850
20240130,14:45:19,413.0,150,23700
20240130,14:46:05,408.5,50,23700
20240130,14:46:57,408.5,200,23700
20240130,14:48:26,420.8,300,23700
20240130,14:49:13,425.85,300,23700
20240130,14:49:18,424.35,50,23700
20240130,14:49:37,421.6,50,23700
20240130,14:50:11,421.6,50,23700
20240130,14:50:17,419.5,150,23700
20240130,14:51:07,420.65,200,23900
20240130,14:52:07,418.8,200,23900
20240130,14:53:42,412.6,50,23900
20240130,14:53:56,407.8,300,23900
20240130,14:53:57,406.95,50,23900
20240130,14:53:59,405.55,50,23900
20240130,14:54:01,405.45,150,24300
20240130,14:54:44,404.75,50,24300
20240130,14:55:12,402.75,50,24300
20240130,14:58:02,402.75,50,24250
20240130,14:58:40,405.4,700,24250
20240130,14:58:50,405.3,50,24250
20240130,15:00:02,405.3,1150,25600
20240130,15:00:24,412.0,50,25600
20240130,15:00:59,402.0,300,25600
20240130,15:01:02,396.0,500,25600
20240130,15:01:06,390.6,200,25600
20240130,15:01:12,385.45,50,25600
20240130,15:01:14,382.0,500,25600
20240130,15:01:17,382.0,450,25600
20240130,15:01:19,383.35,50,25600
20240130,15:01:21,387.4,100,25600
20240130,15:01:43,378.65,50,25600
20240130,15:01:51,378.6,50,25600
20240130,15:01:56,378.6,50,25600
20240130,15:02:05,378.65,50,25600
20240130,15:02:15,377.55,200,25600
20240130,15:02:32,373.9,100,25600
20240130,15:02:47,373.9,150,25600
20240130,15:03:18,391.4,50,25600
20240130,15:03:23,391.05,50,25950
20240130,15:03:30,391.0,50,25950
20240130,15:04:07,385.0,100,25950
20240130,15:05:50,381.05,400,25950
20240130,15:06:09,378.55,50,26400
20240130,15:06:25,378.2,50,26400
20240130,15:06:44,378.9,50,26400
20240130,15:07:07,377.35,400,26400
20240130,15:07:42,378.55,100,26400
20240130,15:07:48,376.9,100,26400
20240130,15:08:32,378.25,200,26400
20240130,15:09:08,379.5,650,26150
20240130,15:09:17,379.45,50,26150
20240130,15:09:32,377.65,300,26150
20240130,15:10:01,376.75,50,26150
