date,time,tick_price,volume,open_interest
20240118,09:48:32,527.1,50,50
20240118,09:55:20,455.35,50,50
20240118,09:56:09,455.35,250,50
20240118,10:04:37,459.05,250,300
20240118,10:05:17,479.25,50,300
20240118,10:09:37,487.75,200,600
20240118,10:10:27,512.15,50,600
20240118,10:55:32,512.0,50,800
20240118,11:15:34,527.0,50,850
20240118,11:19:43,527.0,50,850
20240118,11:41:46,527.0,50,900
20240118,11:51:46,520.0,50,950
20240118,12:28:32,595.7,150,950
20240118,12:32:16,595.7,100,1100
20240118,12:32:58,552.4,150,1100
20240118,12:33:18,560.6,50,900
20240118,12:42:57,517.45,100,900
20240118,14:41:58,526.4,50,800
20240118,15:25:15,532.7,100,850
20240119,11:09:53,568.4,1,800
20240119,11:09:53,568.4,100,800
20240119,14:00:59,611.05,100,800
20240119,14:01:18,616.75,100,800
20240120,12:49:08,616.7,1,900
20240120,12:49:08,616.7,50,900
20240123,11:40:36,510.0,50,900
20240123,12:07:32,450.0,100,950
20240123,12:08:04,443.7,150,950
20240123,12:08:23,447.45,400,950
20240123,12:11:43,450.25,300,1500
20240123,12:21:55,459.3,50,1800
20240123,12:36:56,470.8,50,1850
20240123,12:48:42,466.75,1800,1850
20240123,12:49:29,466.6,1800,1850
20240123,12:51:27,461.85,50,5400
20240123,12:51:44,465.8,1800,5400
20240123,12:53:38,452.85,200,5400
20240123,12:53:52,456.15,50,5400
20240123,12:58:17,444.65,50,7300
20240123,12:58:34,444.75,50,7300
20240123,12:59:22,440.8,100,7300
20240123,13:00:46,440.75,50,7250
20240123,13:02:10,444.6,200,7250
20240123,13:02:17,444.0,1850,7250
20240123,13:02:41,445.05,150,7250
20240123,13:03:18,451.0,50,8300
20240123,13:08:48,442.0,1800,8300
20240123,13:11:33,428.2,50,9400
20240123,13:14:54,436.25,100,9400
20240123,13:15:02,435.0,550,9400
20240123,13:15:20,433.1,100,9650
20240123,13:16:14,435.75,100,9650
20240123,13:16:22,434.4,150,9650
20240123,13:16:54,433.55,50,9650
20240123,13:17:49,434.5,250,9650
20240123,13:18:16,436.75,250,10000
20240123,13:18:33,440.0,1800,10000
20240123,13:18:37,437.0,50,10000
20240123,13:18:57,435.0,100,10000
20240123,13:19:35,440.55,200,10000
20240123,13:20:10,438.5,50,10000
20240123,13:21:13,432.25,50,10000
20240123,13:21:40,431.4,50,12100
20240123,13:25:32,429.45,50,12150
20240123,13:34:59,433.0,50,12150
20240123,13:43:04,428.0,50,12200
20240123,13:46:00,432.0,850,12250
20240123,13:46:10,432.0,100,12250
20240123,13:46:47,435.0,550,12250
20240123,13:47:43,435.0,50,12250
20240123,13:49:29,440.0,100,13750
20240123,13:51:12,420.0,50,13750
20240123,13:51:23,417.1,350,13650
20240123,13:51:59,417.05,100,13650
20240123,13:55:22,413.0,50,13950
20240123,13:57:43,414.6,50,14000
20240123,13:58:15,411.8,50,14000
20240123,13:58:54,410.25,50,14000
20240123,13:59:55,410.1,200,14000
20240123,14:00:14,408.0,50,14000
20240123,14:15:50,408.0,100,14300
20240123,14:16:06,399.15,50,14300
20240123,14:18:55,400.05,100,14400
20240123,14:22:15,395.85,50,14400
20240123,14:22:40,390.0,100,14400
20240123,14:23:38,393.45,50,14400
20240123,14:24:18,379.5,150,14400
20240123,14:24:24,385.05,50,14600
20240123,14:24:37,382.55,50,14600
20240123,14:25:00,384.8,50,14600
20240123,14:26:13,380.05,50,14600
20240123,14:30:04,367.3,50,14700
20240123,14:30:52,370.0,400,14750
20240123,14:31:38,380.2,50,14750
20240123,14:35:09,372.5,50,14700
20240123,14:36:46,372.5,250,14750
20240123,14:38:42,366.65,900,14750
20240123,14:39:04,360.0,100,14750
20240123,14:39:15,361.7,200,14750
20240123,14:39:33,361.3,200,16050
20240123,14:39:50,363.35,50,16050
20240123,14:40:36,361.2,50,16050
20240123,14:40:49,366.0,50,16050
20240123,14:44:03,360.0,50,16000
20240123,14:50:16,366.1,1800,16000
20240123,14:51:44,371.55,50,15950
20240123,14:52:00,371.55,100,15950
20240123,14:53:29,358.5,500,15950
20240123,14:53:31,365.1,50,15950
20240123,14:53:47,369.4,500,15950
20240123,14:53:54,367.6,50,15950
20240123,14:54:55,364.45,200,16400
20240123,14:58:06,350.2,100,16550
20240123,15:02:13,336.05,300,16450
20240123,15:02:37,336.55,250,16450
20240123,15:02:56,334.0,250,16450
20240123,15:03:25,333.1,250,16450
20240123,15:07:11,334.2,50,16900
20240123,15:07:27,339.25,50,16900
20240123,15:08:22,343.4,50,16900
20240123,15:08:34,345.05,150,16900
20240123,15:08:53,348.95,250,16900
20240123,15:09:19,341.7,150,16900
20240123,15:09:26,345.65,550,16900
20240123,15:09:58,346.55,50,17100
20240123,15:10:25,350.85,150,17100
20240123,15:10:31,349.65,50,17100
20240123,15:10:49,346.5,100,17100
20240123,15:10:58,347.8,50,17100
20240123,15:21:22,360.65,250,17000
20240123,15:27:25,351.9,650,17000
20240123,15:27:31,353.1,150,17000
20240123,15:28:27,356.15,50,16500
20240123,15:28:41,356.15,50,16500
20240123,15:29:04,350.4,50,16500
20240123,15:29:16,343.7,50,16500
20240123,15:29:59,345.15,1,16650
20240124,09:16:44,345.15,1,16650
20240124,09:16:44,345.15,50,16650
20240124,09:17:18,342.45,50,16650
20240124,09:18:04,341.35,50,16600
20240124,09:18:14,336.45,250,16600
20240124,09:18:19,331.05,200,16600
20240124,09:19:09,325.3,50,16600
20240124,09:19:20,325.3,50,16600
20240124,09:19:36,319.2,100,16600
20240124,09:20:27,319.2,100,16600
20240124,09:20:38,342.45,250,16600
20240124,09:20:51,347.7,50,16600
20240124,09:22:59,383.25,250,16750
20240124,09:23:10,383.25,100,16750
20240124,09:23:41,373.95,50,16750
20240124,09:24:21,372.6,100,16850
20240124,09:25:10,374.0,1800,16850
20240124,09:25:31,374.0,100,16850
20240124,09:25:53,371.0,900,16850
20240124,09:26:04,364.55,200,16850
20240124,09:28:54,366.25,50,19450
20240124,09:29:25,369.65,250,19450
20240124,09:31:04,384.1,50,19300
20240124,09:31:19,384.1,150,19300
20240124,09:31:46,389.95,50,19300
20240124,09:31:47,390.0,900,19300
20240124,09:33:08,400.0,500,18300
20240124,09:33:19,400.0,50,18300
20240124,09:33:51,391.25,100,18300
20240124,09:34:47,388.75,50,18300
20240124,09:34:58,390.4,50,18300
20240124,09:35:23,393.25,100,18300
20240124,09:35:27,393.95,50,18300
20240124,09:36:56,389.25,100,18850
20240124,09:37:10,390.5,100,18850
20240124,09:37:22,390.55,150,18850
20240124,09:37:28,393.95,50,18850
20240124,09:38:29,400.0,50,18850
20240124,09:39:28,397.55,150,18800
20240124,09:40:33,405.65,100,18800
20240124,09:41:07,405.65,250,18800
20240124,09:41:47,398.15,200,18800
20240124,09:44:43,400.75,100,19050
20240124,09:45:02,405.0,300,18950
20240124,09:45:23,405.0,150,18950
20240124,09:45:32,409.4,500,18950
20240124,09:47:24,415.0,50,18950
20240124,09:47:35,420.0,150,18950
20240124,09:47:45,420.0,200,18950
20240124,09:47:56,419.0,100,18950
20240124,09:49:23,405.55,100,18450
20240124,09:52:38,410.55,50,18450
20240124,09:53:43,414.35,100,18350
20240124,09:54:50,421.0,100,18200
20240124,09:55:00,427.15,100,18200
20240124,09:55:08,428.0,1100,18200
20240124,09:55:28,435.65,400,18200
20240124,09:55:36,435.65,100,18200
20240124,09:56:02,439.25,150,18200
20240124,09:56:14,439.25,50,18200
20240124,09:56:33,442.1,50,18200
20240124,09:56:42,443.35,150,18200
20240124,09:56:47,445.0,900,18200
20240124,09:58:02,456.5,50,16300
20240124,09:58:54,464.0,1100,16300
20240124,09:59:18,459.9,50,16300
20240124,09:59:38,459.4,300,16300
20240124,10:00:07,469.1,50,16300
20240124,10:00:49,473.8,400,15200
20240124,10:01:11,473.8,100,15200
20240124,10:01:33,473.8,150,15200
20240124,10:01:57,475.6,100,15200
20240124,10:02:01,475.6,200,15200
20240124,10:02:02,471.1,100,15200
20240124,10:02:26,469.0,50,15200
20240124,10:02:53,456.75,50,15200
20240124,10:03:12,451.45,50,14850
20240124,10:03:23,454.2,550,14850
20240124,10:03:46,440.6,750,14850
20240124,10:04:23,447.05,350,14850
20240124,10:04:41,435.25,100,14850
20240124,10:04:43,435.65,50,14850
20240124,10:05:05,439.7,50,14850
20240124,10:05:28,447.8,50,14850
20240124,10:07:08,465.0,300,14800
20240124,10:07:13,454.3,200,14800
20240124,10:08:16,450.15,50,14800
20240124,10:08:32,444.8,100,14800
20240124,10:10:10,430.65,50,15200
20240124,10:12:00,427.0,150,15200
20240124,10:12:18,432.2,200,15250
20240124,10:12:38,421.95,50,15250
20240124,10:13:18,425.2,100,15250
20240124,10:13:41,423.5,150,15250
20240124,10:13:46,427.85,50,15250
20240124,10:14:27,428.55,200,15250
20240124,10:14:29,428.55,200,15250
20240124,10:14:44,428.85,100,15250
20240124,10:15:43,433.8,100,15550
20240124,10:15:47,440.95,100,15550
20240124,10:15:49,449.2,100,15550
20240124,10:15:50,450.8,100,15550
20240124,10:18:33,458.7,150,15550
20240124,10:18:55,456.7,50,15550
20240124,10:19:26,453.6,100,15550
20240124,10:20:04,460.0,150,15550
20240124,10:20:34,463.2,100,15550
20240124,10:24:18,462.25,50,15550
20240124,10:24:42,461.25,50,15400
20240124,10:25:21,467.95,100,15400
20240124,10:26:17,466.45,50,15400
20240124,10:27:24,469.0,50,15400
20240124,10:27:30,470.35,50,15400
20240124,10:27:41,473.6,100,15400
20240124,10:28:40,467.3,50,15400
20240124,10:30:52,466.0,350,15400
20240124,10:30:53,466.0,100,15150
20240124,10:30:54,466.0,1350,15150
20240124,10:31:22,469.8,100,15150
20240124,10:31:26,472.55,50,15150
20240124,10:31:33,473.65,250,15150
20240124,10:31:34,470.0,1800,15150
20240124,10:31:47,474.4,100,15150
20240124,10:32:08,474.4,400,15150
20240124,10:32:19,471.75,300,15150
20240124,10:32:29,475.7,150,15150
20240124,10:32:57,475.0,50,15150
20240124,10:33:35,475.0,1800,11600
20240124,10:34:15,477.7,150,11600
20240124,10:34:36,479.65,1200,11600
20240124,10:34:56,477.45,50,11600
20240124,10:35:24,477.7,800,11600
20240124,10:37:09,477.95,50,8050
20240124,10:42:12,460.6,50,8050
20240124,10:45:02,449.7,50,8050
20240124,10:45:57,441.95,50,8050
20240124,10:46:00,436.25,100,8050
20240124,10:46:04,435.4,50,8050
20240124,10:47:45,438.05,50,8050
20240124,10:48:45,440.25,50,8000
20240124,10:53:41,440.25,150,8000
20240124,10:55:13,452.15,100,7850
20240124,11:00:01,444.85,50,7900
20240124,11:03:38,451.0,1850,7900
20240124,11:11:28,445.6,250,6400
20240124,11:21:35,452.0,100,6600
20240124,11:25:58,422.1,200,6700
20240124,11:26:10,424.4,100,6700
20240124,11:26:42,404.4,50,6700
20240124,11:26:53,414.55,50,6700
20240124,11:27:32,407.0,50,7000
20240124,11:27:51,405.05,50,7000
20240124,11:28:01,398.1,50,7000
20240124,11:29:44,390.45,50,7000
20240124,11:30:27,381.45,100,7200
20240124,11:30:50,375.4,100,7200
20240124,11:33:09,356.15,50,7200
20240124,11:33:30,367.25,50,7150
20240124,11:35:13,385.4,50,7150
20240124,11:35:33,386.4,500,7150
20240124,11:35:44,390.8,500,7150
20240124,11:36:11,392.3,50,7800
20240124,11:36:26,396.75,50,7800
20240124,11:37:27,404.35,100,7800
20240124,11:38:07,406.3,100,7800
20240124,11:38:29,403.2,50,7800
20240124,11:38:51,397.2,50,7800
20240124,11:39:42,391.65,100,7850
20240124,11:41:04,390.35,50,7850
20240124,11:41:14,391.15,50,7850
20240124,11:46:49,405.3,250,7850
20240124,11:47:10,402.95,50,7850
20240124,11:47:43,395.0,100,7850
20240124,11:50:09,395.35,100,7800
20240124,11:52:22,391.35,50,7700
20240124,11:54:04,391.35,100,7700
20240124,11:57:42,391.35,100,7800
20240124,11:57:52,394.1,50,7800
20240124,11:59:33,391.6,50,7800
20240124,12:05:37,370.45,50,7950
20240124,12:06:06,365.0,100,7950
20240124,12:06:29,374.45,300,8000
20240124,12:07:49,368.15,100,8000
20240124,12:08:16,374.4,50,8000
20240124,12:08:35,370.0,150,8000
20240124,12:18:28,378.9,100,8100
20240124,12:22:25,373.0,50,8150
20240124,12:23:36,380.8,50,8150
20240124,12:27:51,362.5,50,8100
20240124,12:28:03,360.0,50,8100
20240124,12:29:10,368.3,350,8100
20240124,12:30:25,367.25,350,8150
20240124,12:30:37,367.5,50,8150
20240124,12:35:39,360.45,50,8200
20240124,12:37:44,359.35,50,8150
20240124,12:38:48,355.0,100,8150
20240124,12:46:10,368.0,100,8150
20240124,12:48:48,369.0,50,8050
20240124,12:48:58,369.0,50,8050
20240124,12:49:07,369.0,50,8050
20240124,12:49:48,378.45,150,8050
20240124,12:51:51,385.2,150,8050
20240124,12:52:11,385.2,450,8050
20240124,12:53:29,390.9,100,8050
20240124,12:55:02,380.1,50,8100
20240124,12:57:23,389.0,50,8100
20240124,12:57:43,388.5,50,8100
20240124,12:58:00,388.5,100,8100
20240124,13:00:09,402.8,100,8100
20240124,13:00:54,409.2,50,8250
20240124,13:01:00,406.95,300,8250
20240124,13:02:34,417.85,300,8250
20240124,13:02:44,411.7,250,8250
20240124,13:02:54,420.0,300,8250
20240124,13:03:03,422.5,100,8250
20240124,13:09:20,407.35,50,7350
20240124,13:09:36,401.95,200,7350
20240124,13:09:48,403.8,50,7350
20240124,13:10:50,413.8,50,7350
20240124,13:16:43,395.2,150,7400
20240124,13:20:10,414.05,100,7450
20240124,13:21:13,414.0,100,7450
20240124,13:22:05,407.15,1000,7550
20240124,13:22:55,415.2,50,7550
20240124,13:23:05,409.7,200,7550
20240124,13:26:18,400.25,50,7000
20240124,13:27:03,402.0,100,7000
20240124,13:27:40,408.0,150,6850
20240124,13:30:53,408.0,50,6850
20240124,13:32:33,402.7,50,6700
20240124,13:32:48,400.0,50,6700
20240124,13:34:21,397.7,50,6700
20240124,13:38:16,402.4,50,6750
20240124,13:41:53,403.7,50,6800
20240124,13:44:48,400.3,150,6800
20240124,13:47:03,400.3,150,6850
20240124,13:54:42,400.3,150,7000
20240124,13:58:48,413.55,50,7000
20240124,14:00:00,402.0,150,7000
20240124,14:04:26,427.95,200,7150
20240124,14:05:01,425.95,150,7150
20240124,14:07:07,432.9,300,7150
20240124,14:07:25,431.65,50,7150
20240124,14:08:53,425.85,50,7150
20240124,14:09:14,420.0,50,7150
20240124,14:12:39,427.3,450,7050
20240124,14:12:40,421.75,50,7050
20240124,14:13:44,426.0,50,7050
20240124,14:21:06,437.0,50,7200
20240124,14:21:17,440.0,50,7200
20240124,14:25:24,432.3,50,7150
20240124,14:26:29,438.6,100,7150
20240124,14:35:58,461.1,150,7150
20240124,14:36:10,461.7,50,7150
20240124,14:39:20,459.65,100,7150
20240124,14:40:46,467.3,200,7150
20240124,14:42:55,473.0,50,7150
20240124,14:43:10,475.0,100,7150
20240124,14:43:16,477.0,100,7150
20240124,14:43:50,473.0,350,7150
20240124,14:44:13,474.0,150,7150
20240124,14:44:32,476.0,200,7150
20240124,14:51:27,476.0,50,6650
20240124,14:53:47,468.55,50,6600
20240124,14:55:05,478.0,50,6550
20240124,14:57:11,468.65,50,6550
20240124,14:58:08,475.0,50,6500
20240124,15:00:32,490.0,200,6500
20240124,15:02:12,490.0,100,6450
20240124,15:02:29,480.4,50,6450
20240124,15:02:30,480.35,50,6450
20240124,15:02:36,477.9,200,6450
20240124,15:02:50,464.0,150,6450
20240124,15:02:56,463.85,100,6450
20240124,15:03:01,461.1,100,6450
20240124,15:03:08,446.9,50,6450
20240124,15:03:09,446.45,100,6450
20240124,15:04:34,473.85,50,6700
20240124,15:11:44,473.5,200,6700
20240124,15:12:02,473.85,400,6700
20240124,15:16:14,483.0,150,6200
20240124,15:23:36,480.05,50,6200
20240124,15:24:04,480.0,100,6200
20240124,15:25:56,479.95,100,6200
20240124,15:27:33,484.15,100,6200
20240125,09:15:20,441.45,1,5900
20240125,09:15:20,441.45,50,5900
20240125,09:16:02,448.45,50,5900
20240125,09:17:32,448.45,50,5900
20240125,09:17:43,437.6,250,5900
20240125,09:20:19,432.05,200,6150
20240125,09:20:57,430.0,50,6150
20240125,09:21:16,430.0,150,6400
20240125,09:21:53,432.05,50,6400
20240125,09:22:30,439.2,50,6400
20240125,09:22:31,440.0,100,6400
20240125,09:23:41,430.0,150,6400
20240125,09:24:15,414.1,100,6300
20240125,09:24:56,410.0,50,6300
20240125,09:25:07,410.0,100,6300
20240125,09:25:38,410.0,100,6300
20240125,09:26:27,416.4,50,6300
20240125,09:33:02,430.05,100,6350
20240125,09:51:06,423.0,50,6400
20240125,09:53:55,421.4,100,6450
20240125,09:54:56,410.0,50,6450
20240125,09:58:28,411.7,50,6500
20240125,09:58:37,416.5,50,6500
20240125,10:06:01,423.5,100,6450
20240125,10:16:17,408.2,50,6450
20240125,10:16:40,404.0,50,6450
20240125,10:20:09,398.25,50,6550
20240125,10:21:09,380.8,250,6550
20240125,10:22:47,380.8,200,6800
20240125,10:22:57,387.55,50,6800
20240125,10:23:19,385.0,50,6800
20240125,10:23:30,380.0,100,6800
20240125,10:23:42,380.0,100,6800
20240125,10:23:54,380.0,50,6800
20240125,10:24:27,384.95,100,7100
20240125,10:25:37,384.95,100,7100
20240125,10:26:24,387.5,100,7100
20240125,10:26:34,388.9,50,7100
20240125,10:26:54,388.9,50,7100
20240125,10:27:25,388.9,150,7400
20240125,10:27:35,388.2,50,7400
20240125,10:27:54,388.6,50,7400
20240125,10:28:33,390.0,50,7400
20240125,10:28:54,391.95,150,7400
20240125,10:29:25,393.7,50,7400
20240125,10:29:48,393.05,300,7400
20240125,10:29:59,392.9,300,7400
20240125,10:30:30,394.25,2300,8500
20240125,10:30:40,394.25,1800,8500
20240125,10:30:50,390.9,50,8500
20240125,10:31:29,390.9,450,8500
20240125,10:31:30,390.9,100,8500
20240125,10:33:42,395.2,300,8500
20240125,10:34:17,390.9,450,11850
20240125,10:34:41,388.0,50,11850
20240125,10:37:29,386.4,50,12650
20240125,10:37:40,386.4,1750,12650
20240125,10:37:49,386.4,1750,12650
20240125,10:37:59,388.95,1000,12650
20240125,10:38:19,401.5,1750,12650
20240125,10:38:25,398.45,150,12650
20240125,10:38:40,398.45,1750,12650
20240125,10:38:41,394.5,50,12650
20240125,10:38:49,394.55,50,12650
20240125,10:39:38,394.6,1850,13700
20240125,10:39:47,399.65,1750,13700
20240125,10:39:56,401.1,1750,13700
20240125,10:40:56,402.1,100,13700
20240125,10:41:17,402.1,100,13700
20240125,10:41:28,397.3,400,13700
20240125,10:42:49,392.95,50,19200
20240125,10:43:19,392.0,100,19200
20240125,10:43:27,389.5,200,19200
20240125,10:43:51,382.6,50,19200
20240125,10:45:22,393.25,150,19150
20240125,10:45:26,393.45,150,19150
20240125,10:45:32,395.25,100,19150
20240125,10:48:46,393.1,1750,19550
20240125,10:50:30,391.35,100,19550
20240125,10:52:54,386.45,50,21300
20240125,10:53:26,380.05,50,21300
20240125,10:54:02,381.55,50,21300
20240125,10:54:14,380.0,50,21300
20240125,10:54:16,377.0,600,21300
20240125,10:54:27,375.5,150,22050
20240125,10:54:39,374.15,750,22050
20240125,10:55:14,370.0,50,22050
20240125,10:55:59,368.0,100,22050
20240125,10:56:11,368.0,1750,22050
20240125,10:56:22,366.65,150,22050
20240125,10:56:44,366.65,150,22050
20240125,10:57:03,366.7,200,22050
20240125,10:58:54,367.9,100,24800
20240125,10:59:05,369.0,200,24800
20240125,10:59:25,370.65,50,24800
20240125,11:01:09,369.85,150,24650
20240125,11:03:38,369.9,100,24650
20240125,11:04:37,369.85,50,24650
20240125,11:06:11,376.85,650,24650
20240125,11:08:25,373.5,50,25100
20240125,11:08:52,373.5,50,25100
20240125,11:11:00,377.65,700,25200
20240125,11:13:17,376.85,100,24650
20240125,11:13:47,375.0,50,24650
20240125,11:14:07,374.1,50,24650
20240125,11:14:35,373.0,100,24650
20240125,11:16:35,379.0,200,24700
20240125,11:18:50,384.8,200,24900
20240125,11:19:11,385.0,50,24900
20240125,11:21:13,388.8,1750,24900
20240125,11:21:22,392.5,200,24900
20240125,11:21:48,395.0,50,23250
20240125,11:22:37,400.0,2050,23250
20240125,11:22:50,397.65,50,23250
20240125,11:23:13,391.3,50,23250
20240125,11:27:29,379.0,200,21000
20240125,11:31:17,381.35,50,21200
20240125,11:33:59,381.0,50,21200
20240125,11:34:50,377.1,100,21200
20240125,11:35:11,376.6,150,21200
20240125,11:35:12,375.95,150,21200
20240125,11:35:15,375.1,150,21200
20240125,11:35:31,377.05,50,21200
20240125,11:35:42,381.8,50,21200
20240125,11:38:24,400.0,100,21650
20240125,11:38:56,400.0,200,21650
20240125,11:39:20,408.3,550,21650
20240125,11:40:05,409.15,150,21200
20240125,11:40:17,413.55,50,21200
20240125,11:40:24,411.6,1750,21200
20240125,11:40:36,413.9,1750,21200
20240125,11:41:04,419.9,200,21200
20240125,11:42:15,415.0,50,21200
20240125,11:42:28,419.0,100,17750
20240125,11:42:29,419.9,300,17750
20240125,11:43:02,419.05,50,17750
20240125,11:45:21,395.55,200,17750
20240125,11:45:43,400.0,50,17200
20240125,11:46:34,404.35,50,17200
20240125,11:50:13,383.0,100,17150
20240125,11:51:31,385.95,1750,17250
20240125,11:51:51,383.35,150,17250
20240125,11:52:54,382.4,50,17250
20240125,11:53:14,382.4,200,17250
20240125,11:54:27,374.45,50,17250
20240125,11:55:20,379.95,450,19250
20240125,11:55:41,375.7,50,19250
20240125,11:55:52,377.5,200,19250
20240125,11:57:57,380.05,50,19050
20240125,12:02:28,390.0,50,19050
20240125,12:05:28,380.05,50,19150
20240125,12:12:44,379.0,50,19200
20240125,12:14:10,379.0,50,19200
20240125,12:19:25,370.0,250,19300
20240125,12:20:40,370.0,50,19300
20240125,12:20:41,368.8,200,19300
20240125,12:20:42,368.8,300,19300
20240125,12:20:46,368.8,250,19300
20240125,12:20:47,368.8,400,19300
20240125,12:20:50,368.8,150,19300
20240125,12:20:55,368.8,100,19300
20240125,12:21:02,370.3,100,19300
20240125,12:22:05,368.8,400,21050
20240125,12:24:30,374.95,150,21050
20240125,12:25:40,376.85,100,21450
20240125,12:26:45,378.45,50,21450
20240125,12:26:55,380.95,50,21450
20240125,12:27:02,380.0,150,21450
20240125,12:27:59,388.1,50,21500
20240125,12:28:33,385.5,50,21500
20240125,12:29:19,380.0,250,21500
20240125,12:40:22,383.85,50,21600
20240125,12:40:42,381.15,50,21600
20240125,12:41:01,380.65,50,21600
20240125,12:42:54,371.0,50,21700
20240125,12:45:10,377.3,50,21700
20240125,12:45:53,370.0,50,21800
20240125,12:51:41,370.0,50,21850
20240125,12:58:58,365.0,100,21850
20240125,12:59:03,365.0,50,21900
20240125,12:59:34,363.3,100,21900
20240125,13:00:05,362.3,50,21900
20240125,13:00:17,361.4,200,21900
20240125,13:00:27,361.4,50,21900
20240125,13:03:00,361.4,50,22150
20240125,13:03:27,370.15,50,22150
20240125,13:05:56,373.0,50,22200
20240125,13:06:16,373.15,100,22200
20240125,13:07:04,368.0,50,22200
20240125,13:20:01,370.0,100,22250
20240125,13:22:25,370.0,150,22350
20240125,13:23:02,370.75,100,22350
20240125,13:24:31,369.3,350,22350
20240125,13:25:44,362.0,150,22700
20240125,13:26:12,362.55,100,22700
20240125,13:27:28,362.75,100,22700
20240125,13:28:35,360.0,350,22650
20240125,13:30:22,358.9,100,22650
20240125,13:31:46,359.0,50,22950
20240125,13:32:07,354.95,150,22950
20240125,13:32:17,354.95,150,22950
20240125,13:32:26,356.8,150,22950
20240125,13:32:45,358.95,50,22950
20240125,13:34:06,363.0,200,22450
20240125,13:35:09,362.0,50,22450
20240125,13:36:26,360.0,100,22450
20240125,13:36:42,360.65,50,22100
20240125,13:36:58,360.55,50,22100
20240125,13:38:24,360.9,100,22100
20240125,13:38:33,360.9,200,22100
20240125,13:43:38,361.0,50,21850
20240125,13:44:03,360.0,250,21850
20240125,13:49:37,368.0,50,22150
20240125,13:49:56,371.35,50,22150
20240125,13:50:04,373.2,50,22150
20240125,13:50:31,375.0,200,22150
20240125,13:51:08,374.4,250,22150
20240125,13:52:26,368.95,50,22150
20240125,13:54:38,367.0,50,22150
20240125,13:57:13,369.7,50,22150
20240125,14:01:53,370.0,350,22150
20240125,14:15:41,355.0,150,21800
20240125,14:18:01,350.65,100,21900
20240125,14:23:00,350.65,50,21900
20240125,14:23:12,354.0,50,21900
20240125,14:24:15,353.7,250,21900
20240125,14:24:37,353.8,200,21900
20240125,14:25:12,355.45,100,21900
20240125,14:26:03,357.0,50,21900
20240125,14:29:22,360.8,100,21900
20240125,14:36:09,352.95,150,21900
20240125,14:39:09,350.0,100,21750
20240125,14:40:51,350.0,150,21850
20240125,14:41:34,350.0,50,21850
20240125,14:42:20,352.35,50,21850
20240125,14:43:40,349.95,100,21800
20240125,14:45:51,349.95,50,21800
20240125,14:47:41,356.75,50,21900
20240125,14:49:18,352.0,50,21900
20240125,14:50:10,352.0,150,21900
20240125,14:50:25,350.7,100,21900
20240125,14:50:41,350.75,50,21900
20240125,14:50:51,354.95,50,21900
20240125,14:51:00,352.4,50,21900
20240125,14:51:17,351.65,500,21900
20240125,14:52:02,354.3,50,22150
20240125,14:54:29,354.15,50,22150
20240125,14:54:43,354.0,100,22150
20240125,14:54:45,354.0,250,22150
20240125,14:55:05,354.35,50,22200
20240125,14:55:11,354.7,50,22200
20240125,14:55:27,355.15,200,22200
20240125,14:55:29,354.85,250,22200
20240125,14:56:37,354.3,100,22200
20240125,14:57:03,353.45,150,22200
20240125,14:57:56,350.8,250,22200
20240125,14:58:04,350.6,650,22200
20240125,14:58:13,350.6,200,22200
20240125,14:58:21,348.95,450,22200
20240125,14:58:30,350.85,200,22200
20240125,14:59:36,348.95,150,22200
20240125,15:01:44,360.0,450,22200
20240125,15:02:50,362.5,50,22200
20240125,15:04:11,365.7,250,22300
20240125,15:04:21,361.25,6150,22300
20240125,15:04:32,364.7,11550,22300
20240125,15:04:43,364.7,3650,22300
20240125,15:05:04,365.4,1550,22300
20240125,15:05:15,366.0,550,22300
20240125,15:06:11,367.6,250,22300
20240125,15:06:13,367.9,150,22300
20240125,15:07:33,367.85,50,22300
20240125,15:09:01,371.3,50,26600
20240125,15:09:12,373.35,150,26600
20240125,15:09:34,375.55,450,26600
20240125,15:09:57,374.6,100,26600
20240125,15:10:18,374.3,50,26700
20240125,15:10:30,373.65,150,26700
20240125,15:10:52,373.6,150,26700
20240125,15:11:02,373.15,50,26700
20240125,15:11:12,372.0,600,26700
20240125,15:11:22,372.0,900,26700
20240125,15:11:32,369.75,50,26700
20240125,15:11:44,371.0,1000,26700
20240125,15:11:54,375.0,50,26700
20240125,15:12:05,375.7,50,26700
20240125,15:12:27,378.45,50,26700
20240125,15:12:38,380.3,50,26700
20240125,15:13:01,383.8,1750,26700
20240125,15:13:33,383.15,1050,23850
20240125,15:14:38,377.3,50,23850
20240125,15:15:01,375.05,50,23850
20240125,15:15:41,375.0,700,23850
20240125,15:15:51,373.5,100,23850
20240125,15:16:02,371.8,50,23850
20240125,15:16:13,369.15,50,25150
20240125,15:16:25,371.0,50,25150
20240125,15:17:15,371.95,350,25150
20240125,15:17:27,372.95,150,25150
20240125,15:17:39,373.0,50,25150
20240125,15:17:50,371.2,150,25150
20240125,15:18:33,376.0,50,25150
20240125,15:19:17,382.0,100,24700
20240125,15:19:22,383.15,150,24700
20240125,15:21:05,383.8,50,24700
20240125,15:21:06,383.8,300,24700
20240125,15:21:10,383.8,250,24700
20240125,15:21:13,383.8,250,24700
20240125,15:21:27,383.8,900,24700
20240125,15:22:17,384.95,50,23500
20240125,15:22:18,385.0,50,23500
20240125,15:22:34,385.65,50,23500
20240125,15:22:36,385.65,50,23500
20240125,15:22:44,385.8,100,23500
20240125,15:22:46,385.8,100,23500
20240125,15:22:48,385.8,50,23500
20240125,15:22:54,385.8,50,23500
20240125,15:22:56,385.8,250,23500
20240125,15:23:00,385.8,50,23500
20240125,15:23:40,385.8,100,23500
20240125,15:23:42,385.8,100,23500
20240125,15:23:43,385.8,150,23500
20240125,15:23:46,383.25,100,23500
20240125,15:23:47,385.75,150,23500
20240125,15:23:48,385.8,850,23500
20240125,15:23:58,384.6,250,23500
20240125,15:24:09,384.25,50,23500
20240125,15:25:12,382.25,1700,23500
20240125,15:25:13,382.05,1800,21500
20240125,15:25:38,384.35,50,21500
20240125,15:25:59,388.0,50,21500
20240125,15:26:21,389.4,150,21500
20240125,15:27:38,392.25,300,21500
20240125,15:27:50,392.65,150,21500
20240125,15:28:46,393.05,300,20950
20240125,15:29:25,387.85,50,20950
20240125,15:29:35,385.45,50,20950
20240125,15:29:47,386.5,50,20950
20240129,09:15:18,450.0,1,21100
20240129,09:15:18,450.0,100,21100
20240129,09:15:34,450.5,300,21100
20240129,09:15:34,448.95,300,21100
20240129,09:15:57,452.85,250,21100
20240129,09:16:12,453.9,300,21100
20240129,09:16:20,448.1,100,21100
20240129,09:16:59,460.0,100,21100
20240129,09:17:06,457.4,300,21100
20240129,09:17:28,457.4,50,20600
20240129,09:17:41,453.05,100,20600
20240129,09:17:48,452.05,50,20600
20240129,09:17:54,453.35,250,20600
20240129,09:17:59,449.05,50,20600
20240129,09:18:01,455.4,50,20600
20240129,09:18:27,458.2,50,20600
20240129,09:19:34,460.0,100,20600
20240129,09:19:51,459.6,50,20600
20240129,09:20:24,469.5,50,20250
20240129,09:20:53,482.2,50,20250
20240129,09:21:02,482.3,50,20250
20240129,09:21:12,489.1,100,20250
20240129,09:22:17,493.0,50,20250
20240129,09:23:16,495.0,50,20000
20240129,09:24:19,503.8,300,20000
20240129,09:24:28,506.15,50,20000
20240129,09:25:24,525.0,50,20000
20240129,09:26:04,525.0,100,20000
20240129,09:26:14,523.0,50,20000
20240129,09:27:09,533.2,100,19950
20240129,09:28:20,533.2,100,19950
20240129,09:29:50,518.65,100,19850
20240129,09:30:14,523.55,50,19850
20240129,09:30:40,524.3,50,19850
20240129,09:31:26,523.4,100,19850
20240129,09:31:44,523.4,100,19850
20240129,09:31:52,520.0,100,19850
20240129,09:33:09,513.55,150,19750
20240129,09:34:23,519.55,100,19750
20240129,09:35:15,523.05,100,19750
20240129,09:36:14,518.7,250,19750
20240129,09:38:01,518.75,50,19750
20240129,09:38:04,518.3,200,19750
20240129,09:38:57,519.0,200,19400
20240129,09:39:06,521.55,50,19400
20240129,09:40:18,524.5,200,19400
20240129,09:40:50,526.35,100,19400
20240129,09:40:58,530.0,200,19400
20240129,09:41:06,530.0,50,19400
20240129,09:41:30,532.5,100,19200
20240129,09:41:40,538.0,50,19200
20240129,09:41:48,538.0,50,19200
20240129,09:41:57,533.05,100,19200
20240129,09:42:24,524.4,100,19200
20240129,09:43:13,526.85,650,19200
20240129,09:45:30,531.8,50,19100
20240129,09:45:38,530.4,50,19100
20240129,09:50:33,529.0,50,19100
20240129,09:51:27,532.0,50,19100
20240129,09:51:52,532.3,50,19100
20240129,09:53:19,529.3,50,19100
20240129,09:54:40,521.05,50,19100
20240129,09:57:50,538.0,250,19100
20240129,09:58:24,545.0,50,19100
20240129,09:59:01,555.0,50,19100
20240129,09:59:31,559.6,150,19100
20240129,10:01:31,566.55,200,19100
20240129,10:02:32,562.0,100,19000
20240129,10:02:47,565.0,100,19000
20240129,10:04:00,565.0,50,19000
20240129,10:04:18,560.35,100,19000
20240129,10:04:34,561.9,50,19000
20240129,10:05:13,559.45,50,19000
20240129,10:05:54,552.8,50,19000
20240129,10:10:36,555.0,100,19000
20240129,10:11:42,554.9,50,19000
20240129,10:12:53,555.45,50,19000
20240129,10:13:34,560.0,50,19000
20240129,10:13:43,555.45,50,19000
20240129,10:14:49,560.3,200,19000
20240129,10:15:12,564.5,100,19000
20240129,10:21:14,565.1,350,19100
20240129,10:22:51,560.6,150,19100
20240129,10:27:10,564.0,250,19000
20240129,10:29:26,562.0,50,19000
20240129,10:29:36,563.6,50,19000
20240129,10:29:44,566.9,100,19000
20240129,10:30:06,563.45,50,19000
20240129,10:31:15,557.45,50,19000
20240129,10:33:06,557.3,50,19150
20240129,10:37:38,571.4,100,19150
20240129,10:37:48,575.5,2000,19150
20240129,10:37:58,576.0,2000,19150
20240129,10:38:06,576.0,2350,19150
20240129,10:38:14,575.7,2100,19150
20240129,10:38:22,576.45,1000,19150
20240129,10:38:30,576.45,2950,12150
20240129,10:38:39,577.4,2100,12150
20240129,10:38:47,577.4,2400,12150
20240129,10:38:56,575.9,2850,12150
20240129,10:39:05,577.7,2000,12150
20240129,10:39:13,577.7,1050,12150
20240129,10:39:30,576.15,100,12150
20240129,10:39:40,574.85,100,12150
20240129,10:42:21,576.55,400,10250
20240129,10:44:06,569.25,50,10250
20240129,10:44:15,569.25,150,10250
20240129,10:44:24,568.15,100,10250
20240129,10:46:14,566.55,400,10150
20240129,10:56:08,572.9,350,10150
20240129,10:57:49,581.0,150,10050
20240129,10:57:59,581.0,100,10050
20240129,11:05:31,580.25,250,10100
20240129,11:06:20,584.2,50,10100
20240129,11:06:54,586.75,50,10100
20240129,11:10:45,586.75,100,10100
20240129,11:14:08,574.85,100,10000
20240129,11:19:50,559.4,350,10000
20240129,11:20:00,566.4,100,10000
20240129,11:20:09,568.95,600,10000
20240129,11:20:17,568.1,100,10000
20240129,11:20:26,571.1,650,10000
20240129,11:21:11,563.55,50,9950
20240129,11:21:28,558.15,200,9950
20240129,11:21:38,554.35,100,9950
20240129,11:22:43,553.15,50,9950
20240129,11:23:00,550.0,150,9950
20240129,11:23:46,540.3,300,9800
20240129,11:23:56,538.75,150,9800
20240129,11:24:06,542.0,100,9800
20240129,11:24:59,550.1,250,9800
20240129,11:30:55,587.45,600,9600
20240129,11:31:06,587.45,300,9600
20240129,11:31:17,582.3,1300,9600
20240129,11:31:26,579.1,300,9600
20240129,11:31:36,577.25,100,9600
20240129,11:31:56,573.8,150,9600
20240129,11:32:05,573.8,200,9600
20240129,11:32:14,567.0,400,9600
20240129,11:33:32,555.95,50,6550
20240129,11:34:20,560.45,150,6550
20240129,11:35:06,560.1,100,6550
20240129,11:35:25,565.0,200,6550
20240129,11:37:51,576.1,50,6500
20240129,11:38:48,572.65,400,6500
20240129,11:47:33,576.1,450,6500
20240129,11:47:41,577.8,300,6150
20240129,11:51:41,584.15,50,5950
20240129,11:51:42,585.0,50,5950
20240129,11:51:49,585.0,50,5950
20240129,11:56:59,585.4,50,5800
20240129,11:58:50,587.7,50,5800
20240129,12:00:39,594.1,50,5750
20240129,12:02:43,594.1,50,5700
20240129,12:03:07,587.45,50,5700
20240129,12:04:20,591.35,50,5700
20240129,12:06:26,595.0,50,5600
20240129,12:12:05,595.0,100,5550
20240129,12:13:49,595.0,50,5550
20240129,12:25:59,598.0,150,5550
20240129,12:26:49,598.0,150,5450
20240129,12:27:09,587.95,100,5450
20240129,12:27:47,593.8,150,5450
20240129,12:31:52,595.3,150,5400
20240129,12:39:10,610.0,50,5300
20240129,12:45:06,612.45,50,5250
20240129,13:00:24,628.05,50,5200
20240129,13:00:58,635.75,100,5200
20240129,13:04:37,636.15,500,5250
20240129,13:07:58,636.15,100,5700
20240129,13:09:23,627.2,50,5800
20240129,13:10:19,622.0,100,5800
20240129,13:20:06,614.0,200,5800
20240129,13:27:01,618.6,100,5600
20240129,13:28:30,619.5,50,5600
20240129,13:33:25,615.6,50,5550
20240129,13:36:07,622.65,250,5500
20240129,13:41:36,622.25,250,5500
20240129,13:51:29,635.55,100,5500
20240129,13:53:02,637.9,300,5500
20240129,13:53:04,638.1,300,5500
20240129,14:01:37,650.0,50,4900
20240129,14:04:16,650.0,300,4850
20240129,14:05:29,646.4,100,4850
20240129,14:07:28,652.9,250,4700
20240129,14:22:01,632.6,50,4450
20240129,15:05:56,627.25,50,4450
20240129,15:24:58,655.55,100,4450
20240129,15:27:38,667.1,100,4450
20240129,15:28:00,667.1,50,4450
20240129,15:29:36,660.05,300,4450
20240130,09:21:33,680.0,1,3700
20240130,09:21:33,680.0,300,3700
20240130,09:22:15,679.95,250,3700
20240130,09:23:07,679.0,500,3700
20240130,09:23:38,676.0,100,3350
20240130,09:29:13,645.6,100,3450
20240130,09:29:33,640.0,50,3550
20240130,09:39:56,640.0,50,3500
20240130,09:41:23,665.9,50,3500
20240130,09:42:05,668.0,250,3600
20240130,09:42:53,680.0,50,3600
20240130,09:46:14,673.25,50,3450
20240130,09:51:58,658.2,50,3400
20240130,09:55:44,641.4,50,3400
20240130,09:56:30,635.1,550,3400
20240130,09:57:35,635.1,500,3400
20240130,10:03:46,667.6,50,3400
20240130,10:51:10,612.7,50,3350
20240130,10:57:22,612.7,50,3300
20240130,11:36:21,630.0,100,3300
20240130,11:36:32,629.3,50,3300
20240130,12:13:21,629.3,1800,3200
20240130,12:25:56,606.5,50,4800
20240130,12:30:28,606.5,300,4800
20240130,13:05:48,601.0,50,5100
20240130,13:21:23,592.0,100,5100
20240130,13:26:10,592.0,500,5150
20240130,13:43:23,597.7,50,5500
20240130,13:55:35,580.95,50,5500
20240130,13:59:54,580.95,150,5550
20240130,14:03:59,578.0,50,5550
20240130,14:06:35,572.15,50,5600
20240130,14:11:41,572.15,50,5600
20240130,14:12:00,572.15,50,5600
20240130,14:20:41,565.0,50,5550
20240130,14:29:11,548.4,50,5500
20240130,14:29:23,548.0,50,5500
20240130,14:31:57,524.45,100,5550
20240130,14:32:24,524.45,100,5550
20240130,14:32:36,529.3,50,5550
20240130,14:39:31,520.0,50,5500
20240130,14:39:53,520.0,50,5500
20240130,14:40:26,517.0,50,5500
20240130,14:41:20,510.0,50,5500
20240130,14:43:26,510.0,50,5550
20240130,14:47:40,521.05,50,5550
20240130,14:50:13,513.55,50,5550
20240130,14:50:33,513.05,50,5550
20240130,14:57:27,498.35,400,5550
20240130,15:00:13,499.35,150,5950
20240130,15:01:08,482.0,200,5950
20240130,15:01:21,478.9,150,5950
20240130,15:04:51,476.85,400,6000
20240130,15:06:01,475.8,50,6000
20240130,15:10:18,470.65,100,5600
20240130,15:11:51,470.65,50,5600
20240130,15:12:20,478.5,50,5750
20240130,15:13:08,476.05,200,5750
20240130,15:13:18,476.15,100,5750
20240130,15:18:01,494.55,100,5850
20240130,15:18:11,488.25,50,5850
20240130,15:19:23,487.2,50,5900
20240130,15:20:11,491.3,50,5900
20240130,15:20:32,492.0,50,5900
20240130,15:20:42,492.0,50,5900
20240130,15:23:23,499.55,50,6000
20240130,15:23:45,494.0,100,6000
20240130,15:24:25,490.0,400,6050
20240130,15:25:14,495.0,200,6050
20240130,15:25:33,494.5,50,6050
20240130,15:29:32,480.3,50,6700
20240131,09:18:26,469.85,1,6650
20240131,09:18:26,480.3,500,6650
20240131,09:19:30,476.6,150,6650
20240131,09:20:22,482.3,50,6650
20240131,09:20:41,482.55,50,7000
20240131,09:22:39,482.55,50,7000
20240131,09:23:23,466.0,50,7000
20240131,09:29:11,466.0,100,7150
20240131,09:30:09,503.05,50,7250
20240131,09:30:19,507.0,50,7250
20240131,09:30:47,507.0,50,7250
20240131,09:31:15,498.6,50,7250
20240131,09:34:43,517.0,450,7350
20240131,09:37:52,524.6,50,7300
20240131,09:41:53,535.0,50,7250
20240131,09:45:07,540.25,50,7200
20240131,09:48:18,540.25,50,7200
20240131,09:51:06,532.6,50,7150
20240131,09:52:04,531.75,50,7150
20240131,10:00:35,513.85,50,7150
20240131,10:18:03,550.0,50,7100
20240131,10:21:01,550.0,50,7050
20240131,10:28:48,539.65,250,7000
20240131,10:29:05,541.95,50,7000
20240131,10:42:04,567.0,150,7050
20240131,10:53:14,567.0,100,6900
20240131,10:58:38,569.0,50,6800
20240131,10:59:51,577.0,100,6850
20240131,11:01:07,577.0,50,6850
20240131,11:02:24,574.5,50,6850
20240131,11:04:09,572.1,1100,6850
20240131,11:04:46,574.05,50,6850
20240131,11:04:54,573.05,50,6850
20240131,11:05:55,580.0,400,8050
20240131,11:07:01,589.0,50,8050
20240131,11:09:03,591.6,500,7600
20240131,11:23:08,591.6,50,8100
20240131,11:49:05,620.7,250,8100
20240131,11:55:55,620.7,250,8300
20240131,11:56:42,620.0,100,8300
20240131,11:57:13,620.0,550,8450
20240131,12:01:10,620.0,50,7900
20240131,12:42:16,578.2,50,7850
20240131,12:46:11,564.85,500,7850
20240131,12:51:36,564.0,400,8350
20240131,12:58:18,564.0,100,8750
20240131,13:13:02,594.6,100,8850
20240131,15:01:54,617.2,50,8950
20240131,15:19:28,591.95,50,8950
20240131,15:25:07,596.2,50,8950
20240131,15:29:10,586.35,50,8900
20240201,09:33:04,600.0,1,8900
20240201,09:33:04,600.0,50,8900
20240201,10:13:42,650.0,50,8900
20240201,12:14:15,650.0,50,8850
20240201,12:16:06,595.0,50,8900
20240201,12:57:20,592.85,50,8850
20240201,13:31:16,540.0,200,8900
20240201,13:33:56,530.0,500,8900
20240201,13:34:05,530.45,450,8900
20240201,13:41:10,531.8,400,8900
20240201,13:43:55,540.05,400,8900
20240201,13:56:17,541.3,400,8900
20240201,14:02:10,538.7,400,8900
20240201,14:18:11,539.1,400,8900
20240201,14:23:11,537.75,400,9300
20240201,14:30:24,546.25,400,9700
20240201,14:36:40,537.8,900,10100
20240201,14:43:29,530.0,50,11000
20240201,14:46:31,532.2,100,11000
20240201,14:46:40,531.1,100,11000
20240201,14:50:25,538.8,400,10900
20240201,14:54:10,537.8,400,10500
20240201,15:03:38,522.2,200,10900
20240201,15:12:47,508.35,100,11000
20240201,15:19:39,508.35,50,10900
20240201,15:20:59,511.55,50,10900
20240201,15:21:42,510.05,50,10900
20240201,15:24:07,510.2,400,10900
20240201,15:25:58,510.8,900,10600
20240201,15:29:13,509.55,150,11500
20240201,15:29:29,509.8,750,11500
20240202,09:20:03,700.0,1,12400
20240202,09:20:03,700.0,50,12400
20240202,09:21:55,718.0,300,12350
20240202,09:22:15,718.0,50,12350
20240202,09:23:49,722.0,50,12600
20240202,09:24:29,722.0,150,12600
20240202,09:24:37,722.5,50,12600
20240202,09:26:56,722.5,250,12700
20240202,09:27:22,731.4,100,12700
20240202,09:37:02,731.4,50,12700
20240202,09:49:57,743.55,50,12700
20240202,09:51:06,746.75,900,12750
20240202,10:06:43,764.0,50,12650
20240202,10:12:32,766.8,250,12700
20240202,10:38:48,766.8,250,12700
20240202,10:39:08,747.65,250,12700
20240202,10:42:32,741.0,50,12700
20240202,10:50:20,749.1,100,12700
20240202,10:52:16,745.35,50,12700
20240202,11:04:16,782.55,50,12700
20240202,11:04:23,782.55,100,12700
20240202,11:08:29,775.9,200,12850
20240202,11:08:51,773.75,150,12850
20240202,11:09:09,772.15,100,12850
20240202,11:13:31,777.0,50,13300
20240202,11:14:01,799.0,50,13300
20240202,11:14:31,800.0,600,13300
20240202,11:19:49,839.4,250,12900
20240202,11:21:25,849.65,50,12900
20240202,11:25:26,851.8,250,12900
20240202,11:25:31,851.8,250,12900
20240202,11:26:05,845.15,1000,12900
20240202,11:37:33,869.0,50,12900
20240202,11:42:21,908.75,50,12850
20240202,11:44:28,908.75,250,12850
20240202,11:46:38,873.45,50,12850
20240202,11:50:42,862.05,50,12850
20240202,11:51:55,863.7,50,12850
20240202,11:51:57,862.1,100,12850
20240202,12:09:43,862.0,1000,13000
20240202,12:10:21,860.0,500,13000
20240202,12:18:55,860.0,50,12100
20240202,12:20:53,859.0,50,12100
20240202,12:23:23,846.8,50,12100
20240202,12:29:17,781.15,50,12050
20240202,12:29:59,777.9,50,12050
20240202,12:30:44,734.35,50,12050
20240202,12:36:06,685.4,50,12100
20240202,12:37:05,685.4,50,12100
20240202,12:40:36,742.75,100,12150
20240202,12:40:58,742.6,100,12150
20240202,12:58:38,720.95,150,12300
20240202,13:03:59,730.8,50,12300
20240202,13:14:49,684.4,150,12300
20240202,13:16:28,682.95,50,12300
20240202,13:16:34,682.95,1050,12300
20240202,13:20:50,687.05,100,11600
20240202,13:21:54,678.15,50,11600
20240202,13:25:53,664.25,100,11650
20240202,13:26:07,654.4,50,11650
20240202,13:26:09,654.4,50,11650
20240202,13:26:10,657.9,50,11650
20240202,13:26:24,663.0,50,11650
20240202,13:26:37,665.45,100,11650
20240202,13:27:02,667.0,50,11550
20240202,13:28:04,664.15,50,11550
20240202,13:32:40,666.8,50,11550
20240202,13:32:49,662.6,50,11550
20240202,13:34:17,672.8,50,11550
20240202,13:45:23,677.8,50,11550
20240202,14:20:56,714.45,50,11500
20240202,14:50:48,718.0,50,11500
20240202,14:51:04,714.45,50,11500
20240202,14:51:18,714.45,50,11500
20240202,14:52:55,705.0,50,11500
20240202,14:56:27,670.0,50,11550
20240202,14:56:57,660.05,50,11550
20240202,14:56:58,660.0,50,11550
20240202,14:58:56,650.0,50,11550
20240202,15:00:28,650.0,150,11600
20240202,15:09:19,676.95,50,11500
20240202,15:17:55,662.9,50,11500
20240202,15:19:23,660.0,50,11500
20240202,15:22:05,660.0,50,11500
20240202,15:25:39,656.9,50,11500
20240202,15:27:19,662.25,800,11450
20240202,15:27:35,666.0,100,11450
20240205,09:15:35,641.05,1,12250
20240205,09:15:35,641.05,100,12250
20240205,09:15:58,635.0,100,12250
20240205,09:16:23,635.0,50,12200
20240205,09:16:30,636.4,150,12200
20240205,09:17:11,649.2,250,12200
20240205,09:17:59,652.1,400,12200
20240205,09:18:02,652.1,400,12200
20240205,09:18:06,648.35,250,12200
20240205,09:19:56,637.5,50,12550
20240205,09:21:16,650.75,50,12550
20240205,09:21:19,649.9,100,12550
20240205,09:22:24,636.0,50,12450
20240205,09:22:51,636.0,50,12450
20240205,09:24:41,653.0,50,12450
20240205,09:27:03,696.0,50,12550
20240205,09:32:54,696.0,50,12550
20240205,09:42:58,681.85,400,12600
20240205,09:50:23,715.65,50,12450
20240205,09:50:43,720.1,50,12450
20240205,10:00:26,720.1,50,12450
20240205,10:01:26,720.1,50,12400
20240205,10:03:44,710.0,50,12400
20240205,10:08:12,720.0,50,12450
20240205,10:14:05,700.0,50,12450
20240205,10:16:03,696.0,50,12450
20240205,10:18:01,670.0,50,12500
20240205,10:18:04,668.75,50,12500
20240205,10:19:03,644.4,50,12500
20240205,10:19:58,628.0,50,12450
20240205,10:20:10,624.0,50,12450
20240205,10:20:21,624.0,100,12450
20240205,10:21:16,622.7,50,12450
20240205,10:24:12,622.7,50,12550
20240205,10:25:09,645.0,50,12550
20240205,10:30:00,656.0,50,12500
20240205,10:30:05,651.0,50,12500
20240205,10:33:51,641.3,150,12500
20240205,10:34:44,640.55,150,12650
20240205,10:43:43,668.0,50,12650
20240205,10:44:47,680.0,50,12650
20240205,10:46:11,690.0,50,12650
20240205,10:49:55,680.8,50,12650
20240205,11:15:08,690.0,50,12650
20240205,11:35:25,689.5,100,12650
20240205,11:35:34,688.5,100,12650
20240205,11:40:38,709.2,100,12650
20240205,11:59:41,709.15,50,12750
20240205,12:00:41,705.0,50,12750
20240205,12:00:59,700.05,100,12750
20240205,12:01:38,700.0,50,12800
20240205,12:08:57,682.1,100,12800
20240205,12:18:37,708.15,50,12800
20240205,13:03:12,706.9,50,12800
20240205,13:33:59,710.1,50,12850
20240205,13:39:52,691.8,50,12800
20240205,14:33:33,635.0,100,12800
20240205,14:35:01,620.0,100,12800
20240205,14:35:08,620.0,50,12800
20240205,14:35:49,607.15,150,12800
20240205,14:37:09,600.0,50,12800
20240205,14:38:05,600.0,50,12900
20240205,14:44:09,532.35,150,12950
20240205,14:47:22,521.55,150,12800
20240205,14:48:18,549.3,50,12800
20240205,14:49:02,527.25,50,12800
20240205,14:49:39,538.2,50,12800
20240205,14:50:16,551.5,50,12850
20240205,14:50:54,531.9,250,12850
20240205,14:51:04,538.3,550,12850
20240205,14:51:14,529.4,200,12850
20240205,14:53:33,542.65,50,13550
20240205,14:57:54,524.95,50,13600
20240205,14:59:31,514.2,50,13650
20240205,15:00:07,509.35,50,13650
20240205,15:01:07,509.35,50,13650
20240205,15:01:26,522.2,50,13650
20240205,15:04:31,535.35,50,13750
20240205,15:06:25,546.75,50,13750
20240205,15:06:56,537.9,50,13750
20240205,15:07:27,550.35,50,13750
20240205,15:07:42,552.15,50,13750
20240205,15:11:35,550.0,50,13700
20240205,15:12:33,547.05,50,13700
20240205,15:20:05,528.25,50,13700
20240205,15:20:33,529.95,50,13650
20240205,15:25:19,530.2,500,13650
20240205,15:26:46,531.2,50,13150
20240205,15:28:49,530.75,300,13150
20240205,15:29:50,527.95,50,13150
20240206,09:20:33,542.0,1,13150
20240206,09:20:33,542.0,50,13150
20240206,09:29:58,572.0,50,13150
20240206,09:33:31,591.0,50,13200
20240206,09:38:44,600.9,50,13250
20240206,09:39:51,605.85,50,13250
20240206,09:41:11,605.85,50,13350
20240206,09:51:16,619.25,50,13350
20240206,09:57:04,619.25,50,13350
20240206,09:57:19,600.0,50,13350
20240206,10:02:52,625.0,50,13350
20240206,10:02:55,625.0,300,13350
20240206,10:03:05,630.0,50,13350
20240206,10:06:24,630.0,50,13600
20240206,10:13:25,622.85,200,13650
20240206,10:17:11,613.15,50,13650
20240206,10:21:09,620.1,100,13700
20240206,10:31:23,579.25,50,13600
20240206,10:31:44,581.65,150,13600
20240206,10:32:31,561.15,150,13600
20240206,10:33:40,565.0,100,13600
20240206,10:35:30,567.45,50,13750
20240206,10:36:46,580.6,50,13750
20240206,11:32:29,624.0,50,13800
20240206,11:35:06,674.55,200,13800
20240206,11:37:01,674.55,50,13800
20240206,11:46:27,648.95,50,13900
20240206,12:11:03,664.0,50,13900
20240206,12:14:19,670.0,50,13900
20240206,12:19:45,663.25,50,13950
20240206,12:32:27,664.75,100,13950
20240206,12:42:58,678.2,50,14050
20240206,12:48:40,678.2,150,14050
20240206,12:53:24,661.0,250,14050
20240206,12:58:45,651.0,150,14300
20240206,13:05:28,670.0,100,14450
20240206,13:27:02,682.1,50,14550
20240206,13:31:06,703.2,50,14600
20240206,13:48:58,703.2,50,14600
20240206,14:04:41,701.0,100,14650
20240206,14:51:07,676.25,50,14750
20240206,14:53:45,668.4,50,14750
20240206,15:00:33,676.05,50,14800
20240206,15:00:56,680.0,50,14800
20240206,15:05:54,683.2,100,14800
20240206,15:10:39,682.6,50,14900
20240206,15:18:39,663.35,50,14850
20240206,15:19:55,666.5,50,14850
20240206,15:22:47,686.6,50,14950
20240206,15:28:00,705.2,50,15000
20240206,15:29:18,705.2,50,15000
20240206,15:29:21,704.0,250,15000
20240207,09:16:31,789.95,1,14750
20240207,09:16:31,789.95,100,14750
20240207,09:16:32,790.0,200,14750
20240207,09:18:05,790.0,100,14750
20240207,09:18:28,780.95,50,14750
20240207,09:20:27,775.5,50,14600
20240207,09:20:40,775.5,100,14600
20240207,09:21:06,772.05,250,14600
20240207,09:21:09,772.05,250,14600
20240207,09:22:52,764.5,500,14500
20240207,09:23:44,764.5,100,14500
20240207,09:26:56,758.4,500,14500
20240207,09:27:07,753.9,350,14950
20240207,09:27:34,753.2,50,14950
20240207,09:28:26,751.0,100,14950
20240207,09:28:37,747.05,500,15850
20240207,09:32:31,747.05,50,15950
20240207,09:32:32,753.75,100,15950
20240207,09:32:34,752.75,150,15950
20240207,09:32:37,749.3,50,15950
20240207,09:36:31,765.0,50,16150
20240207,09:37:39,770.0,900,16150
20240207,09:39:27,775.0,900,16150
20240207,09:39:38,776.1,200,16150
20240207,09:41:17,776.85,700,15000
20240207,09:44:00,744.0,50,15000
20240207,09:48:48,729.25,50,15000
20240207,09:53:59,729.25,50,15050
20240207,09:54:49,742.1,50,15050
20240207,09:58:25,750.0,100,15150
20240207,10:02:45,751.25,50,15150
20240207,10:09:40,746.55,100,15200
20240207,10:11:43,745.55,150,15300
20240207,10:18:08,760.0,50,15300
20240207,10:19:59,757.4,50,15300
20240207,10:24:09,749.15,50,15300
20240207,10:24:44,745.3,100,15300
20240207,10:27:17,745.3,100,15450
20240207,10:28:25,754.75,50,15450
20240207,10:39:51,723.15,50,15400
20240207,10:48:55,713.6,350,15450
20240207,10:51:12,713.6,100,15800
20240207,11:03:02,713.6,150,15750
20240207,11:03:35,705.0,500,15750
20240207,11:04:10,705.0,250,15750
20240207,11:04:23,705.0,500,15750
20240207,11:06:39,693.0,500,16450
20240207,11:10:17,687.55,500,16700
20240207,11:10:22,687.55,500,16700
20240207,11:10:47,695.8,1000,16700
20240207,11:11:09,696.4,500,17600
20240207,11:23:01,694.1,50,19000
20240207,11:24:08,691.45,50,19000
20240207,11:25:33,683.2,50,19000
20240207,11:29:24,680.0,250,19100
20240207,11:30:53,676.1,250,19100
20240207,11:31:20,676.1,250,19100
20240207,11:31:59,661.0,50,19750
20240207,11:33:08,650.7,100,19750
20240207,11:33:10,649.0,50,19750
20240207,11:33:11,646.8,100,19750
20240207,11:33:23,646.8,50,19750
20240207,11:33:33,651.65,150,19750
20240207,11:34:54,645.0,50,19850
20240207,11:35:57,645.0,100,19850
20240207,11:37:42,646.75,100,19850
20240207,11:40:11,624.45,50,20050
20240207,11:40:56,624.45,50,20050
20240207,11:41:17,626.0,50,20050
20240207,11:41:43,625.25,100,20050
20240207,11:44:23,639.0,50,20000
20240207,11:45:28,635.0,100,20000
20240207,11:49:08,646.0,50,19950
20240207,11:50:04,649.8,100,19950
20240207,11:50:57,649.8,50,19950
20240207,11:51:10,650.15,50,19950
20240207,11:51:36,645.0,3300,19950
20240207,11:51:38,645.0,1200,19950
20240207,11:51:40,644.95,100,19950
20240207,11:51:43,645.0,5850,19950
20240207,11:51:45,645.0,500,19950
20240207,11:51:46,645.0,4150,19950
20240207,11:51:48,647.8,50,19950
20240207,11:51:49,646.5,50,19950
20240207,11:51:56,648.0,350,19950
20240207,11:52:21,649.5,50,19950
20240207,11:52:22,649.1,50,19950
20240207,11:52:27,647.7,150,19950
20240207,11:52:34,645.95,450,19950
20240207,11:52:56,643.45,50,30050
20240207,11:53:01,644.5,250,30050
20240207,11:53:02,643.2,100,30050
20240207,11:53:05,642.2,50,30050
20240207,11:53:20,641.0,50,30050
20240207,11:54:04,638.45,50,30050
20240207,11:55:15,632.4,50,30050
20240207,11:55:19,630.0,50,30050
20240207,11:55:25,627.85,150,30050
20240207,11:55:42,625.0,50,30050
20240207,11:56:16,620.0,50,30100
20240207,11:56:37,611.25,50,30100
20240207,11:57:04,606.1,200,30100
20240207,11:57:25,606.1,50,30100
20240207,11:57:50,603.7,150,30100
20240207,11:57:56,603.7,200,30100
20240207,11:58:05,606.05,50,30100
20240207,11:58:09,603.75,150,30100
20240207,11:58:16,603.2,50,30100
20240207,11:58:42,603.2,50,30100
20240207,11:59:45,614.0,150,30050
20240207,12:01:04,625.25,50,30050
20240207,12:03:47,629.75,150,29900
20240207,12:04:50,632.25,150,29900
20240207,12:05:14,632.0,100,29900
20240207,12:07:41,637.35,150,29900
20240207,12:08:19,636.9,250,29900
20240207,12:12:55,631.0,50,29900
20240207,12:13:18,626.4,150,29900
20240207,12:16:12,633.05,50,29750
20240207,12:16:30,631.75,50,29750
20240207,12:19:10,638.5,100,29800
20240207,12:30:01,638.0,150,29750
20240207,12:33:11,655.55,50,29750
20240207,12:33:13,655.7,100,29750
20240207,12:33:51,651.4,100,29750
20240207,12:34:33,651.4,150,29750
20240207,12:37:44,641.55,50,29600
20240207,12:39:43,638.7,100,29550
20240207,12:40:11,633.35,50,29550
20240207,12:57:55,630.75,100,29650
20240207,13:06:31,634.5,50,29550
20240207,13:06:50,639.0,50,29550
20240207,13:11:52,640.0,50,29550
20240207,13:13:22,646.0,50,29550
20240207,13:15:13,635.0,50,29550
20240207,13:15:53,633.65,50,29550
20240207,13:16:37,632.2,50,29550
20240207,13:19:39,642.0,50,29550
20240207,13:33:14,645.15,250,29500
20240207,13:34:23,648.55,200,29500
20240207,13:35:49,645.0,50,29300
20240207,13:37:41,659.0,50,29300
20240207,13:42:38,685.5,250,29250
20240207,13:42:41,684.95,200,29250
20240207,13:42:51,685.1,250,29250
20240207,13:43:05,683.7,200,29250
20240207,13:43:08,678.7,100,29250
20240207,13:43:11,676.9,100,29250
20240207,13:43:38,677.2,100,29250
20240207,13:43:41,677.45,100,29250
20240207,13:45:32,667.1,250,29450
20240207,13:53:55,652.7,100,29450
20240207,14:03:01,680.0,150,29550
20240207,14:07:04,678.3,50,29550
20240207,14:08:03,690.0,50,29550
20240207,14:09:40,692.75,50,29550
20240207,14:10:44,700.0,200,29550
20240207,14:18:20,691.75,50,29350
20240207,14:27:29,707.0,50,29350
20240207,14:27:34,705.0,50,29350
20240207,14:46:31,680.0,50,29400
20240207,14:50:27,670.0,50,29400
20240207,15:07:07,664.5,300,29400
20240207,15:07:23,667.4,150,29400
20240207,15:19:58,688.0,150,29550
20240207,15:20:00,689.85,100,29550
20240207,15:22:51,684.2,100,29700
20240207,15:24:28,693.8,50,29700
20240207,15:24:42,693.25,250,29800
20240207,15:25:32,695.75,50,29800
20240207,15:26:39,698.05,150,29800
20240207,15:27:23,698.6,650,29800
20240207,15:27:48,700.25,100,29800
20240207,15:28:46,710.0,100,29800
20240208,09:19:41,742.9,1,28800
20240208,09:19:41,742.9,50,28800
20240208,09:20:14,748.3,100,28800
20240208,09:20:25,750.0,1100,28800
20240208,09:20:43,753.6,50,28800
20240208,09:22:13,760.65,150,28800
20240208,09:23:31,760.65,50,30000
20240208,09:25:40,753.0,50,30050
20240208,09:26:44,756.95,50,30050
20240208,09:27:05,757.0,50,30050
20240208,09:27:18,758.1,50,30050
20240208,09:28:54,758.0,50,30150
20240208,09:29:42,755.0,500,30150
20240208,09:32:33,750.3,50,30200
20240208,09:32:38,750.3,50,30200
20240208,09:32:40,750.3,50,30200
20240208,09:32:43,750.3,50,30200
20240208,09:33:50,744.3,50,30200
20240208,09:40:13,729.0,50,30150
20240208,09:40:31,729.0,150,30150
20240208,09:41:03,729.1,50,30250
20240208,09:42:39,720.65,100,30250
20240208,09:48:36,720.65,50,30250
20240208,09:52:11,705.35,50,30250
20240208,09:53:01,705.35,1100,30300
20240208,10:00:12,703.1,100,30300
20240208,10:02:52,703.1,250,30400
20240208,10:02:55,714.8,100,30400
20240208,10:02:58,713.7,50,30400
20240208,10:03:01,712.9,50,30400
20240208,10:03:06,714.1,50,30400
20240208,10:05:16,742.35,100,30900
20240208,10:07:33,720.4,50,30900
20240208,10:09:20,684.5,50,30900
20240208,10:10:22,678.7,50,30900
20240208,10:11:38,674.25,50,30950
20240208,10:11:49,674.25,50,30950
20240208,10:12:58,673.55,150,30950
20240208,10:15:39,654.95,400,31200
20240208,10:15:49,640.35,800,31200
20240208,10:16:59,638.95,1300,31200
20240208,10:17:04,638.95,50,31000
20240208,10:19:09,650.0,150,31000
20240208,10:21:03,663.95,50,31700
20240208,10:21:27,660.7,700,31700
20240208,10:22:03,655.0,400,31700
20240208,10:22:31,660.0,50,31700
20240208,10:22:38,661.0,50,31700
20240208,10:22:48,661.0,50,31700
20240208,10:22:55,662.0,50,32650
20240208,10:25:11,668.15,50,32650
20240208,10:26:16,680.0,50,32750
20240208,10:26:21,687.4,50,32750
20240208,10:29:20,705.7,50,32800
20240208,10:29:35,706.1,50,32800
20240208,10:29:44,700.1,100,32800
20240208,10:30:08,700.1,50,32800
20240208,10:30:20,695.0,100,32800
20240208,10:30:55,695.9,50,32800
20240208,10:31:17,707.0,300,32800
20240208,10:31:23,710.0,300,32800
20240208,10:31:48,713.0,550,32800
20240208,10:33:30,705.0,100,34100
20240208,10:33:34,705.0,300,34100
20240208,10:34:44,705.0,100,34100
20240208,10:34:50,706.0,50,34100
20240208,10:36:26,701.65,50,34650
20240208,10:43:15,638.0,100,34700
20240208,10:43:22,638.0,50,34700
20240208,10:43:44,633.45,50,34700
20240208,10:44:42,633.45,50,34700
20240208,10:44:59,634.15,50,34700
20240208,10:47:37,634.15,100,34700
20240208,10:50:15,642.6,50,34700
20240208,10:51:34,650.0,50,34700
20240208,10:51:37,650.35,50,34700
20240208,10:52:12,640.55,100,34700
20240208,10:54:01,640.55,50,34800
20240208,10:54:33,639.3,100,34800
20240208,10:54:59,639.35,100,34800
20240208,10:56:13,646.65,1300,35000
20240208,10:57:19,634.15,150,35000
20240208,10:58:37,613.5,100,35000
20240208,10:58:58,606.15,100,33750
20240208,10:59:03,600.5,50,33750
20240208,10:59:36,600.5,100,33750
20240208,11:00:03,594.0,50,33750
20240208,11:00:12,594.0,50,33750
20240208,11:00:15,592.35,100,33750
20240208,11:00:17,587.0,50,33750
20240208,11:00:18,587.0,150,33750
20240208,11:00:22,585.0,50,33750
20240208,11:00:23,585.0,50,33750
20240208,11:00:25,585.0,100,33750
20240208,11:00:43,591.7,50,33750
20240208,11:01:07,589.65,50,33750
20240208,11:01:08,588.0,100,33750
20240208,11:01:32,582.75,100,33750
20240208,11:01:50,582.75,50,33750
20240208,11:02:45,572.0,50,33600
20240208,11:03:38,558.6,50,33600
20240208,11:04:10,540.0,50,33600
20240208,11:04:15,533.8,100,33600
20240208,11:04:23,525.0,50,33600
20240208,11:04:30,525.0,150,33600
20240208,11:04:32,531.0,1000,33600
20240208,11:04:37,519.2,100,33600
20240208,11:05:13,519.2,100,34100
20240208,11:05:27,512.4,50,34100
20240208,11:05:45,512.4,100,34100
20240208,11:05:50,515.95,100,34100
20240208,11:06:20,535.0,400,34100
20240208,11:06:22,535.0,250,34100
20240208,11:06:32,538.8,350,34100
20240208,11:06:42,536.95,50,34100
20240208,11:07:05,528.0,50,34100
20240208,11:07:15,527.6,200,34100
20240208,11:08:07,541.1,50,34300
20240208,11:08:12,536.95,50,34300
20240208,11:08:17,542.0,100,34300
20240208,11:08:22,539.95,100,34300
20240208,11:08:35,528.7,100,34300
20240208,11:08:57,533.65,250,34300
20240208,11:09:32,529.0,400,34300
20240208,11:09:35,529.85,50,34300
20240208,11:09:39,524.9,150,34300
20240208,11:09:42,520.1,50,34300
20240208,11:09:49,520.0,50,34300
20240208,11:10:09,528.65,250,34300
20240208,11:10:21,524.3,50,34300
20240208,11:10:24,519.95,50,34300
20240208,11:10:29,520.4,250,34300
20240208,11:10:41,525.7,100,34300
20240208,11:10:52,525.7,50,34300
20240208,11:11:50,545.0,150,34300
20240208,11:11:52,542.5,100,33900
20240208,11:13:12,546.0,100,33900
20240208,11:13:21,547.35,50,33900
20240208,11:13:26,542.5,50,33900
20240208,11:14:30,541.85,1500,34000
20240208,11:14:35,541.25,1500,34000
20240208,11:14:54,540.15,50,34000
20240208,11:15:08,535.1,50,34000
20240208,11:15:09,535.55,1000,34000
20240208,11:15:15,535.75,1000,34000
20240208,11:15:18,536.15,1000,34000
20240208,11:15:40,534.45,2000,34000
20240208,11:15:41,536.1,1000,34000
20240208,11:15:51,541.0,1000,34000
20240208,11:16:03,540.75,50,34000
20240208,11:16:17,541.0,200,34000
20240208,11:16:22,539.7,1000,34000
20240208,11:16:23,538.45,1000,34000
20240208,11:16:25,538.0,1000,34000
20240208,11:16:55,544.0,1000,34000
20240208,11:16:58,542.35,50,34000
20240208,11:17:02,542.6,1000,34000
20240208,11:17:17,546.15,50,48150
20240208,11:17:35,546.0,100,48150
20240208,11:17:43,540.0,1500,48150
20240208,11:17:47,539.6,150,48150
20240208,11:17:50,541.0,300,48150
20240208,11:17:52,538.0,1000,48150
20240208,11:17:53,539.95,50,48150
20240208,11:18:18,544.0,150,48150
20240208,11:18:21,544.0,1350,48150
20240208,11:18:31,545.4,300,48150
20240208,11:18:43,546.6,300,48150
20240208,11:18:45,545.45,150,48150
20240208,11:18:50,548.3,50,48150
20240208,11:18:51,548.55,150,48150
20240208,11:19:08,547.55,1000,48150
20240208,11:19:13,544.2,100,48150
20240208,11:19:20,545.2,1200,48150
20240208,11:19:21,549.0,50,48150
20240208,11:19:23,549.0,850,48150
20240208,11:19:33,545.8,1150,48150
20240208,11:19:35,543.3,2750,48150
20240208,11:19:36,545.35,50,48150
20240208,11:19:38,541.55,1000,48150
20240208,11:19:46,541.05,100,48150
20240208,11:20:06,541.2,450,61550
20240208,11:20:11,540.0,2550,61550
20240208,11:20:13,541.05,100,61550
20240208,11:20:33,542.3,200,61550
20240208,11:20:34,543.05,200,61550
20240208,11:20:36,543.0,200,61550
20240208,11:20:38,542.6,200,61550
20240208,11:20:44,540.45,200,61550
20240208,11:20:46,542.2,750,61550
20240208,11:20:58,537.6,200,61550
20240208,11:21:09,540.05,1500,61550
20240208,11:21:14,544.6,150,61550
20240208,11:21:18,544.35,1000,61550
20240208,11:21:56,546.45,50,61550
20240208,11:22:03,543.25,50,61550
20240208,11:22:08,541.8,150,61550
20240208,11:22:19,543.4,300,61550
20240208,11:22:33,540.7,250,61550
20240208,11:22:49,540.0,150,61550
20240208,11:23:01,540.4,50,61550
20240208,11:23:02,537.3,300,61550
20240208,11:23:26,537.0,300,69100
20240208,11:23:32,533.1,250,69100
20240208,11:23:34,531.4,50,69100
20240208,11:23:36,531.9,150,69100
20240208,11:23:47,530.6,100,69100
20240208,11:24:01,534.6,100,69100
20240208,11:24:03,533.4,150,69100
20240208,11:24:04,535.15,150,69100
20240208,11:25:11,541.75,100,69100
20240208,11:26:02,543.3,50,69100
20240208,11:26:21,545.35,50,69250
20240208,11:27:28,550.9,50,69250
20240208,11:27:35,553.6,50,69250
20240208,11:29:02,562.2,350,69250
20240208,11:29:05,564.8,50,69150
20240208,11:29:25,559.65,50,69150
20240208,11:29:48,553.0,150,69150
20240208,11:29:53,555.2,50,69150
20240208,11:30:20,554.6,50,69150
20240208,11:30:41,557.75,200,69150
20240208,11:30:44,556.55,50,69150
20240208,11:31:03,557.5,100,69150
20240208,11:31:59,544.3,50,69150
20240208,11:32:14,543.3,200,69200
20240208,11:32:37,540.0,100,69200
20240208,11:33:09,539.75,50,69200
20240208,11:33:28,540.0,650,69200
20240208,11:34:48,536.2,100,69200
20240208,11:35:06,535.5,100,69850
20240208,11:35:46,543.15,100,69850
20240208,11:36:34,549.0,50,69850
20240208,11:36:39,547.75,50,69850
20240208,11:36:50,549.75,50,69850
20240208,11:36:52,550.0,100,69850
20240208,11:37:03,549.0,100,69850
20240208,11:37:15,551.75,50,69850
20240208,11:37:43,556.5,300,69850
20240208,11:37:57,557.25,300,69850
20240208,11:38:01,558.5,100,69850
20240208,11:38:26,558.2,50,70750
20240208,11:41:53,549.45,50,70750
20240208,11:42:48,556.0,250,70750
20240208,11:43:32,559.0,100,70750
20240208,11:43:45,559.0,50,70750
20240208,11:43:58,559.2,50,70750
20240208,11:44:05,557.15,50,70850
20240208,11:44:07,555.1,100,70850
20240208,11:47:20,556.05,1200,70850
20240208,11:49:11,560.0,50,70850
20240208,11:49:26,560.0,150,70850
20240208,11:52:17,558.0,50,71950
20240208,11:53:10,560.1,50,72000
20240208,11:54:04,576.75,1900,72000
20240208,11:54:08,585.2,150,72000
20240208,11:54:14,580.0,350,72000
20240208,11:54:29,580.0,50,72000
20240208,11:55:01,572.1,50,72000
20240208,11:55:21,575.0,50,72000
20240208,11:55:36,575.8,200,72000
20240208,11:55:38,577.0,150,72000
20240208,11:55:41,578.0,150,72000
20240208,11:55:46,575.95,50,72000
20240208,11:56:06,577.0,100,72000
20240208,11:56:14,576.4,50,72350
20240208,11:56:18,579.7,50,72350
20240208,11:57:54,563.4,200,72350
20240208,11:58:12,557.9,200,72350
20240208,11:58:29,557.0,100,72350
20240208,11:58:32,557.95,50,72350
20240208,11:58:34,558.1,150,72350
20240208,11:58:37,559.2,50,72350
20240208,11:59:04,564.75,150,72350
20240208,11:59:14,564.55,50,71800
20240208,12:00:27,565.0,300,71800
20240208,12:03:06,573.3,50,72050
20240208,12:03:53,573.15,50,72050
20240208,12:04:25,573.15,100,72050
20240208,12:05:15,573.85,400,72100
20240208,12:09:04,562.5,100,72450
20240208,12:10:33,568.05,150,72450
20240208,12:12:05,574.3,700,72650
20240208,12:12:10,579.5,50,72650
20240208,12:13:38,586.0,50,72650
20240208,12:15:15,582.0,50,73400
20240208,12:15:16,582.65,50,73400
20240208,12:18:52,574.0,700,73500
20240208,12:20:11,572.0,50,73500
20240208,12:20:50,567.8,50,74200
20240208,12:21:06,561.1,850,74200
20240208,12:22:27,567.0,700,74200
20240208,12:22:47,563.55,700,74200
20240208,12:23:09,560.0,50,74200
20240208,12:23:24,555.8,150,73650
20240208,12:28:52,565.05,150,73650
20240208,12:30:08,560.0,100,73650
20240208,12:32:04,555.8,50,73650
20240208,12:32:33,555.8,100,73650
20240208,12:33:58,567.0,150,73650
20240208,12:34:30,572.25,150,73650
20240208,12:35:01,572.25,200,73650
20240208,12:38:56,574.55,600,73650
20240208,12:39:04,574.0,450,73650
20240208,12:41:45,572.0,50,74650
20240208,12:43:48,570.0,100,74650
20240208,12:51:11,570.1,50,74650
20240208,12:52:44,570.0,100,74650
20240208,12:53:27,570.7,50,74700
20240208,12:53:40,567.8,200,74700
20240208,12:54:27,571.8,50,74700
20240208,12:55:30,567.45,50,74700
20240208,12:56:31,570.25,50,74900
20240208,12:56:46,568.0,100,74900
20240208,12:57:57,563.25,1000,74900
20240208,12:58:09,564.3,50,74900
20240208,12:59:28,581.45,150,76050
20240208,12:59:33,579.35,50,76050
20240208,13:00:01,582.0,100,76050
20240208,13:00:02,585.0,50,76050
20240208,13:00:19,590.0,50,76050
20240208,13:01:00,581.15,50,76050
20240208,13:01:55,568.0,50,76050
20240208,13:02:18,567.1,100,76100
20240208,13:04:18,566.95,150,76100
20240208,13:04:47,567.0,50,76100
20240208,13:05:17,569.6,50,76150
20240208,13:06:17,569.0,50,76150
20240208,13:06:37,570.0,450,76150
20240208,13:07:57,570.0,1000,76150
20240208,13:08:31,570.65,50,77450
20240208,13:08:40,569.15,800,77450
20240208,13:13:44,579.4,1000,78250
20240208,13:14:03,582.6,50,78250
20240208,13:14:20,580.5,150,79300
20240208,13:15:01,582.0,50,79300
20240208,13:16:39,580.3,100,79300
20240208,13:17:07,582.0,50,79300
20240208,13:18:34,578.2,50,79400
20240208,13:19:27,574.0,100,79400
20240208,13:21:41,569.4,50,79550
20240208,13:22:05,568.7,200,79550
20240208,13:22:14,570.0,100,79550
20240208,13:25:15,564.95,50,79550
20240208,13:27:33,567.2,50,79600
20240208,13:27:54,567.2,50,79600
20240208,13:28:36,573.0,150,79600
20240208,13:42:33,568.1,100,79600
20240208,13:42:43,566.95,150,79600
20240208,13:43:47,565.0,50,79600
20240208,13:46:22,568.0,500,79650
20240208,13:47:29,573.0,50,79150
20240208,13:48:00,570.45,50,79150
20240208,13:49:42,566.75,50,79150
20240208,13:52:32,563.55,100,79150
20240208,13:52:42,558.45,100,79100
20240208,13:52:47,548.95,300,79100
20240208,13:52:48,550.9,100,79100
20240208,13:52:50,555.0,150,79100
20240208,13:52:52,552.3,350,79100
20240208,13:52:53,550.25,200,79100
20240208,13:52:57,553.05,100,79100
20240208,13:53:00,557.8,50,79100
20240208,13:53:03,554.4,50,79100
20240208,13:53:05,553.0,50,79100
20240208,13:53:08,554.45,200,79100
20240208,13:53:17,553.1,250,79100
20240208,13:53:18,551.0,450,79100
20240208,13:53:57,547.0,100,79300
20240208,13:54:10,548.05,50,79300
20240208,13:55:15,545.0,150,79300
20240208,13:57:20,550.0,600,79400
20240208,13:58:43,549.55,50,79400
20240208,14:00:34,549.5,600,79400
20240208,14:01:00,553.0,50,79400
20240208,14:01:59,551.45,150,79400
20240208,14:02:56,555.45,500,79450
20240208,14:03:16,551.0,500,79450
20240208,14:03:24,540.0,150,79450
20240208,14:03:29,540.4,50,79450
20240208,14:04:18,541.5,500,79450
20240208,14:04:39,540.75,100,79450
20240208,14:04:57,530.0,300,79450
20240208,14:05:04,530.5,50,79450
20240208,14:05:06,527.95,1000,79450
20240208,14:05:09,530.0,1000,79450
20240208,14:05:18,526.2,50,79450
20240208,14:06:01,529.2,150,81450
20240208,14:06:14,523.8,50,81450
20240208,14:06:33,524.7,50,81450
20240208,14:07:29,532.0,600,81450
20240208,14:08:15,532.75,50,81450
20240208,14:08:25,531.0,2000,81450
20240208,14:08:27,531.0,4250,84150
20240208,14:08:28,531.0,4550,84150
20240208,14:08:40,531.0,50,84150
20240208,14:08:53,530.4,1000,84150
20240208,14:08:58,528.85,150,84150
20240208,14:10:07,528.7,50,84150
20240208,14:10:08,528.7,450,84150
20240208,14:10:15,530.0,100,84150
20240208,14:10:30,526.0,100,84150
20240208,14:10:58,528.35,50,84150
20240208,14:11:28,530.0,2750,94200
20240208,14:11:38,530.95,100,94200
20240208,14:12:48,530.95,50,94200
20240208,14:13:38,528.55,50,94200
20240208,14:13:57,524.3,150,94200
20240208,14:14:01,524.3,100,94200
20240208,14:14:02,520.8,100,94200
20240208,14:14:07,520.0,300,94200
20240208,14:14:16,517.45,50,94200
20240208,14:14:23,521.55,100,94200
20240208,14:14:54,521.4,300,96900
20240208,14:15:02,518.7,50,96900
20240208,14:15:07,512.2,150,96900
20240208,14:15:09,512.2,50,96900
20240208,14:15:24,508.0,150,96900
20240208,14:15:27,508.0,100,96900
20240208,14:16:15,517.4,50,96900
20240208,14:16:40,516.25,700,96900
20240208,14:18:03,533.0,50,97200
20240208,14:18:29,534.65,50,97200
20240208,14:19:57,541.3,50,97200
20240208,14:20:22,540.4,1000,97200
20240208,14:20:35,537.3,50,96250
20240208,14:20:36,533.95,50,96250
20240208,14:20:48,533.25,250,96250
20240208,14:20:54,530.55,150,96250
20240208,14:21:48,532.95,100,96250
20240208,14:22:42,525.15,250,96250
20240208,14:23:03,527.0,50,96250
20240208,14:23:08,525.7,100,96250
20240208,14:23:09,525.15,100,96250
20240208,14:23:49,523.6,50,96350
20240208,14:23:58,523.45,150,96350
20240208,14:24:03,524.1,50,96350
20240208,14:24:08,527.1,200,96350
20240208,14:24:13,526.2,50,96350
20240208,14:24:24,529.8,50,96350
20240208,14:26:30,525.8,50,96350
20240208,14:26:38,521.0,50,96350
20240208,14:26:40,520.0,50,96400
20240208,14:27:10,517.4,150,96400
20240208,14:27:12,517.4,150,96400
20240208,14:27:25,511.6,150,96400
20240208,14:28:05,518.0,300,96400
20240208,14:28:37,526.15,150,96400
20240208,14:28:42,527.75,50,96400
20240208,14:28:58,526.8,50,96400
20240208,14:29:20,527.85,50,96400
20240208,14:29:29,527.85,150,96400
20240208,14:29:58,523.0,50,96900
20240208,14:30:19,520.0,50,96900
20240208,14:30:23,517.2,50,96900
20240208,14:31:18,508.9,50,96900
20240208,14:32:06,511.95,50,96900
20240208,14:32:13,507.85,50,96900
20240208,14:32:23,507.85,50,96900
20240208,14:32:25,508.8,50,96900
20240208,14:32:43,510.0,50,96800
20240208,14:33:16,509.95,50,96800
20240208,14:33:33,512.0,50,96800
20240208,14:34:07,518.1,50,96800
20240208,14:35:24,515.0,50,96800
20240208,14:35:33,513.1,50,96800
20240208,14:36:38,506.0,50,96800
20240208,14:36:47,500.0,150,96800
20240208,14:36:55,499.2,200,96800
20240208,14:37:02,499.1,50,96800
20240208,14:37:10,499.1,50,96800
20240208,14:37:35,501.2,100,96800
20240208,14:38:04,499.15,50,96800
20240208,14:38:13,498.9,50,96800
20240208,14:38:14,498.9,50,96800
20240208,14:39:06,492.85,50,96800
20240208,14:39:11,490.0,100,96800
20240208,14:39:13,490.0,50,96800
20240208,14:39:31,490.8,50,96800
20240208,14:39:43,493.5,250,96800
20240208,14:39:44,493.65,50,96800
20240208,14:39:46,493.5,50,96800
20240208,14:39:58,495.55,50,96800
20240208,14:40:06,496.0,50,96800
20240208,14:40:21,490.8,50,96800
20240208,14:40:36,492.0,150,96800
20240208,14:40:40,493.8,50,96800
20240208,14:40:55,496.2,50,96800
20240208,14:40:56,494.85,50,96800
20240208,14:40:59,496.6,100,96800
20240208,14:41:01,494.6,100,96800
20240208,14:41:06,497.4,50,96800
20240208,14:41:32,495.65,250,97100
20240208,14:41:41,495.0,50,97100
20240208,14:42:07,502.0,50,97100
20240208,14:42:14,503.75,150,97100
20240208,14:42:19,504.0,50,97100
20240208,14:42:29,506.65,50,97100
20240208,14:42:44,509.9,50,97100
20240208,14:42:45,509.35,50,97100
20240208,14:43:03,507.75,100,97100
20240208,14:43:20,509.55,100,97100
20240208,14:43:53,504.7,50,97100
20240208,14:44:39,501.05,50,97200
20240208,14:44:41,504.0,50,97200
20240208,14:44:44,502.15,1800,97200
20240208,14:44:46,506.05,50,97200
20240208,14:45:00,502.65,50,97200
20240208,14:45:27,510.8,50,97200
20240208,14:45:39,507.05,200,97200
20240208,14:46:04,509.1,100,97200
20240208,14:46:06,506.25,200,97200
20240208,14:46:34,503.5,300,97200
20240208,14:47:16,509.0,50,97200
20240208,14:48:02,509.95,50,99750
20240208,14:49:42,513.0,500,99750
20240208,14:49:55,513.55,50,99750
20240208,14:50:05,513.6,50,99750
20240208,14:50:25,510.85,50,99750
20240208,14:51:13,503.1,100,100350
20240208,14:52:43,503.1,50,100350
20240208,14:52:48,502.8,50,100350
20240208,14:54:21,502.4,50,100400
20240208,14:55:22,503.95,500,100400
20240208,14:55:48,498.45,50,100400
20240208,14:55:53,500.35,500,100400
20240208,14:55:57,498.45,100,100400
20240208,14:56:07,500.5,50,100400
20240208,14:56:34,498.95,50,100400
20240208,14:57:47,497.75,100,100550
20240208,14:57:52,496.3,100,100550
20240208,14:57:58,494.75,100,100550
20240208,14:58:35,491.1,200,100550
20240208,14:58:40,490.0,50,100550
20240208,14:58:42,490.0,150,100550
20240208,14:58:43,487.9,150,100550
20240208,14:58:50,487.85,150,100550
20240208,14:58:52,486.45,100,100550
20240208,14:58:53,486.45,100,100550
20240208,14:59:07,487.85,150,100550
20240208,14:59:13,487.05,50,100550
20240208,14:59:17,485.25,150,100550
20240208,14:59:18,485.25,100,100550
20240208,14:59:20,485.2,100,100550
20240208,14:59:22,485.2,50,100550
20240208,14:59:23,485.15,50,100550
20240208,14:59:25,485.15,100,100550
20240208,14:59:57,485.0,150,100700
20240208,15:00:02,485.0,650,100700
20240208,15:00:10,489.35,500,100700
20240208,15:00:15,492.35,100,100700
20240208,15:00:18,492.15,50,100700
20240208,15:00:20,494.45,50,100700
20240208,15:00:22,494.1,100,100700
20240208,15:00:23,492.8,200,100700
20240208,15:00:25,493.15,500,100700
20240208,15:00:55,489.0,100,100700
20240208,15:01:09,489.0,50,100700
20240208,15:01:47,486.0,50,100700
20240208,15:01:49,486.15,50,100700
20240208,15:01:57,485.8,50,100700
20240208,15:01:59,485.8,100,100700
20240208,15:02:09,483.55,100,100700
20240208,15:02:17,483.55,50,100700
20240208,15:02:19,483.25,50,100700
20240208,15:02:39,483.25,50,102200
20240208,15:02:47,485.25,50,102200
20240208,15:02:49,484.0,850,102200
20240208,15:03:12,478.9,150,102200
20240208,15:03:14,478.9,50,102200
20240208,15:03:16,482.5,300,102200
20240208,15:03:17,484.25,250,102200
20240208,15:03:27,481.4,500,102200
20240208,15:03:31,482.5,150,102200
20240208,15:03:34,484.75,100,102200
20240208,15:03:39,484.0,150,102200
20240208,15:03:44,485.0,50,102200
20240208,15:03:47,486.9,100,102200
20240208,15:03:51,484.7,400,102200
20240208,15:04:01,486.1,150,102200
20240208,15:04:12,486.75,100,102200
20240208,15:04:26,487.55,100,102200
20240208,15:05:14,504.0,50,102200
20240208,15:05:16,502.65,300,102200
20240208,15:05:36,506.45,50,102200
20240208,15:05:37,506.4,50,102200
20240208,15:05:44,508.5,50,104050
20240208,15:05:49,508.0,50,104050
20240208,15:05:59,508.7,50,104050
20240208,15:06:12,510.15,250,104050
20240208,15:06:21,508.1,50,104050
20240208,15:06:27,507.75,50,104050
20240208,15:06:57,512.75,400,104050
20240208,15:07:00,511.35,50,104050
20240208,15:07:02,513.2,50,104050
20240208,15:07:20,511.75,50,104050
20240208,15:07:25,512.3,50,104050
20240208,15:07:30,515.0,50,104050
20240208,15:07:34,513.55,1000,104050
20240208,15:07:49,518.45,50,104050
20240208,15:08:09,515.4,100,104050
20240208,15:08:32,519.0,50,104050
20240208,15:08:50,524.75,50,104950
20240208,15:09:03,526.25,1300,104950
20240208,15:09:11,524.75,50,104950
20240208,15:09:31,516.75,50,104950
20240208,15:09:34,515.9,50,104950
20240208,15:10:31,518.7,50,104950
20240208,15:10:36,520.25,50,104950
20240208,15:10:54,519.45,50,104950
20240208,15:10:56,522.75,100,104950
20240208,15:11:02,522.45,250,104950
20240208,15:11:16,523.0,100,104950
20240208,15:11:49,518.75,50,105250
20240208,15:12:01,518.7,50,105250
20240208,15:12:09,519.0,100,105250
20240208,15:12:35,520.3,50,105250
20240208,15:12:36,519.0,50,105250
20240208,15:12:56,519.3,50,105250
20240208,15:12:58,521.2,50,105250
20240208,15:13:58,521.95,50,105250
20240208,15:14:49,520.35,1000,105450
20240208,15:15:09,517.2,900,105450
20240208,15:15:16,515.3,50,105450
20240208,15:15:43,519.0,50,105450
20240208,15:15:48,521.1,50,105450
20240208,15:16:06,518.05,200,105450
20240208,15:16:11,519.85,250,105450
20240208,15:16:53,520.0,100,105450
20240208,15:16:54,518.0,50,105450
20240208,15:16:58,520.0,50,105450
20240208,15:17:01,520.0,50,105450
20240208,15:17:11,519.3,50,105450
20240208,15:17:15,519.25,2000,105450
20240208,15:18:03,519.95,100,108750
20240208,15:18:26,519.45,1200,108750
20240208,15:18:46,519.45,50,108750
20240208,15:19:03,519.0,350,108750
20240208,15:19:12,520.2,150,108750
20240208,15:19:23,517.6,1500,108750
20240208,15:19:27,519.55,750,108750
20240208,15:19:33,519.5,50,108750
20240208,15:19:57,518.35,50,108750
20240208,15:20:02,519.5,50,108750
20240208,15:20:12,519.5,50,108750
20240208,15:20:13,519.5,100,108750
20240208,15:20:54,520.4,100,112150
20240208,15:20:58,519.5,100,112150
20240208,15:22:19,522.4,50,112150
20240208,15:22:26,522.4,250,112150
20240208,15:22:41,521.55,50,112150
20240208,15:22:51,521.1,50,112150
20240208,15:23:24,523.1,200,112150
20240208,15:23:27,521.65,50,112150
20240208,15:23:40,524.0,50,112250
20240208,15:24:01,524.0,50,112250
20240208,15:24:06,523.55,50,112250
20240208,15:24:13,525.0,50,112250
20240208,15:24:18,525.0,50,112250
20240208,15:24:26,526.15,50,112250
20240208,15:24:33,526.5,550,112250
20240208,15:25:31,527.3,150,112250
20240208,15:25:33,527.2,50,112250
20240208,15:25:35,527.2,150,112250
20240208,15:25:37,527.25,200,112250
20240208,15:25:40,526.5,50,112250
20240208,15:25:58,525.25,300,112250
20240208,15:26:10,525.35,100,112250
20240208,15:26:15,526.15,250,112250
20240208,15:26:16,526.15,350,112250
20240208,15:26:25,526.95,500,112250
20240208,15:26:44,525.65,50,112250
20240208,15:27:09,526.1,200,112500
20240208,15:27:10,526.1,400,112500
20240208,15:27:12,526.1,200,112500
20240208,15:27:25,527.85,200,112500
20240208,15:27:33,527.85,500,112500
20240208,15:28:01,529.1,50,112500
20240208,15:28:08,530.7,50,112500
20240208,15:28:14,530.55,100,112500
20240208,15:28:38,529.0,50,112500
20240208,15:28:39,529.1,50,112500
20240208,15:28:41,528.5,150,112500
20240208,15:28:51,530.65,50,112500
20240208,15:29:05,530.2,150,112500
20240208,15:29:15,528.65,50,112500
20240208,15:29:20,529.45,150,112500
20240208,15:29:22,529.55,200,112500
20240208,15:29:25,529.2,250,112500
20240208,15:29:27,529.4,50,112500
20240208,15:29:39,527.8,100,112500
20240208,15:29:44,529.7,50,112350
20240208,15:29:45,529.4,50,112350
20240208,15:29:49,529.45,50,112350
20240208,15:29:55,529.4,100,112350
20240208,15:30:01,529.45,50,112350
20240209,09:15:04,490.05,1,112350
20240209,09:15:04,490.05,700,112350
20240209,09:15:05,491.4,550,112400
20240209,09:15:06,491.4,2650,112400
20240209,09:15:06,489.75,2650,112400
20240209,09:15:07,492.7,1150,112400
20240209,09:15:07,488.95,1150,112400
20240209,09:15:08,487.05,1550,112400
20240209,09:15:09,487.05,200,112400
20240209,09:15:11,492.95,250,112400
20240209,09:15:12,488.75,250,112400
20240209,09:15:13,485.05,50,112400
20240209,09:15:14,481.35,50,112400
20240209,09:15:15,481.35,300,112400
20240209,09:15:18,478.85,50,112400
20240209,09:15:20,477.0,100,112400
20240209,09:15:21,474.95,100,112400
20240209,09:15:22,478.0,50,112400
20240209,09:15:23,476.55,50,112400
20240209,09:15:24,476.6,50,112400
20240209,09:15:25,478.9,50,112400
20240209,09:15:26,477.95,150,112400
20240209,09:15:27,479.5,100,112400
20240209,09:15:29,480.55,550,112400
20240209,09:15:30,481.05,300,112400
20240209,09:15:33,487.35,100,112400
20240209,09:15:34,490.05,50,112400
20240209,09:15:36,494.7,50,112400
20240209,09:15:37,495.35,50,112400
20240209,09:15:38,495.35,50,112400
20240209,09:15:39,498.25,50,112400
20240209,09:15:40,498.25,300,112400
20240209,09:15:43,496.85,100,112400
20240209,09:15:44,496.6,100,112400
20240209,09:15:45,496.15,400,112400
20240209,09:15:46,494.55,50,112400
20240209,09:15:47,493.55,50,112400
20240209,09:15:50,492.95,100,112400
20240209,09:15:52,492.3,500,112400
20240209,09:15:53,492.45,400,112400
20240209,09:15:54,493.45,400,112400
20240209,09:15:57,491.05,350,112400
20240209,09:15:58,489.55,850,112400
20240209,09:15:59,490.35,50,112400
20240209,09:16:01,488.7,1000,112400
20240209,09:16:02,488.65,100,112400
20240209,09:16:03,490.45,200,112400
20240209,09:16:04,485.75,450,112400
20240209,09:16:05,489.6,50,112400
20240209,09:16:07,488.35,100,112400
20240209,09:16:08,489.5,500,112400
20240209,09:16:09,491.0,150,112400
20240209,09:16:10,492.45,50,112400
20240209,09:16:11,492.15,100,112400
20240209,09:16:12,490.5,100,112400
20240209,09:16:13,490.75,250,112400
20240209,09:16:14,489.55,100,112400
20240209,09:16:15,489.25,150,112400
20240209,09:16:17,483.95,200,119200
20240209,09:16:19,486.45,150,119200
20240209,09:16:20,485.8,50,119200
20240209,09:16:21,485.25,50,119200
20240209,09:16:22,484.75,150,119200
20240209,09:16:23,484.55,50,119200
20240209,09:16:25,484.3,50,119200
20240209,09:16:27,483.3,100,119200
20240209,09:16:28,482.65,200,119200
20240209,09:16:31,484.0,150,119200
20240209,09:16:32,484.85,100,119200
20240209,09:16:33,484.9,350,119200
20240209,09:16:42,483.2,50,119200
20240209,09:16:44,484.3,1800,119200
20240209,09:16:53,484.6,150,119200
20240209,09:16:54,483.85,300,119200
20240209,09:17:09,471.25,50,119200
20240209,09:17:11,471.25,100,119200
20240209,09:17:13,477.0,150,119200
20240209,09:17:18,478.5,50,119200
20240209,09:17:20,477.0,50,119200
20240209,09:17:34,472.3,50,119200
20240209,09:17:43,473.4,100,119200
20240209,09:17:52,473.4,200,119200
20240209,09:17:54,472.0,1800,119200
20240209,09:17:56,474.15,50,119200
20240209,09:18:01,468.25,1300,119200
20240209,09:18:02,468.25,50,119200
20240209,09:18:04,467.45,50,119200
20240209,09:18:07,467.35,50,119200
20240209,09:18:08,467.0,250,119200
20240209,09:18:12,470.9,200,119200
20240209,09:18:19,468.35,50,119200
20240209,09:18:20,470.3,50,119200
20240209,09:18:23,469.85,50,119200
20240209,09:18:27,470.9,1800,119200
20240209,09:18:29,469.85,650,119200
20240209,09:18:39,469.85,50,119200
20240209,09:18:43,468.0,50,119200
20240209,09:18:47,475.4,50,119200
20240209,09:18:50,474.1,300,119200
20240209,09:18:51,471.25,600,119200
20240209,09:18:52,471.55,850,119200
20240209,09:18:53,470.9,1800,119200
20240209,09:18:53,472.4,50,119200
20240209,09:18:54,473.4,50,119200
20240209,09:19:02,469.85,50,119200
20240209,09:19:03,470.9,100,119200
20240209,09:19:19,470.9,200,124350
20240209,09:19:22,470.9,100,124350
20240209,09:19:45,477.3,50,124350
20240209,09:19:49,479.1,50,124350
20240209,09:19:53,476.3,100,124350
20240209,09:20:00,478.35,50,124350
20240209,09:20:08,479.25,100,124350
20240209,09:20:09,479.2,100,124350
20240209,09:20:09,478.7,50,124350
20240209,09:20:13,476.1,150,124350
20240209,09:20:20,472.15,100,124350
20240209,09:20:38,477.35,50,124350
20240209,09:20:41,477.0,300,124350
20240209,09:20:42,478.9,700,124350
20240209,09:20:46,480.1,50,124350
20240209,09:20:48,479.45,50,124350
20240209,09:20:54,479.45,1000,124350
20240209,09:20:56,480.7,650,124350
20240209,09:20:59,477.0,50,124350
20240209,09:21:04,475.0,50,124350
20240209,09:21:06,474.05,50,124350
20240209,09:21:15,480.7,50,124350
20240209,09:21:20,486.4,50,124350
20240209,09:21:21,489.0,50,124350
20240209,09:21:22,491.3,50,124350
20240209,09:21:24,496.8,50,124350
20240209,09:21:29,496.95,100,124350
20240209,09:21:30,498.0,150,124350
20240209,09:21:32,499.1,50,124350
20240209,09:21:33,503.7,50,124350
20240209,09:21:34,505.75,50,124350
20240209,09:21:35,505.75,50,124350
20240209,09:21:36,507.15,50,124350
20240209,09:21:39,510.1,100,124350
20240209,09:21:40,511.4,50,124350
20240209,09:21:41,513.1,100,124350
20240209,09:21:48,508.75,100,124350
20240209,09:21:50,512.45,50,124350
20240209,09:21:52,514.1,50,124350
20240209,09:21:57,518.0,850,124350
20240209,09:22:00,520.6,150,124350
20240209,09:22:01,517.3,50,124350
20240209,09:22:08,508.15,50,124350
20240209,09:22:34,505.0,100,124200
20240209,09:22:35,502.9,50,124200
20240209,09:22:45,508.15,250,124200
20240209,09:22:51,513.2,50,124200
20240209,09:22:54,515.75,100,124200
20240209,09:23:01,508.4,50,124200
20240209,09:23:08,508.3,50,124200
20240209,09:23:13,514.9,1500,124200
20240209,09:23:16,519.0,50,124200
20240209,09:23:18,520.1,100,124200
20240209,09:23:21,520.0,50,124200
20240209,09:23:27,520.0,50,124200
20240209,09:23:28,520.0,450,124200
20240209,09:23:30,520.0,150,124200
20240209,09:23:39,523.9,1250,124200
20240209,09:23:46,525.0,50,124200
20240209,09:24:00,525.0,50,124200
20240209,09:24:02,519.95,500,124200
20240209,09:24:16,518.4,100,124200
20240209,09:24:20,522.1,50,124200
20240209,09:24:22,523.2,200,124200
20240209,09:24:28,522.2,50,124200
20240209,09:24:42,521.6,50,124200
20240209,09:24:56,521.65,50,124200
20240209,09:25:14,518.35,50,124200
20240209,09:25:15,522.4,50,124200
20240209,09:25:17,523.75,350,124200
20240209,09:25:18,525.55,50,125850
20240209,09:25:21,526.4,200,125850
20240209,09:25:29,526.4,800,125850
20240209,09:25:32,514.95,50,125850
20240209,09:25:49,512.0,150,125850
20240209,09:25:56,514.55,50,125850
20240209,09:25:57,513.35,400,125850
20240209,09:26:04,508.4,100,125850
20240209,09:26:13,509.7,50,125850
20240209,09:26:36,514.45,200,125850
20240209,09:26:45,510.9,50,125850
20240209,09:26:54,509.4,450,125850
20240209,09:27:08,501.55,100,125850
20240209,09:27:24,495.05,50,125850
20240209,09:27:26,498.75,150,125850
20240209,09:27:29,500.0,50,125850
20240209,09:27:42,501.35,200,125850
20240209,09:27:43,502.1,50,125850
20240209,09:27:47,506.1,350,125850
20240209,09:27:49,504.2,1050,125850
20240209,09:27:58,509.95,150,125850
20240209,09:28:01,513.55,100,125850
20240209,09:28:13,526.4,250,125850
20240209,09:28:14,528.5,50,125850
20240209,09:28:17,530.0,5400,125850
20240209,09:28:18,536.55,200,125850
20240209,09:28:26,537.2,50,123900
20240209,09:28:32,540.0,1800,123900
20240209,09:28:58,540.0,50,123900
20240209,09:29:09,528.85,50,123900
20240209,09:29:11,530.0,400,123900
20240209,09:29:35,529.2,50,123900
20240209,09:29:43,527.5,100,123900
20240209,09:29:44,529.6,50,123900
20240209,09:29:47,532.1,50,123900
20240209,09:30:02,535.3,1500,123900
20240209,09:30:05,528.0,50,123900
20240209,09:30:08,534.0,1000,123900
20240209,09:30:18,531.15,100,123900
20240209,09:30:25,528.0,250,123900
20240209,09:30:28,525.35,50,123900
20240209,09:30:30,524.55,500,123900
20240209,09:30:52,520.0,350,123900
20240209,09:30:54,520.05,50,123900
20240209,09:30:59,518.6,450,123900
20240209,09:31:07,514.85,100,123900
20240209,09:31:10,514.5,50,123900
20240209,09:31:19,510.95,50,123900
20240209,09:31:26,504.2,50,123600
20240209,09:31:40,509.9,500,123600
20240209,09:32:06,511.5,150,123600
20240209,09:33:04,509.95,400,123600
20240209,09:34:26,517.6,50,118750
20240209,09:34:57,516.35,50,118750
20240209,09:35:20,520.35,100,118750
20240209,09:35:27,528.0,200,118750
20240209,09:35:42,525.55,50,118750
20240209,09:35:52,528.95,100,118750
20240209,09:35:55,534.0,600,118750
20240209,09:36:05,533.4,50,118750
20240209,09:36:15,532.55,100,118750
20240209,09:36:29,531.05,900,118750
20240209,09:36:30,531.15,100,118750
20240209,09:36:37,532.3,150,118750
20240209,09:36:54,530.8,50,118750
20240209,09:37:14,525.15,1800,118750
20240209,09:37:24,520.9,200,120150
20240209,09:37:25,520.85,600,120150
20240209,09:37:40,515.0,150,120150
20240209,09:37:42,516.0,150,120150
20240209,09:37:51,512.1,50,120150
20240209,09:37:52,511.75,150,120150
20240209,09:38:01,510.0,150,120150
20240209,09:38:02,506.85,3800,120150
20240209,09:38:34,509.95,350,120150
20240209,09:38:37,514.35,200,120150
20240209,09:38:40,517.85,50,120150
20240209,09:38:44,519.6,50,120150
20240209,09:38:50,515.0,50,120150
20240209,09:39:00,510.85,50,120150
20240209,09:39:14,512.85,400,120150
20240209,09:39:22,507.95,400,120150
20240209,09:39:26,507.8,250,120150
20240209,09:39:33,508.95,300,120150
20240209,09:39:41,507.0,1800,120150
20240209,09:39:43,506.0,300,120150
20240209,09:39:45,507.75,1800,120150
20240209,09:39:55,507.95,500,120150
20240209,09:39:56,509.55,450,120150
20240209,09:40:00,508.3,500,120150
20240209,09:40:04,507.8,1800,120150
20240209,09:40:10,500.0,250,120150
20240209,09:40:13,496.9,200,120150
20240209,09:40:14,497.7,50,120150
20240209,09:40:15,491.9,100,120150
20240209,09:40:18,488.3,150,120150
20240209,09:40:18,487.8,50,120150
20240209,09:40:20,490.3,450,120150
20240209,09:40:29,502.2,50,120150
20240209,09:40:34,502.0,150,125750
20240209,09:40:36,502.2,50,125750
20240209,09:40:44,502.0,1300,125750
20240209,09:40:45,504.5,50,125750
20240209,09:40:46,502.0,500,125750
20240209,09:40:54,502.1,50,125750
20240209,09:41:00,498.0,50,125750
20240209,09:41:00,501.15,50,125750
20240209,09:41:43,499.85,1800,125750
20240209,09:41:53,494.0,2200,125750
20240209,09:41:54,493.35,1800,125750
20240209,09:41:59,494.15,1800,125750
20240209,09:42:07,496.0,50,125750
20240209,09:42:10,497.6,1800,125750
20240209,09:42:13,499.0,50,125750
20240209,09:42:23,506.4,900,125750
20240209,09:42:27,510.0,50,125750
20240209,09:42:30,511.8,450,125750
20240209,09:42:34,517.0,150,125750
20240209,09:42:46,509.9,900,125750
20240209,09:43:06,502.65,50,125750
20240209,09:43:14,502.45,300,125750
20240209,09:43:48,506.85,150,134950
20240209,09:43:53,505.85,50,134950
20240209,09:43:56,510.4,100,134950
20240209,09:44:10,504.9,300,134950
20240209,09:44:18,512.0,100,134950
20240209,09:44:30,513.7,100,134950
20240209,09:44:43,512.75,100,134950
20240209,09:44:54,516.7,100,134950
20240209,09:44:57,517.75,100,134950
20240209,09:44:59,514.95,150,134950
20240209,09:45:04,518.4,100,134950
20240209,09:45:07,517.15,1100,134950
20240209,09:45:31,516.05,200,134950
20240209,09:45:45,511.5,1800,134950
20240209,09:45:46,515.15,3600,134950
20240209,09:46:22,508.25,1500,139200
20240209,09:46:23,511.2,200,139200
20240209,09:46:38,510.3,100,139200
20240209,09:46:50,505.8,100,139200
20240209,09:47:54,505.8,50,139200
20240209,09:48:05,504.75,500,139200
20240209,09:48:10,505.15,50,139200
20240209,09:48:20,499.9,300,139200
20240209,09:48:24,497.7,100,139200
20240209,09:48:52,498.0,50,139200
20240209,09:48:53,498.85,450,139200
20240209,09:48:55,501.6,200,139200
20240209,09:49:20,494.95,900,139200
20240209,09:49:50,492.75,1100,139850
20240209,09:50:14,496.7,100,139850
20240209,09:50:15,496.7,50,139850
20240209,09:50:31,497.4,1100,139850
20240209,09:50:45,490.0,200,139850
20240209,09:50:52,489.6,650,139850
20240209,09:50:55,490.35,950,139850
20240209,09:50:56,488.4,50,139850
20240209,09:51:00,485.5,50,139850
20240209,09:51:04,484.5,50,139850
20240209,09:51:06,481.7,1100,139850
20240209,09:51:07,482.9,250,139850
20240209,09:51:39,482.9,200,139850
20240209,09:51:41,478.25,1500,139850
20240209,09:51:43,479.1,50,139850
20240209,09:51:44,478.15,150,139850
20240209,09:51:51,479.4,300,139850
20240209,09:52:07,478.2,50,139850
20240209,09:52:28,479.35,50,140200
20240209,09:52:31,478.05,450,140200
20240209,09:52:49,478.25,50,140200
20240209,09:52:51,480.6,50,140200
20240209,09:53:00,479.25,50,140200
20240209,09:53:21,474.0,50,140200
20240209,09:53:31,470.0,50,140200
20240209,09:53:34,467.6,50,140200
20240209,09:53:39,465.0,150,140200
20240209,09:53:40,465.0,50,140200
20240209,09:53:41,465.1,250,140200
20240209,09:53:42,465.05,250,140200
20240209,09:53:44,465.1,100,140200
20240209,09:53:53,458.25,1900,140200
20240209,09:54:01,461.7,150,140200
20240209,09:54:03,459.75,50,140200
20240209,09:54:04,464.4,400,140200
20240209,09:54:04,464.4,50,140200
20240209,09:54:06,464.35,50,140200
20240209,09:54:16,461.35,450,140200
20240209,09:54:17,459.75,50,140200
20240209,09:54:20,462.4,100,140200
20240209,09:54:23,460.0,50,140200
20240209,09:54:31,459.2,150,140200
20240209,09:54:33,462.8,50,140200
20240209,09:54:38,455.0,150,140200
20240209,09:54:43,449.8,100,140200
20240209,09:54:46,449.8,50,140200
20240209,09:55:04,464.7,50,140200
20240209,09:55:10,463.7,50,140200
20240209,09:55:13,463.95,1800,140200
20240209,09:55:15,463.35,1800,140200
20240209,09:55:17,463.4,1800,140200
20240209,09:55:19,463.8,1000,140200
20240209,09:55:20,463.8,1800,140200
20240209,09:55:22,463.7,1800,140200
20240209,09:55:26,467.0,450,136500
20240209,09:55:29,467.0,1850,136500
20240209,09:55:31,464.85,50,136500
20240209,09:55:32,465.8,1800,136500
20240209,09:55:33,464.8,200,136500
20240209,09:55:35,464.3,50,136500
20240209,09:55:47,469.95,50,136500
20240209,09:55:49,469.0,1800,136500
20240209,09:55:50,468.1,50,136500
20240209,09:56:02,459.9,200,136500
20240209,09:56:05,458.0,50,136500
20240209,09:56:24,460.0,50,136500
20240209,09:56:34,465.5,250,136500
20240209,09:56:48,467.4,50,136500
20240209,09:56:53,464.95,200,136500
20240209,09:57:02,468.1,150,136500
20240209,09:57:22,468.1,50,136500
20240209,09:58:06,470.0,50,136500
20240209,09:58:40,462.5,100,129900
20240209,09:58:46,465.0,50,129900
20240209,09:58:48,465.85,50,129900
20240209,09:59:22,453.15,950,129900
20240209,09:59:24,454.85,50,129900
20240209,09:59:29,456.4,50,129900
20240209,09:59:33,454.75,100,129900
20240209,09:59:35,453.6,200,129900
20240209,09:59:36,455.15,50,129900
20240209,09:59:41,458.6,1800,129900
20240209,09:59:43,456.75,250,129900
20240209,09:59:58,455.0,100,129900
20240209,10:00:14,456.3,250,129900
20240209,10:00:15,454.85,200,129900
20240209,10:00:17,455.25,50,129900
20240209,10:00:18,456.0,50,129900
20240209,10:00:33,448.15,300,129900
20240209,10:00:56,448.15,200,129900
20240209,10:01:04,440.0,550,129900
20240209,10:01:06,437.4,50,129900
20240209,10:01:09,437.1,100,129900
20240209,10:01:10,437.15,150,129900
20240209,10:01:15,448.4,50,129900
20240209,10:01:24,440.0,100,129900
20240209,10:01:25,442.3,100,131550
20240209,10:01:28,444.9,50,131550
20240209,10:01:33,449.4,300,131550
20240209,10:01:45,445.5,300,131550
20240209,10:01:50,450.0,100,131550
20240209,10:01:56,451.55,50,131550
20240209,10:02:03,452.5,50,131550
20240209,10:02:05,455.0,50,131550
20240209,10:02:07,453.8,50,131550
20240209,10:02:13,457.4,100,131550
20240209,10:02:14,456.95,50,131550
20240209,10:02:15,457.5,50,131550
20240209,10:02:18,460.0,50,131550
20240209,10:02:20,462.5,50,131550
20240209,10:02:38,465.0,50,131550
20240209,10:02:55,469.0,50,131550
20240209,10:03:08,465.35,50,131550
20240209,10:03:13,461.3,300,131550
20240209,10:03:14,461.5,1350,131550
20240209,10:03:17,463.25,150,131550
20240209,10:03:26,459.45,50,131550
20240209,10:03:32,457.2,50,131550
20240209,10:04:27,470.0,550,131550
20240209,10:04:38,468.0,50,132250
20240209,10:04:50,475.45,100,132250
20240209,10:04:54,478.7,50,132250
20240209,10:04:55,478.15,100,132250
20240209,10:04:59,480.0,50,132250
20240209,10:05:01,477.95,50,132250
20240209,10:05:04,475.4,100,132250
20240209,10:05:35,475.4,150,132250
20240209,10:05:49,480.0,100,132250
20240209,10:05:53,480.15,50,132250
20240209,10:06:06,477.4,250,132250
20240209,10:06:07,475.4,50,132250
20240209,10:06:28,484.25,250,132250
20240209,10:06:32,485.0,50,132250
20240209,10:06:35,486.0,600,132250
20240209,10:06:40,490.45,100,132250
20240209,10:06:41,489.25,350,132250
20240209,10:06:58,489.25,50,132250
20240209,10:07:02,491.25,50,132250
20240209,10:07:12,483.65,250,132250
20240209,10:08:02,483.65,300,133450
20240209,10:08:14,482.85,150,133450
20240209,10:08:34,489.6,50,133450
20240209,10:08:49,495.0,50,133450
20240209,10:08:57,498.05,50,133450
20240209,10:08:58,498.15,100,133450
20240209,10:09:01,499.35,300,133450
20240209,10:09:07,500.0,50,133450
20240209,10:09:17,497.15,150,133450
20240209,10:09:27,501.4,50,133450
20240209,10:09:29,500.0,50,133450
20240209,10:09:50,506.1,50,133450
20240209,10:09:58,509.15,500,133450
20240209,10:10:09,501.0,2050,133450
20240209,10:10:24,504.65,200,133450
20240209,10:10:25,507.1,1800,133400
20240209,10:11:01,497.65,150,133400
20240209,10:11:07,501.6,50,133400
20240209,10:12:39,501.6,350,133400
20240209,10:13:04,494.9,300,133400
20240209,10:13:10,496.2,500,133400
20240209,10:14:06,503.1,450,131050
20240209,10:14:23,505.2,100,131050
20240209,10:14:26,506.0,50,131050
20240209,10:14:31,505.75,750,131050
20240209,10:14:55,510.3,50,131050
20240209,10:14:57,510.4,550,131050
20240209,10:15:04,505.9,50,131050
20240209,10:15:47,498.25,50,131050
20240209,10:15:49,496.8,150,131050
20240209,10:16:16,493.5,150,131050
20240209,10:16:24,489.3,50,131050
20240209,10:16:29,488.45,100,129850
20240209,10:16:30,486.25,50,129850
20240209,10:16:37,492.1,50,129850
20240209,10:16:45,494.95,150,129850
20240209,10:16:49,492.25,100,129850
20240209,10:16:52,491.95,100,129850
20240209,10:17:03,496.6,250,129850
20240209,10:17:04,497.45,50,129850
20240209,10:17:21,497.7,50,129850
20240209,10:17:55,499.0,100,129850
20240209,10:18:12,500.0,100,129850
20240209,10:18:27,500.15,200,129850
20240209,10:18:45,498.55,50,129850
20240209,10:18:57,498.55,50,129850
20240209,10:19:07,502.25,100,129850
20240209,10:19:10,503.3,50,129850
20240209,10:19:52,508.2,150,129900
20240209,10:19:56,510.0,50,129900
20240209,10:19:57,510.05,50,129900
20240209,10:20:14,510.5,100,129900
20240209,10:20:34,502.2,50,129900
20240209,10:20:55,510.1,650,129900
20240209,10:20:56,510.5,500,129900
20240209,10:21:02,515.0,100,129900
20240209,10:21:03,517.35,50,129900
20240209,10:21:09,519.0,100,129900
20240209,10:21:28,512.7,50,129900
20240209,10:21:46,512.7,250,129900
20240209,10:22:03,512.05,50,129900
20240209,10:22:30,508.85,150,130200
20240209,10:23:24,505.65,100,130200
20240209,10:23:46,511.3,100,130200
20240209,10:24:14,510.8,50,130200
20240209,10:24:30,508.7,100,130200
20240209,10:25:25,498.85,50,130200
20240209,10:25:31,495.2,50,130450
20240209,10:25:41,489.0,50,130450
20240209,10:25:49,489.0,50,130450
20240209,10:25:50,489.0,50,130450
20240209,10:25:54,487.15,1800,130450
20240209,10:26:00,491.55,50,130450
20240209,10:26:03,493.0,50,130450
20240209,10:26:04,493.45,100,130450
20240209,10:26:14,486.0,50,130450
20240209,10:26:28,486.0,50,130450
20240209,10:26:35,486.4,50,130450
20240209,10:26:38,486.0,100,130450
20240209,10:26:47,482.0,100,130450
20240209,10:27:17,487.65,550,130450
20240209,10:27:25,482.0,50,130450
20240209,10:28:19,489.0,100,130450
20240209,10:28:53,489.9,50,131100
20240209,10:29:02,488.65,50,131100
20240209,10:29:54,484.05,100,131100
20240209,10:30:18,486.7,150,131100
20240209,10:30:20,488.65,100,131100
20240209,10:31:18,481.15,500,131100
20240209,10:31:25,481.4,150,131100
20240209,10:31:30,479.6,50,131250
20240209,10:31:41,484.4,50,131250
20240209,10:32:01,480.6,150,131250
20240209,10:32:38,480.0,1800,131250
20240209,10:32:39,477.9,100,131250
20240209,10:32:41,476.0,100,131250
20240209,10:33:32,475.6,500,131250
20240209,10:34:00,480.7,150,131250
20240209,10:34:14,490.6,50,131250
20240209,10:34:33,490.6,50,131800
20240209,10:34:44,492.9,500,131800
20240209,10:34:54,490.0,200,131800
20240209,10:35:04,491.9,50,131800
20240209,10:35:13,486.55,100,131800
20240209,10:35:25,485.0,300,131800
20240209,10:36:09,484.95,50,131800
