date,time,tick_price,volume,open_interest
20231201,09:16:17,75.0,400,500
20231201,09:16:23,75.0,100,500
20231201,09:18:17,75.0,500,500
20231201,09:18:58,75.0,100,500
20231201,09:19:46,80.05,50,500
20231201,09:19:54,80.05,100,500
20231201,09:20:52,75.0,50,1250
20231201,09:24:07,75.0,50,1300
20231201,09:24:15,75.0,50,1300
20231201,09:25:07,75.0,50,1300
20231201,09:27:08,75.0,100,1450
20231201,09:27:15,75.0,50,1450
20231201,09:27:37,75.0,50,1450
20231201,09:29:04,74.0,50,1450
20231201,09:29:20,73.0,50,1650
20231201,09:29:28,73.0,50,1650
20231201,09:29:35,75.0,1050,1650
20231201,09:29:51,75.0,50,1650
20231201,09:29:59,75.0,50,1650
20231201,09:30:06,75.0,350,1650
20231201,09:37:51,77.0,50,3200
20231201,09:40:39,76.0,50,3250
20231201,09:42:40,74.8,50,3300
20231201,09:44:09,75.5,300,3300
20231201,09:45:10,75.0,50,3550
20231201,09:45:55,75.0,50,3550
20231201,09:47:31,74.65,50,3650
20231201,09:47:38,74.5,100,3650
20231201,09:47:46,75.0,150,3650
20231201,09:47:53,74.3,50,3650
20231201,09:48:24,75.0,50,3650
20231201,09:50:26,74.85,250,3850
20231201,09:50:50,73.6,50,3850
20231201,09:51:39,72.0,100,3850
20231201,09:52:42,70.85,750,3850
20231201,09:52:49,70.0,200,3850
20231201,09:52:57,70.0,50,3850
20231201,09:55:15,69.85,100,4750
20231201,09:55:32,69.85,50,4750
20231201,09:55:47,69.95,50,4750
20231201,09:58:23,70.0,400,4850
20231201,09:58:31,70.0,2350,4850
20231201,09:58:54,69.55,450,4850
20231201,09:59:02,70.0,50,4850
20231201,09:59:24,70.0,200,8000
20231201,09:59:47,70.0,250,8000
20231201,10:00:17,72.0,50,8000
20231201,10:00:47,72.0,50,8000
20231201,10:01:49,71.0,150,8000
20231201,10:05:17,71.0,50,8700
20231201,10:06:45,72.0,100,8750
20231201,10:08:37,74.0,50,8850
20231201,10:09:44,71.7,50,8850
20231201,10:16:12,71.8,50,8950
20231201,10:16:27,72.75,50,8950
20231201,10:16:42,73.0,150,8950
20231201,10:16:49,73.65,50,8950
20231201,10:16:56,74.95,150,8950
20231201,10:17:04,75.0,200,8950
20231201,10:17:11,75.5,150,8950
20231201,10:17:19,75.95,200,8950
20231201,10:17:26,76.0,350,10000
20231201,10:17:33,76.5,100,10000
20231201,10:17:41,77.15,100,10000
20231201,10:18:11,74.95,100,10000
20231201,10:19:32,74.95,50,10000
20231201,10:20:23,74.75,50,10450
20231201,10:21:59,75.0,100,10450
20231201,10:22:14,75.0,250,10450
20231201,10:22:22,75.0,250,10450
20231201,10:29:14,73.0,350,11050
20231201,10:31:07,72.9,50,11250
20231201,10:32:49,69.6,250,11300
20231201,10:35:45,72.0,100,11500
20231201,10:36:22,70.9,50,11500
20231201,10:37:05,71.95,50,11500
20231201,10:37:20,72.0,100,11500
20231201,10:48:27,72.0,50,11750
20231201,10:50:28,71.15,50,11800
20231201,10:52:01,72.0,50,11800
20231201,10:57:18,72.0,50,11800
20231201,11:00:48,70.0,100,11850
20231201,11:00:56,70.0,200,11850
20231201,11:03:54,70.0,1000,11900
20231201,11:04:46,70.0,50,11900
20231201,11:06:36,70.0,150,12150
20231201,11:09:58,70.0,100,12150
20231201,11:10:22,70.0,200,12150
20231201,11:11:24,70.0,50,12150
20231201,11:17:08,70.5,50,12150
20231201,11:17:15,70.05,50,12150
20231201,11:23:43,70.0,200,12200
20231201,11:26:50,70.05,100,12250
20231201,11:31:52,70.25,50,12350
20231201,11:32:14,70.25,50,12350
20231201,11:33:00,70.8,50,12300
20231201,11:34:08,70.1,250,12300
20231201,11:35:13,70.05,50,12300
20231201,11:35:28,70.0,400,12300
20231201,11:36:06,70.5,250,12000
20231201,11:36:13,70.65,100,12000
20231201,11:37:44,69.5,50,12000
20231201,11:38:22,68.35,50,12000
20231201,11:39:43,68.35,50,12200
20231201,11:43:36,70.85,50,12200
20231201,11:44:06,70.85,50,12200
20231201,11:48:28,69.5,100,12250
20231201,11:55:07,69.0,100,12150
20231201,11:57:53,68.8,100,12150
20231201,12:00:19,69.4,50,12250
20231201,12:00:49,69.3,50,12250
20231201,12:00:58,69.3,50,12250
20231201,12:01:47,69.15,100,12250
20231201,12:01:55,69.75,100,12250
20231201,12:02:19,70.0,100,12250
20231201,12:02:28,70.7,50,12250
20231201,12:03:30,70.7,50,12550
20231201,12:03:38,70.75,50,12550
20231201,12:04:10,69.0,300,12550
20231201,12:04:18,69.5,100,12550
20231201,12:04:41,70.8,50,12550
20231201,12:04:49,70.8,50,12550
20231201,12:05:27,70.9,50,12550
20231201,12:05:42,71.8,100,12550
20231201,12:06:19,71.8,50,12550
20231201,12:06:57,71.95,50,12550
20231201,12:07:41,71.8,100,12550
20231201,12:09:53,66.45,1500,12650
20231201,12:10:55,66.45,150,12650
20231201,12:11:03,70.5,100,12650
20231201,12:14:26,70.0,50,14100
20231201,12:14:42,70.45,50,14100
20231201,12:16:14,70.0,150,14100
20231201,12:16:22,69.9,50,14100
20231201,12:16:30,71.65,50,14100
20231201,12:21:29,71.75,50,14250
20231201,12:24:34,70.5,100,14250
20231201,12:24:57,71.65,50,14250
20231201,12:25:27,71.0,50,14250
20231201,12:30:42,71.3,100,14400
20231201,12:31:05,71.3,100,14400
20231201,12:32:32,67.2,1500,14400
20231201,12:32:46,70.7,100,15850
20231201,12:32:53,70.7,350,15850
20231201,12:33:01,70.7,100,15850
20231201,12:33:16,69.8,50,15850
20231201,12:33:40,70.1,50,15850
20231201,12:34:16,69.8,100,15850
20231201,12:34:23,69.8,200,15850
20231201,12:34:30,69.8,100,15850
20231201,12:34:59,70.0,300,15850
20231201,12:36:11,70.6,100,16200
20231201,12:40:21,70.75,50,16200
20231201,12:42:06,70.65,200,16200
20231201,12:42:13,70.7,100,16200
20231201,12:42:28,71.0,400,16200
20231201,12:42:52,71.4,50,16200
20231201,12:47:11,71.7,50,16650
20231201,12:48:14,71.85,50,16600
20231201,12:48:21,71.8,50,16600
20231201,12:49:46,71.8,50,16600
20231201,12:53:00,71.4,50,16600
20231201,12:54:26,71.35,50,16600
20231201,12:54:33,71.85,150,16600
20231201,12:54:39,71.75,100,16600
20231201,12:55:26,71.6,50,16600
20231201,12:55:35,71.8,50,16600
20231201,12:55:42,71.3,150,16600
20231201,12:55:50,71.4,50,16600
20231201,12:56:05,71.75,50,16600
20231201,12:56:20,71.2,50,16600
20231201,12:56:27,71.05,100,16600
20231201,12:58:28,71.5,50,16650
20231201,13:04:25,71.5,100,16650
20231201,13:04:50,71.5,50,16650
20231201,13:06:59,71.5,50,16550
20231201,13:07:07,71.9,50,16550
20231201,13:08:00,71.85,50,16550
20231201,13:08:23,71.5,50,16550
20231201,13:08:38,71.55,100,16550
20231201,13:13:03,72.0,100,16550
20231201,13:13:10,71.5,150,16550
20231201,13:15:59,71.7,50,16650
20231201,13:16:20,72.95,250,16650
20231201,13:22:41,71.5,200,16850
20231201,13:23:07,72.85,100,16850
20231201,13:23:14,71.35,250,16850
20231201,13:29:20,72.95,50,16850
20231201,13:29:26,72.95,50,17250
20231201,13:39:24,71.95,100,17300
20231201,13:50:09,72.0,100,17300
20231201,13:55:57,72.8,100,17400
20231201,14:04:42,71.05,100,17450
20231201,14:05:59,70.65,100,17500
20231201,14:06:38,72.75,100,17500
20231201,14:07:02,73.0,1300,17500
20231201,14:08:09,73.85,100,17500
20231201,14:08:26,73.7,200,17500
20231201,14:08:34,72.9,150,17500
20231201,14:08:42,72.95,50,17500
20231201,14:08:50,73.4,50,17500
20231201,14:09:45,73.95,100,19150
20231201,14:10:35,73.85,100,19150
20231201,14:14:40,73.65,150,19050
20231201,14:14:55,73.1,150,19050
20231201,14:15:36,73.1,1050,19200
20231201,14:16:22,71.95,100,19200
20231201,14:16:37,71.0,50,19200
20231201,14:17:42,72.0,50,19200
20231201,14:17:57,69.3,500,19200
20231201,14:18:05,71.5,50,20700
20231201,14:18:13,70.2,50,20700
20231201,14:20:40,72.0,1000,20700
20231201,14:23:58,71.95,50,20650
20231201,14:25:11,71.95,50,20650
20231201,14:26:19,71.35,50,20650
20231201,14:26:39,71.35,50,20650
20231201,14:26:52,71.4,50,20650
20231201,14:28:24,72.0,1200,20750
20231201,14:29:10,71.9,50,20750
20231201,14:29:18,72.35,50,20750
20231201,14:29:25,72.8,150,20750
20231201,14:29:33,72.75,100,20750
20231201,14:29:41,72.4,50,20750
20231201,14:29:48,72.45,100,20750
20231201,14:29:55,72.65,50,20750
20231201,14:30:02,72.7,100,20750
20231201,14:35:34,72.65,50,22250
20231201,14:36:04,72.45,50,22250
20231201,14:38:18,72.45,50,22250
20231201,14:40:20,72.9,50,22250
20231201,14:41:19,72.7,50,22250
20231201,14:41:36,72.4,100,22250
20231201,14:42:27,73.0,150,22250
20231201,14:42:35,73.0,50,22250
20231201,14:45:11,73.75,250,22300
20231201,14:47:00,72.7,100,22300
20231201,14:47:08,72.9,100,22300
20231201,15:00:40,71.4,100,22350
20231201,15:00:57,71.4,150,22350
20231201,15:01:05,71.5,50,22350
20231201,15:02:03,72.9,400,22350
20231201,15:02:11,73.45,50,22350
20231201,15:04:04,73.5,250,22200
20231201,15:05:23,71.8,100,22200
20231201,15:08:18,73.5,400,22150
20231201,15:09:05,73.5,500,22150
20231201,15:09:58,73.2,100,21500
20231201,15:10:05,73.15,50,21500
20231201,15:16:19,72.7,50,21500
20231201,15:16:35,72.1,50,21500
20231201,15:17:06,72.1,50,21500
20231201,15:20:57,72.4,200,21550
20231201,15:24:45,72.4,150,21700
20231201,15:26:48,72.4,50,21700
20231201,15:28:05,73.4,100,21650
20231201,15:28:22,73.4,500,21650
20231204,09:15:06,58.0,1,21450
20231204,09:15:06,58.0,100,21450
20231204,09:15:16,60.0,50,21450
20231204,09:15:32,60.0,50,21450
20231204,09:17:02,60.0,200,21450
20231204,09:17:50,60.0,100,21600
20231204,09:18:37,56.4,50,21600
20231204,09:19:00,50.75,150,21600
20231204,09:19:23,50.75,50,21600
20231204,09:20:12,50.75,300,21600
20231204,09:22:57,59.5,50,21700
20231204,09:24:30,61.0,1400,21700
20231204,09:24:46,61.0,100,21700
20231204,09:24:55,63.75,150,21700
20231204,09:26:53,63.75,100,21400
20231204,09:27:10,57.0,650,21400
20231204,09:27:18,57.05,150,21400
20231204,09:27:43,57.0,500,21400
20231204,09:28:00,57.0,350,21400
20231204,09:28:17,56.0,200,21400
20231204,09:30:37,55.0,100,22650
20231204,09:32:18,55.0,50,22650
20231204,09:34:54,57.0,50,22650
20231204,09:35:26,54.45,400,22650
20231204,09:36:14,55.0,50,22650
20231204,09:36:31,54.75,100,22650
20231204,09:37:43,54.7,50,22650
20231204,09:37:51,54.7,250,22650
20231204,09:38:07,54.7,50,22650
20231204,09:38:15,54.7,50,22650
20231204,09:38:22,54.7,100,22650
20231204,09:38:30,54.7,150,22400
20231204,09:41:28,54.7,50,22400
20231204,09:43:21,54.65,50,22300
20231204,09:44:40,56.0,250,22200
20231204,09:44:48,55.0,50,22200
20231204,09:45:55,54.9,200,22200
20231204,09:46:10,55.25,50,22200
20231204,09:46:52,55.45,50,22200
20231204,09:47:16,55.35,300,22200
20231204,09:47:32,55.1,100,22550
20231204,09:47:40,55.95,500,22550
20231204,09:47:49,55.0,700,22550
20231204,09:48:05,56.0,50,22550
20231204,09:50:36,55.05,150,21850
20231204,09:51:35,55.05,150,21850
20231204,09:51:52,55.0,50,21850
20231204,09:54:53,55.45,50,22000
20231204,09:55:02,55.85,50,22000
20231204,10:03:09,55.0,550,22050
20231204,10:03:18,54.95,100,22050
20231204,10:03:26,51.75,700,22050
20231204,10:03:35,54.0,250,22050
20231204,10:06:06,55.0,50,22600
20231204,10:08:49,55.0,50,22650
20231204,10:10:43,55.0,50,22650
20231204,10:13:44,59.9,500,22650
20231204,10:14:00,55.05,200,22650
20231204,10:14:07,59.95,100,22650
20231204,10:14:16,59.95,100,22650
20231204,10:14:24,59.6,300,22650
20231204,10:14:48,59.3,400,23300
20231204,10:15:05,59.35,50,23300
20231204,10:15:29,59.0,1000,23300
20231204,10:15:37,58.05,600,23300
20231204,10:15:45,58.0,150,23300
20231204,10:15:53,58.3,700,23300
20231204,10:16:09,57.1,250,23300
20231204,10:16:17,57.2,150,23300
20231204,10:16:24,58.15,150,23300
20231204,10:16:32,57.4,50,23300
20231204,10:16:40,57.4,100,23300
20231204,10:17:36,55.95,100,24200
20231204,10:17:51,58.25,200,24200
20231204,10:17:59,59.65,200,24200
20231204,10:23:48,59.4,50,24250
20231204,10:24:51,57.95,100,24250
20231204,10:24:59,57.65,50,24250
20231204,10:26:05,57.65,50,24250
20231204,10:26:45,58.0,100,24500
20231204,10:27:23,57.25,50,24500
20231204,10:27:31,57.2,1400,24500
20231204,10:28:04,57.0,300,24500
20231204,10:28:12,57.05,100,24500
20231204,10:28:20,57.0,250,24500
20231204,10:29:32,56.65,150,25950
20231204,10:30:21,57.0,600,25950
20231204,10:30:29,57.0,50,25950
20231204,10:30:46,57.0,50,25950
20231204,10:32:53,57.0,50,26050
20231204,10:33:02,57.0,50,26050
20231204,10:33:41,56.95,50,26050
20231204,10:37:02,57.0,700,26150
20231204,10:37:18,58.75,150,26150
20231204,10:38:05,58.55,50,26150
20231204,10:38:12,58.85,50,26150
20231204,10:38:35,57.05,50,26700
20231204,10:45:52,57.0,600,26750
20231204,10:46:00,57.9,100,26750
20231204,10:46:15,57.9,50,26750
20231204,10:48:00,57.0,150,27350
20231204,10:48:08,57.25,100,27350
20231204,10:48:16,57.05,100,27350
20231204,10:49:13,57.9,50,27350
20231204,10:49:29,57.95,50,27350
20231204,10:49:45,58.05,300,27350
20231204,10:49:53,58.05,150,27350
20231204,10:50:01,58.0,150,27350
20231204,10:50:09,58.05,50,27350
20231204,10:50:17,58.05,50,27350
20231204,10:50:25,58.15,150,27350
20231204,10:50:33,58.25,50,27350
20231204,10:50:48,58.2,50,27800
20231204,10:50:56,58.25,100,27800
20231204,10:52:04,58.2,50,27800
20231204,10:52:42,58.0,50,27800
20231204,11:00:15,58.0,100,27750
20231204,11:00:22,58.05,100,27750
20231204,11:00:31,58.0,50,27750
20231204,11:05:22,57.55,50,28000
20231204,11:05:30,57.65,50,28000
20231204,11:06:46,57.1,50,28100
20231204,11:11:10,57.75,100,28100
20231204,11:11:35,57.75,250,28100
20231204,11:11:44,57.85,50,27850
20231204,11:12:02,57.85,50,27850
20231204,11:12:43,58.0,100,27850
20231204,11:12:51,58.0,50,27850
20231204,11:13:15,58.0,50,27850
20231204,11:13:23,58.6,400,27850
20231204,11:13:39,58.7,250,27850
20231204,11:13:48,58.7,50,27850
20231204,11:13:56,58.7,50,27850
20231204,11:14:12,58.7,50,27850
20231204,11:14:28,57.15,50,27850
20231204,11:15:44,57.15,50,27950
20231204,11:18:56,58.65,250,27950
20231204,11:19:12,58.4,50,27950
20231204,11:19:46,58.0,50,27950
20231204,11:20:02,58.4,50,27950
20231204,11:22:39,57.5,50,28300
20231204,11:26:04,57.55,200,28300
20231204,11:26:12,58.55,50,28300
20231204,11:29:26,58.5,50,28350
20231204,11:37:13,57.35,200,28350
20231204,11:37:27,57.35,50,28350
20231204,11:37:57,57.85,400,28350
20231204,11:38:11,57.75,100,28350
20231204,11:40:19,57.4,50,28600
20231204,11:41:54,57.1,250,28600
20231204,11:42:39,57.4,250,28600
20231204,11:42:47,57.9,50,28600
20231204,11:42:54,58.05,400,28600
20231204,11:43:02,58.1,250,28600
20231204,11:43:09,58.55,300,28600
20231204,11:43:31,58.65,50,28600
20231204,11:43:45,58.65,50,28600
20231204,11:51:49,57.95,100,28500
20231204,11:52:14,57.95,50,28500
20231204,11:54:28,57.95,50,28550
20231204,11:54:43,57.95,50,28550
20231204,11:59:29,57.15,50,28650
20231204,12:00:34,57.05,150,28650
20231204,12:00:41,58.0,200,28650
20231204,12:00:56,57.35,100,28650
20231204,12:01:03,57.0,50,28650
20231204,12:01:10,57.15,200,28650
20231204,12:01:31,58.15,50,28650
20231204,12:02:31,57.05,50,28650
20231204,12:06:07,57.4,1500,29150
20231204,12:06:22,57.4,50,29150
20231204,12:07:09,57.4,250,29150
20231204,12:07:39,57.0,200,29150
20231204,12:07:47,57.0,50,29150
20231204,12:07:56,57.0,600,29150
20231204,12:08:12,56.05,150,29150
20231204,12:09:15,56.05,100,30800
20231204,12:09:31,56.05,350,30800
20231204,12:09:39,56.6,50,30800
20231204,12:09:46,57.05,50,30800
20231204,12:10:02,57.05,50,30800
20231204,12:13:14,56.65,50,31100
20231204,12:14:16,56.65,50,31100
20231204,12:18:00,56.05,150,31150
20231204,12:18:09,56.05,50,31150
20231204,12:18:17,56.5,50,31150
20231204,12:22:42,56.0,50,31300
20231204,12:22:51,56.15,50,31300
20231204,12:23:00,56.35,50,31300
20231204,12:23:34,56.2,200,31300
20231204,12:23:43,56.05,50,31300
20231204,12:24:09,55.95,100,31250
20231204,12:24:18,56.05,150,31250
20231204,12:24:26,56.05,50,31250
20231204,12:31:20,56.4,50,31300
20231204,12:33:05,56.35,50,31350
20231204,12:34:53,56.35,150,31350
20231204,12:35:01,56.4,50,31350
20231204,12:40:26,56.4,50,31550
20231204,12:44:35,55.75,50,31600
20231204,12:44:42,56.15,50,31600
20231204,12:45:31,56.15,50,31650
20231204,12:46:45,56.25,100,31650
20231204,12:47:26,56.35,1800,31650
20231204,12:47:44,56.0,100,31650
20231204,12:47:53,56.0,100,31650
20231204,12:48:34,55.25,50,30950
20231204,12:48:42,56.35,150,30950
20231204,12:56:20,55.95,50,30950
20231204,12:57:05,55.4,100,30950
20231204,12:57:13,55.25,50,30950
20231204,13:01:44,55.65,50,30900
20231204,13:02:10,55.45,100,30900
20231204,13:02:27,55.75,50,30900
20231204,13:08:41,55.9,100,30950
20231204,13:10:30,55.0,1650,31050
20231204,13:10:47,56.0,350,31050
20231204,13:11:03,56.4,50,31050
20231204,13:15:40,55.45,200,32350
20231204,13:15:57,55.45,50,32350
20231204,13:17:24,55.0,200,32350
20231204,13:17:42,56.0,50,32350
20231204,13:17:59,55.0,200,32650
20231204,13:18:09,55.15,50,32650
20231204,13:18:45,55.15,200,32650
20231204,13:19:04,56.25,50,32650
20231204,13:26:38,56.05,400,32850
20231204,13:26:47,56.4,100,32850
20231204,13:28:56,56.0,200,32750
20231204,13:29:12,56.5,50,32750
20231204,13:30:59,56.75,50,32750
20231204,13:31:16,56.8,50,32850
20231204,13:32:35,56.8,50,32850
20231204,13:33:08,56.95,150,33000
20231204,13:33:17,56.7,150,33000
20231204,13:33:26,57.0,150,33000
20231204,13:33:35,57.0,100,33000
20231204,13:33:44,57.35,50,33000
20231204,13:33:53,57.4,100,33000
20231204,13:34:53,57.15,100,33000
20231204,13:35:02,57.65,600,33000
20231204,13:35:10,58.0,700,33000
20231204,13:35:27,58.05,400,33000
20231204,13:35:45,58.2,50,33000
20231204,13:36:26,57.35,50,33700
20231204,13:40:02,57.85,50,33750
20231204,13:40:18,57.95,50,33750
20231204,13:45:49,56.05,50,33750
20231204,13:47:33,56.45,200,33750
20231204,13:47:41,56.95,200,33750
20231204,13:47:59,57.0,50,33750
20231204,13:53:57,56.95,100,34100
20231204,13:54:05,56.95,100,34100
20231204,13:54:14,56.0,1250,34300
20231204,13:54:22,56.0,350,34300
20231204,13:54:31,57.0,950,34300
20231204,13:54:39,56.0,500,34300
20231204,13:54:47,55.95,650,34300
20231204,13:54:56,56.0,100,34300
20231204,13:55:13,56.0,50,34300
20231204,13:56:24,56.0,100,34300
20231204,13:56:32,56.0,200,34300
20231204,13:56:49,56.0,50,34300
20231204,13:58:40,56.0,400,37750
20231204,13:58:49,56.0,100,37750
20231204,14:00:05,55.95,100,37750
20231204,14:00:14,56.0,50,38250
20231204,14:01:17,55.15,100,38250
20231204,14:02:20,55.25,50,38250
20231204,14:02:29,55.75,50,38250
20231204,14:14:39,55.15,100,38550
20231204,14:16:06,55.45,200,38650
20231204,14:16:15,55.8,50,38650
20231204,14:17:55,55.15,50,38650
20231204,14:19:52,55.0,50,38800
20231204,14:20:01,55.25,50,38800
20231204,14:21:40,56.0,950,38850
20231204,14:21:49,57.0,550,38850
20231204,14:21:58,56.5,200,38850
20231204,14:22:15,56.4,50,38850
20231204,14:22:42,57.65,50,38850
20231204,14:23:08,57.4,50,38850
20231204,14:23:17,57.25,200,38850
20231204,14:23:25,57.4,50,38850
20231204,14:23:34,58.25,50,38850
20231204,14:24:01,58.05,50,38850
20231204,14:24:19,57.9,50,40050
20231204,14:30:09,54.75,200,40050
20231204,14:30:19,57.85,50,40050
20231204,14:30:38,57.9,600,40050
20231204,14:30:47,57.85,100,40050
20231204,14:30:57,57.8,50,40050
20231204,14:31:53,57.25,50,40050
20231204,14:34:28,56.0,50,40300
20231204,14:34:37,55.0,50,40300
20231204,14:34:47,56.0,950,40300
20231204,14:34:56,58.0,200,40300
20231204,14:35:15,58.0,50,40300
20231204,14:35:51,57.95,50,40300
20231204,14:36:00,57.35,200,40300
20231204,14:36:09,57.5,200,41550
20231204,14:36:27,57.55,150,41550
20231204,14:36:36,57.95,50,41550
20231204,14:36:45,57.95,100,41550
20231204,14:38:13,60.0,1500,41550
20231204,14:38:30,58.55,300,41550
20231204,14:38:39,57.9,50,41550
20231204,14:38:55,57.45,50,41550
20231204,14:42:42,55.45,100,41500
20231204,14:46:14,56.05,200,41400
20231204,14:46:31,56.9,50,41400
20231204,14:46:40,56.95,50,41400
20231204,14:50:50,56.85,50,41550
20231204,14:51:00,57.0,50,41550
20231204,14:55:40,57.0,100,41650
20231204,14:56:19,56.0,50,41650
20231204,14:56:28,55.95,100,41650
20231204,14:56:47,55.7,50,41650
20231204,15:00:48,55.85,50,41900
20231204,15:02:50,56.0,350,41900
20231204,15:03:00,56.0,300,41900
20231204,15:03:19,56.0,450,42050
20231204,15:03:29,56.95,100,42050
20231204,15:03:58,56.0,1000,42050
20231204,15:04:18,58.0,200,42050
20231204,15:04:28,58.0,50,42050
20231204,15:04:57,58.0,50,42050
20231204,15:05:36,58.0,100,42050
20231204,15:05:46,58.0,50,42050
20231204,15:07:40,58.15,300,43700
20231204,15:07:59,58.85,50,43700
20231204,15:11:28,58.65,450,44000
20231204,15:11:46,58.95,100,44000
20231204,15:13:04,56.0,1200,44000
20231204,15:13:14,56.0,250,44000
20231204,15:13:24,56.0,500,44000
20231204,15:13:34,56.0,250,44000
20231204,15:13:43,58.7,150,44000
20231204,15:14:03,58.7,50,44000
20231204,15:14:22,58.7,50,44000
20231204,15:15:40,57.0,50,45550
20231204,15:16:00,55.35,100,45550
20231204,15:16:20,57.4,50,45550
20231204,15:18:43,57.0,50,45600
20231204,15:19:41,57.3,300,45600
20231204,15:19:50,57.3,300,45600
20231204,15:20:00,57.5,250,45600
20231204,15:20:19,57.5,50,45600
20231204,15:20:29,57.5,50,45600
20231204,15:20:57,56.0,550,45600
20231204,15:21:06,56.0,50,45600
20231204,15:21:16,57.5,500,45600
20231204,15:21:26,57.0,100,45600
20231204,15:21:45,57.4,100,47650
20231204,15:25:15,56.95,50,47650
20231204,15:26:13,56.95,100,47650
20231204,15:26:23,56.9,50,47650
20231204,15:28:09,56.6,350,47700
20231204,15:28:19,56.6,100,47700
20231204,15:28:28,56.6,50,47700
20231204,15:29:08,56.6,100,47700
20231204,15:29:36,57.5,200,47700
20231205,09:15:09,61.0,1,48150
20231205,09:15:09,61.0,50,48150
20231205,09:20:01,54.9,100,48200
20231205,09:21:15,54.9,50,48250
20231205,09:23:07,54.0,250,48250
20231205,09:24:26,56.85,50,48400
20231205,09:29:07,56.75,150,48350
20231205,09:29:50,56.45,50,48500
20231205,09:31:15,55.0,50,48500
20231205,09:32:30,56.5,50,48500
20231205,09:32:41,55.05,50,48550
20231205,09:33:35,55.0,500,48550
20231205,09:33:56,54.2,100,48550
20231205,09:39:26,53.0,1000,48800
20231205,09:39:36,53.0,2200,48800
20231205,09:39:58,52.95,500,48800
20231205,09:40:08,52.95,150,48800
20231205,09:40:19,52.95,150,48800
20231205,09:40:41,53.0,50,48800
20231205,09:40:51,53.0,200,48800
20231205,09:41:02,54.9,50,48800
20231205,09:42:49,54.75,50,53050
20231205,09:44:13,52.5,950,53050
20231205,09:44:23,52.5,200,53050
20231205,09:44:45,52.5,50,53300
20231205,09:47:26,52.5,150,53300
20231205,09:47:37,54.0,150,53350
20231205,09:47:58,54.0,450,53350
20231205,09:48:08,54.0,100,53350
20231205,09:49:33,55.0,750,53350
20231205,09:49:54,55.0,200,53350
20231205,09:50:14,54.95,50,53350
20231205,09:50:56,55.4,250,54850
20231205,09:51:06,55.0,50,54850
20231205,09:52:41,54.5,50,54850
20231205,09:52:51,54.45,50,54850
20231205,09:53:12,54.45,50,54850
20231205,09:55:31,54.45,150,54900
20231205,09:55:42,54.5,50,54900
20231205,09:58:42,54.0,300,54950
20231205,09:58:53,54.0,250,54950
20231205,09:59:03,54.0,100,54950
20231205,10:01:53,54.0,100,55450
20231205,10:02:03,54.0,50,55450
20231205,10:04:00,54.0,50,55600
20231205,10:04:31,54.0,50,55600
20231205,10:07:10,53.5,150,55700
20231205,10:07:32,53.65,50,55700
20231205,10:09:25,53.65,50,55750
20231205,10:11:10,53.5,250,55750
20231205,10:11:21,53.5,100,55750
20231205,10:11:31,53.5,600,55750
20231205,10:11:42,53.9,50,56100
20231205,10:11:52,54.0,250,56100
20231205,10:12:03,57.9,950,56100
20231205,10:12:14,55.05,50,56100
20231205,10:12:36,54.7,50,56100
20231205,10:13:08,55.5,50,56100
20231205,10:13:19,56.85,50,56100
20231205,10:13:40,54.05,50,56100
20231205,10:13:50,54.0,50,56100
20231205,10:14:00,53.0,750,56100
20231205,10:14:11,52.0,1350,56100
20231205,10:14:21,52.0,50,56100
20231205,10:14:43,53.5,50,58450
20231205,10:15:03,53.5,50,58450
20231205,10:15:24,53.5,50,58450
20231205,10:15:46,53.45,50,58450
20231205,10:16:08,53.35,50,58450
20231205,10:16:19,53.35,50,58450
20231205,10:16:41,53.35,50,58450
20231205,10:17:02,53.1,100,58450
20231205,10:17:24,53.25,50,58450
20231205,10:17:46,53.5,300,58900
20231205,10:18:06,53.45,50,58900
20231205,10:18:17,52.5,1000,58900
20231205,10:18:39,53.0,50,58900
20231205,10:19:01,52.95,50,58900
20231205,10:19:23,52.95,50,58900
20231205,10:19:46,53.0,50,58900
20231205,10:20:07,53.0,50,58900
20231205,10:20:18,53.0,50,58900
20231205,10:20:41,53.0,150,60250
20231205,10:20:52,53.0,100,60250
20231205,10:21:03,53.0,50,60250
20231205,10:21:15,53.0,500,60250
20231205,10:21:26,53.5,50,60250
20231205,10:21:49,53.5,50,60250
20231205,10:22:00,53.5,50,60250
20231205,10:22:22,53.45,50,60250
20231205,10:22:32,53.5,50,60250
20231205,10:22:42,53.5,50,60250
20231205,10:23:03,53.5,50,60250
20231205,10:23:24,53.5,50,60250
20231205,10:23:45,53.5,50,61450
20231205,10:24:05,52.95,150,61450
20231205,10:24:25,53.45,50,61450
20231205,10:24:46,53.5,50,61450
20231205,10:25:07,53.35,50,61450
20231205,10:25:27,53.5,50,61450
20231205,10:25:48,53.45,50,61450
20231205,10:26:08,53.5,50,61450
20231205,10:26:29,53.5,50,61450
20231205,10:26:39,53.5,50,61850
20231205,10:26:59,53.5,50,61850
20231205,10:27:19,53.5,50,61850
20231205,10:27:29,53.5,200,61850
20231205,10:27:40,54.0,50,61850
20231205,10:28:00,54.0,50,61850
20231205,10:28:21,54.0,50,61850
20231205,10:28:42,54.0,50,61850
20231205,10:29:02,54.0,50,61850
20231205,10:29:13,53.65,200,61850
20231205,10:29:23,53.4,50,61850
20231205,10:29:44,53.4,50,62500
20231205,10:30:03,53.4,50,62500
20231205,10:30:24,53.4,50,62500
20231205,10:30:45,53.4,50,62500
20231205,10:31:05,53.4,50,62500
20231205,10:31:26,53.4,50,62500
20231205,10:31:46,53.4,50,62500
20231205,10:32:08,53.4,100,62500
20231205,10:32:19,53.4,50,62500
20231205,10:32:40,53.4,50,63000
20231205,10:33:01,53.0,150,63000
20231205,10:33:12,53.0,50,63000
20231205,10:33:23,53.0,50,63000
20231205,10:33:44,53.0,50,63000
20231205,10:34:05,53.0,50,63000
20231205,10:34:15,53.0,200,63000
20231205,10:34:25,53.0,50,63000
20231205,10:34:46,53.0,50,63000
20231205,10:34:56,53.0,50,63000
20231205,10:35:07,52.95,100,63000
20231205,10:35:27,53.0,50,63000
20231205,10:35:38,53.0,100,63000
20231205,10:35:48,53.4,50,63900
20231205,10:35:59,53.4,150,63900
20231205,10:36:20,53.35,50,63900
20231205,10:36:31,53.35,50,63900
20231205,10:36:42,53.4,50,63900
20231205,10:37:03,53.4,50,63900
20231205,10:37:25,53.4,50,63900
20231205,10:37:36,53.4,100,63900
20231205,10:37:46,53.4,50,63900
20231205,10:38:08,53.45,50,63900
20231205,10:38:19,53.9,50,63900
20231205,10:38:40,54.0,50,63900
20231205,10:39:02,54.8,50,64550
20231205,10:39:24,53.4,100,64550
20231205,10:39:46,54.75,50,64550
20231205,10:40:09,54.75,50,64550
20231205,10:40:20,54.45,50,64550
20231205,10:40:31,54.45,200,64550
20231205,10:40:43,54.45,50,64550
20231205,10:41:05,54.5,50,64550
20231205,10:41:16,54.1,100,64550
20231205,10:41:27,54.45,50,64550
20231205,10:41:38,54.1,150,64550
20231205,10:42:01,54.4,50,64600
20231205,10:42:22,54.2,50,64600
20231205,10:43:05,53.4,200,64600
20231205,10:43:16,52.95,400,64600
20231205,10:43:26,53.0,200,64600
20231205,10:43:48,53.0,100,64600
20231205,10:43:58,53.0,50,64600
20231205,10:44:19,53.0,50,64600
20231205,10:44:30,52.8,50,64600
20231205,10:44:40,53.0,50,64600
20231205,10:45:01,52.95,300,65450
20231205,10:45:12,52.95,100,65450
20231205,10:45:23,52.95,50,65450
20231205,10:45:33,53.0,300,65450
20231205,10:45:54,52.95,50,65450
20231205,10:46:05,52.95,50,65450
20231205,10:46:26,52.95,50,65450
20231205,10:46:48,52.95,50,65450
20231205,10:47:08,52.95,50,65450
20231205,10:47:19,52.95,50,65450
20231205,10:47:40,52.95,50,65450
20231205,10:48:01,52.95,50,66300
20231205,10:48:22,52.95,50,66300
20231205,10:48:43,52.95,50,66300
20231205,10:49:15,52.95,100,66300
20231205,10:49:26,52.95,50,66300
20231205,10:50:17,52.85,150,66300
20231205,10:50:27,52.35,400,66300
20231205,10:50:48,52.35,300,67100
20231205,10:50:59,52.35,300,67100
20231205,10:51:19,52.35,50,67100
20231205,10:51:40,52.3,50,67100
20231205,10:51:51,52.3,400,67100
20231205,10:52:01,52.3,50,67100
20231205,10:52:22,52.3,50,67100
20231205,10:52:44,52.3,50,67100
20231205,10:53:04,52.3,50,67100
20231205,10:53:26,52.3,50,67100
20231205,10:53:46,52.3,50,67100
20231205,10:54:07,52.3,50,68000
20231205,10:54:28,52.3,50,68000
20231205,10:54:38,52.3,50,68000
20231205,10:54:48,52.25,50,68000
20231205,10:55:09,52.25,150,68000
20231205,10:55:20,52.35,100,68000
20231205,11:00:50,51.0,1000,68300
20231205,11:01:01,51.0,450,68300
20231205,11:01:11,52.0,200,68300
20231205,11:01:22,51.9,150,68300
20231205,11:01:32,52.0,150,68300
20231205,11:01:43,52.0,100,68300
20231205,11:02:04,52.0,50,68300
20231205,11:10:26,52.35,600,69950
20231205,11:10:49,53.9,450,69950
20231205,11:11:00,54.35,200,69950
20231205,11:11:22,53.2,50,69950
20231205,11:11:44,53.95,50,69950
20231205,11:13:42,53.95,50,70600
20231205,11:17:54,53.9,100,70650
20231205,11:18:05,54.0,50,70650
20231205,11:18:15,54.15,50,70650
20231205,11:25:04,54.9,50,70800
20231205,11:25:36,54.9,400,70800
20231205,11:25:46,55.0,200,70800
20231205,11:26:06,55.85,50,70800
20231205,11:26:27,55.75,50,70800
20231205,11:31:44,53.25,150,70600
20231205,11:32:06,53.8,50,70600
20231205,11:32:28,53.8,50,70600
20231205,11:33:44,53.8,500,70850
20231205,11:34:06,54.0,200,70850
20231205,11:34:28,55.75,100,70850
20231205,11:47:56,54.25,50,71650
20231205,11:48:07,54.9,50,71650
20231205,11:52:03,54.95,100,71750
20231205,11:52:25,55.45,50,71750
20231205,11:56:20,55.25,100,71900
20231205,11:56:41,55.5,150,71900
20231205,11:57:03,55.35,150,71950
20231205,11:57:24,55.0,100,71950
20231205,12:03:45,54.95,50,71950
20231205,12:03:55,54.55,100,71950
20231205,12:04:26,54.25,150,71950
20231205,12:04:36,53.5,50,71950
20231205,12:05:28,53.9,50,71950
20231205,12:05:39,54.25,50,71950
20231205,12:23:35,53.0,50,72200
20231205,12:28:28,52.55,50,72200
20231205,12:28:37,53.25,50,72200
20231205,12:32:08,53.7,300,72150
20231205,12:32:25,53.9,150,72150
20231205,12:32:44,53.5,200,72150
20231205,12:32:53,53.45,450,72150
20231205,12:33:02,53.7,50,72700
20231205,12:33:11,54.25,350,72700
20231205,12:33:20,54.6,450,72700
20231205,12:33:39,54.85,200,72700
20231205,12:33:48,53.85,300,72700
20231205,12:33:58,53.9,250,72700
20231205,12:34:06,54.7,50,72700
20231205,12:34:24,54.75,100,72700
20231205,12:34:42,54.85,50,72700
20231205,12:35:25,54.05,100,72700
20231205,12:35:33,54.5,200,72700
20231205,12:35:42,54.4,150,72700
20231205,12:35:50,54.0,100,72700
20231205,12:35:59,53.95,800,72700
20231205,12:36:26,53.95,100,72700
20231205,12:36:45,53.95,50,72700
20231205,12:37:59,53.95,100,72700
20231205,12:38:08,53.55,400,72700
20231205,12:38:26,54.75,200,72700
20231205,12:38:45,54.25,100,72700
20231205,12:39:03,54.75,50,73550
20231205,12:40:03,53.75,50,73550
20231205,12:40:13,53.95,200,73550
20231205,12:40:23,53.95,200,73550
20231205,12:40:43,54.4,100,73550
20231205,12:40:53,53.95,100,73550
20231205,12:41:03,54.35,50,73550
20231205,12:41:23,54.75,50,73550
20231205,12:42:20,54.4,600,73700
20231205,12:42:40,54.8,200,73700
20231205,12:42:49,54.9,50,73700
20231205,12:42:58,55.0,100,73700
20231205,12:43:17,54.85,200,73700
20231205,12:43:26,55.0,50,73700
20231205,12:43:36,55.25,100,73700
20231205,12:43:54,55.25,50,73700
20231205,12:46:09,55.35,300,73800
20231205,12:46:18,55.35,400,73800
20231205,12:46:36,55.45,200,73800
20231205,12:46:46,55.15,100,73800
20231205,12:46:55,55.4,100,73800
20231205,12:47:24,55.75,50,73800
20231205,12:47:33,55.05,50,73800
20231205,12:47:43,55.05,250,73800
20231205,12:48:03,55.5,100,73800
20231205,12:48:31,55.55,250,73900
20231205,12:48:41,55.9,100,73900
20231205,12:49:01,57.0,50,73900
20231205,12:49:21,55.15,250,73900
20231205,12:49:31,55.0,1000,73900
20231205,12:49:42,56.4,700,73900
20231205,12:50:02,56.4,250,73900
20231205,12:50:23,54.0,1200,73900
20231205,12:50:44,55.45,500,73900
20231205,12:50:55,54.0,950,73900
20231205,12:51:05,56.0,700,75950
20231205,12:51:25,56.0,300,75950
20231205,12:51:45,55.9,100,75950
20231205,12:52:05,55.8,50,75950
20231205,12:52:24,55.8,50,75950
20231205,12:56:15,54.5,200,77000
20231205,12:56:24,54.0,900,77000
20231205,12:56:34,54.8,100,77000
20231205,12:56:44,55.35,550,77000
20231205,12:57:04,55.65,250,77800
20231205,12:57:14,55.35,100,77800
20231205,12:57:34,55.45,50,77800
20231205,12:57:53,55.2,100,77800
20231205,12:58:02,55.8,50,77800
20231205,12:58:59,55.35,150,77800
20231205,12:59:08,55.25,100,77800
20231205,12:59:18,55.4,50,77800
20231205,12:59:36,55.45,50,77800
20231205,12:59:45,55.85,50,77800
20231205,13:00:05,55.6,50,77800
20231205,13:08:48,54.8,200,77850
20231205,13:08:57,54.55,200,77850
20231205,13:09:07,55.55,100,78150
20231205,13:09:26,55.5,100,78150
20231205,13:09:35,55.0,50,78150
20231205,13:12:52,54.95,200,78200
20231205,13:13:02,55.0,100,78200
20231205,13:13:22,54.55,100,78200
20231205,13:14:01,54.25,50,78200
20231205,13:14:20,55.4,50,78200
20231205,13:15:00,55.45,50,78200
20231205,13:15:20,55.8,50,78450
20231205,13:18:53,55.0,50,78450
20231205,13:20:00,53.9,100,78450
20231205,13:20:19,56.0,50,78450
20231205,13:20:47,55.45,50,78450
20231205,13:26:37,54.15,200,78550
20231205,13:26:47,54.15,50,78550
20231205,13:27:06,55.8,100,78550
20231205,13:27:24,55.75,50,78400
20231205,13:30:52,54.6,100,78450
20231205,13:31:02,54.3,150,78450
20231205,13:31:22,54.65,50,78450
20231205,13:31:42,54.45,50,78450
20231205,13:32:24,53.6,50,78450
20231205,13:33:15,53.65,50,78500
20231205,13:33:25,54.65,50,78500
20231205,13:33:34,54.2,100,78500
20231205,13:34:06,53.55,250,78500
20231205,13:34:16,53.55,50,78500
20231205,13:34:27,54.0,100,78500
20231205,13:34:47,54.4,50,78500
20231205,13:34:58,53.25,150,78500
20231205,13:35:08,54.4,100,78500
20231205,13:35:28,54.25,50,78500
20231205,13:37:09,53.95,50,78550
20231205,13:40:21,54.0,50,78550
20231205,13:40:42,54.0,50,78550
20231205,13:41:54,54.0,50,78550
20231205,13:42:03,54.0,50,78550
20231205,13:43:33,54.0,50,78700
20231205,13:47:08,54.0,350,78750
20231205,13:47:28,54.0,150,78750
20231205,13:47:39,54.0,50,78750
20231205,13:48:00,54.0,50,78750
20231205,13:48:39,53.5,100,79350
20231205,13:51:35,53.5,100,79350
20231205,13:51:44,53.5,50,79350
20231205,13:55:40,53.25,50,79450
20231205,13:55:59,53.45,50,79450
20231205,13:57:30,53.45,200,79500
20231205,13:57:41,53.5,100,79500
20231205,13:58:42,53.5,350,79500
20231205,13:59:03,54.0,150,79500
20231205,13:59:23,54.25,50,79500
20231205,13:59:44,54.25,50,79500
20231205,14:01:17,53.55,50,79800
20231205,14:01:27,54.25,50,79800
20231205,14:02:19,54.0,50,79800
20231205,14:02:29,55.0,250,79800
20231205,14:02:40,55.0,100,79800
20231205,14:03:00,55.2,50,79800
20231205,14:03:21,55.2,50,80250
20231205,14:05:32,55.0,150,80250
20231205,14:05:42,55.0,50,80250
20231205,14:06:02,54.0,250,80250
20231205,14:06:23,54.9,150,80350
20231205,14:06:43,55.8,50,80350
20231205,14:13:42,55.0,50,80450
20231205,14:14:02,55.0,50,80450
20231205,14:14:40,53.9,50,80450
20231205,14:14:49,53.9,50,80450
20231205,14:14:59,54.25,50,80450
20231205,14:17:16,54.5,50,80500
20231205,14:17:45,54.5,50,80500
20231205,14:22:09,54.2,50,80600
20231205,14:22:57,54.2,450,80600
20231205,14:23:07,54.9,200,80600
20231205,14:23:26,55.5,100,80600
20231205,14:23:36,55.6,150,80600
20231205,14:23:45,55.7,100,80600
20231205,14:25:06,54.9,50,81050
20231205,14:25:15,55.0,50,81050
20231205,14:27:07,53.5,300,81050
20231205,14:27:27,55.55,150,80950
20231205,14:27:37,55.0,50,80950
20231205,14:27:47,54.75,100,80950
20231205,14:28:06,55.25,50,80950
20231205,14:28:16,54.75,100,80950
20231205,14:28:26,55.65,50,80950
20231205,14:28:44,55.05,100,80950
20231205,14:29:14,54.9,350,80950
20231205,14:29:23,54.85,150,80950
20231205,14:29:43,54.75,50,80950
20231205,14:30:03,54.4,50,80950
20231205,14:30:34,54.4,100,81450
20231205,14:30:44,54.45,50,81450
20231205,14:32:12,53.85,200,81450
20231205,14:32:21,54.6,100,81450
20231205,14:32:40,54.5,50,81450
20231205,14:36:04,54.7,50,81400
20231205,14:36:25,54.85,50,81400
20231205,14:37:25,54.9,50,81400
20231205,14:43:37,54.2,150,81450
20231205,14:43:57,54.05,50,81450
20231205,14:46:42,53.8,50,81450
20231205,14:46:52,54.05,100,81450
20231205,14:47:02,53.8,50,81450
20231205,14:47:12,53.8,200,81450
20231205,14:47:22,53.8,100,81450
20231205,14:47:31,53.75,50,81450
20231205,14:47:42,53.8,50,81450
20231205,14:48:02,53.8,50,81450
20231205,14:49:01,53.7,100,82100
20231205,14:49:22,53.7,50,82100
20231205,14:50:13,53.7,400,82100
20231205,14:50:22,53.7,200,82100
20231205,14:50:42,53.55,150,82100
20231205,14:51:02,53.7,50,82100
20231205,14:51:22,54.55,50,82900
20231205,14:51:42,54.45,50,82900
20231205,14:52:03,54.2,50,82900
20231205,14:59:55,54.0,50,83050
20231205,15:03:47,53.5,100,83050
20231205,15:03:58,53.2,150,83050
20231205,15:04:09,53.75,100,83050
20231205,15:04:20,53.9,50,83050
20231205,15:04:41,54.0,50,83050
20231205,15:05:03,54.0,50,83050
20231205,15:10:35,53.4,100,83400
20231205,15:10:46,53.4,50,83400
20231205,15:11:06,53.4,50,83400
20231205,15:11:27,53.25,100,83400
20231205,15:11:48,53.8,100,83400
20231205,15:11:59,54.0,50,83400
20231205,15:12:42,53.3,50,83750
20231205,15:13:14,53.3,150,83750
20231205,15:13:25,53.85,100,83750
20231205,15:15:09,53.85,100,83750
20231205,15:15:20,54.0,50,83750
20231205,15:15:41,54.0,50,84000
20231205,15:17:07,54.0,150,84000
20231205,15:17:28,54.0,50,84000
20231205,15:17:49,54.0,50,84000
20231205,15:19:02,53.0,550,84300
20231205,15:19:13,52.3,150,84300
20231205,15:19:23,53.0,350,84300
20231205,15:19:34,53.0,100,84300
20231205,15:19:44,53.0,100,84300
20231205,15:20:05,53.0,100,84300
20231205,15:20:16,53.9,150,84300
20231205,15:20:26,53.7,100,84300
20231205,15:20:46,53.8,50,84300
20231205,15:22:26,53.2,300,85250
20231205,15:22:36,52.6,50,85250
20231205,15:22:46,53.7,150,85250
20231205,15:22:55,52.65,50,85250
20231205,15:23:05,53.5,100,85250
20231205,15:24:16,52.55,50,85250
20231205,15:24:27,53.45,150,85250
20231205,15:24:47,53.45,50,85750
20231205,15:27:38,53.15,100,85750
20231205,15:28:10,52.75,150,85750
20231205,15:29:26,53.0,50,85750
20231205,15:29:37,52.5,150,85750
20231205,15:29:49,54.9,100,85750
20231206,09:30:47,54.7,1,85450
20231206,09:30:47,54.7,50,85450
20231206,09:32:02,49.2,200,85450
20231206,09:32:12,49.2,50,85450
20231206,09:32:23,49.2,50,85450
20231206,09:32:35,54.65,50,85450
20231206,09:33:51,55.65,50,85500
20231206,09:35:38,55.65,50,85500
20231206,09:36:10,55.9,100,85550
20231206,09:37:36,58.25,100,85550
20231206,09:39:46,58.25,200,85650
20231206,09:40:19,54.55,50,85650
20231206,09:40:52,53.05,50,85650
20231206,09:41:24,56.0,50,85650
20231206,09:45:29,56.0,500,85650
20231206,09:45:59,57.0,100,85650
20231206,09:52:37,55.0,50,86150
20231206,09:57:19,54.5,50,86200
20231206,09:57:50,55.05,200,86200
20231206,09:59:33,56.0,200,86200
20231206,10:00:15,56.25,50,86300
20231206,10:00:57,54.5,100,86300
20231206,10:01:38,55.35,200,86300
20231206,10:02:29,56.9,50,86300
20231206,10:04:26,56.9,50,86250
20231206,10:07:36,53.7,500,86250
20231206,10:08:18,55.4,100,86250
20231206,10:09:42,56.0,50,86750
20231206,10:09:53,57.0,50,86750
20231206,10:10:15,57.0,250,86750
20231206,10:10:36,57.0,50,86750
20231206,10:12:53,53.8,750,86800
20231206,10:13:35,56.9,150,86800
20231206,10:14:06,56.25,50,86800
20231206,10:14:17,56.25,50,86800
20231206,10:14:27,56.65,50,86800
20231206,10:20:09,55.1,50,87750
20231206,10:23:28,55.25,50,87700
20231206,10:23:39,55.25,50,87700
20231206,10:23:50,55.25,50,87700
20231206,10:24:11,56.2,200,87850
20231206,10:24:53,56.2,50,87850
20231206,10:25:46,56.0,50,87850
20231206,10:29:56,55.0,100,88150
20231206,10:30:07,56.0,50,88150
20231206,10:31:19,55.45,50,88150
20231206,10:31:30,55.45,50,88150
20231206,10:45:02,54.0,200,88400
20231206,10:45:13,53.0,300,88400
20231206,10:45:34,55.3,1550,88400
20231206,10:45:44,55.35,400,88400
20231206,10:45:54,55.45,650,88400
20231206,10:46:14,55.45,100,88400
20231206,10:46:24,55.2,650,88400
20231206,10:46:35,55.4,400,88400
20231206,10:46:45,55.15,1350,88400
20231206,10:46:55,55.45,100,88400
20231206,10:47:05,55.35,200,88400
20231206,10:47:15,55.1,650,88400
20231206,10:47:26,55.1,100,88400
20231206,10:47:47,55.15,100,88400
20231206,10:47:57,55.1,200,89350
20231206,10:48:07,55.1,550,89350
20231206,10:48:18,55.45,150,89350
20231206,10:48:28,55.65,50,89350
20231206,10:48:49,54.9,450,89350
20231206,10:49:19,55.05,250,89350
20231206,10:49:30,55.0,150,89350
20231206,10:49:40,55.0,300,89350
20231206,10:50:12,55.0,50,89350
20231206,10:50:22,55.05,150,89350
20231206,10:50:33,55.15,50,89350
20231206,10:50:53,55.3,50,89350
20231206,10:51:14,55.25,150,89500
20231206,10:51:24,55.3,50,89500
20231206,10:51:55,55.35,50,89500
20231206,10:52:57,54.95,50,89500
20231206,10:53:17,54.65,50,89500
20231206,10:53:27,54.95,50,89500
20231206,10:53:38,54.95,100,89500
20231206,10:54:08,55.0,50,89600
20231206,10:54:38,55.35,50,89600
20231206,10:55:07,55.6,200,89600
20231206,10:55:37,55.7,50,89600
20231206,10:58:12,55.35,150,89900
20231206,10:58:31,55.5,50,89900
20231206,10:58:49,55.3,50,89900
20231206,10:59:10,55.2,150,89900
20231206,10:59:29,55.0,50,89900
20231206,11:00:22,54.8,50,90150
20231206,11:00:33,55.1,50,90150
20231206,11:01:14,55.1,50,90150
20231206,11:01:35,54.95,50,90150
20231206,11:02:34,54.95,50,90150
20231206,11:02:54,54.95,50,90150
20231206,11:05:43,55.0,100,90450
20231206,11:06:13,55.1,50,90400
20231206,11:06:32,55.0,100,90400
20231206,11:06:51,55.0,250,90400
20231206,11:07:39,55.2,50,90400
20231206,11:07:59,55.2,100,90400
20231206,11:08:18,55.25,50,90400
20231206,11:08:38,55.5,100,90400
20231206,11:11:22,55.25,150,90650
20231206,11:12:41,54.45,100,90650
20231206,11:12:51,54.25,250,90650
20231206,11:13:11,54.2,600,90650
20231206,11:13:39,55.6,250,90650
20231206,11:13:59,55.3,50,90650
20231206,11:14:18,55.55,50,90650
20231206,11:14:28,55.75,50,90650
20231206,11:14:38,55.5,50,90650
20231206,11:15:07,55.55,50,91550
20231206,11:15:36,55.3,150,91550
20231206,11:15:46,55.3,50,91550
20231206,11:15:56,55.35,50,91550
20231206,11:18:21,55.35,50,91800
20231206,11:22:25,55.6,50,91850
20231206,11:22:34,55.6,50,91850
20231206,11:24:55,55.45,50,91950
20231206,11:25:33,54.85,50,91950
20231206,11:49:53,54.05,100,91950
20231206,11:51:38,54.0,50,91850
20231206,11:51:46,54.1,100,91850
20231206,11:51:55,54.25,50,91850
20231206,11:52:05,54.05,50,91850
20231206,11:52:13,54.05,50,91850
20231206,11:56:15,54.05,50,92000
20231206,11:56:25,54.15,50,92000
20231206,11:56:35,54.05,100,92000
20231206,11:59:19,53.95,50,92000
20231206,11:59:29,53.9,50,92000
20231206,12:00:06,53.85,100,92000
20231206,12:01:02,53.65,100,92200
20231206,12:01:11,53.6,200,92200
20231206,12:01:31,53.6,50,92200
20231206,12:01:40,53.35,100,92200
20231206,12:02:26,53.5,150,92200
20231206,12:02:35,53.35,100,92200
20231206,12:02:44,53.3,50,92200
20231206,12:03:12,53.65,50,92200
20231206,12:18:33,52.9,250,92600
20231206,12:18:50,53.65,50,92600
20231206,12:21:53,52.7,200,92500
20231206,12:23:31,53.65,50,92500
20231206,12:24:36,54.0,50,92550
20231206,12:24:55,54.0,50,92550
20231206,12:26:27,52.9,100,92550
20231206,12:27:15,54.0,50,92550
20231206,12:27:36,54.15,50,92700
20231206,12:27:47,54.75,50,92700
20231206,12:27:57,55.35,50,92700
20231206,12:28:46,54.85,50,92700
20231206,12:34:51,54.45,150,92700
20231206,12:35:02,54.65,50,92700
20231206,12:35:24,54.65,50,92700
20231206,12:36:46,54.65,100,92950
20231206,12:36:56,54.75,50,92950
20231206,12:41:22,53.7,50,93100
20231206,12:41:31,53.5,50,93100
20231206,12:42:00,53.8,50,93100
20231206,12:42:20,53.9,50,93200
20231206,12:42:50,54.0,50,93200
20231206,12:44:56,54.0,150,93200
20231206,12:45:06,54.25,100,93200
20231206,12:45:46,54.45,150,93550
20231206,12:53:36,64.0,2150,93700
20231206,12:54:04,55.3,100,93700
20231206,12:54:14,55.95,1300,93700
20231206,12:54:55,56.25,500,93050
20231206,12:55:37,56.9,300,93050
20231206,12:56:28,55.45,50,93050
20231206,13:00:56,55.65,100,93050
20231206,13:01:06,55.55,50,93050
20231206,13:01:15,55.65,50,93050
20231206,13:01:24,55.65,50,93050
20231206,13:01:34,55.7,50,93050
20231206,13:01:44,55.65,150,93050
20231206,13:01:54,55.65,250,93050
20231206,13:02:23,55.95,100,93050
20231206,13:05:52,56.0,150,93600
20231206,13:06:14,56.9,50,93600
20231206,13:09:05,56.5,50,93650
20231206,13:10:17,56.0,50,93650
20231206,13:10:38,56.35,50,93650
20231206,13:11:20,56.4,50,93650
20231206,13:15:36,56.0,150,93700
20231206,13:15:56,55.75,250,93700
20231206,13:16:27,55.25,100,93700
20231206,13:16:37,55.95,150,93700
20231206,13:18:21,55.25,50,94050
20231206,13:18:51,55.95,50,94050
20231206,13:24:49,56.0,100,94050
20231206,13:32:25,55.25,50,94150
20231206,13:32:35,54.3,50,94150
20231206,13:33:06,55.7,50,94150
20231206,13:33:57,55.75,150,94250
20231206,13:46:24,54.85,50,94250
20231206,13:46:35,55.0,50,94250
20231206,13:46:56,53.25,100,94250
20231206,13:47:27,53.25,150,94250
20231206,13:48:09,53.95,50,94250
20231206,13:52:56,53.6,100,94450
20231206,13:57:37,53.0,50,94500
20231206,13:57:47,52.95,50,94500
20231206,13:57:56,53.0,50,94500
20231206,14:00:57,52.45,100,94600
20231206,14:01:07,52.45,50,94600
20231206,14:01:27,51.95,400,94600
20231206,14:01:37,52.5,150,94600
20231206,14:01:47,52.65,100,94600
20231206,14:02:27,52.65,50,94600
20231206,14:07:22,52.95,50,95350
20231206,14:07:42,52.95,50,95350
20231206,14:10:58,50.2,1000,95350
20231206,14:11:26,51.85,200,95350
20231206,14:12:05,51.75,50,95350
20231206,14:13:12,51.65,100,96200
20231206,14:13:40,51.0,100,96200
20231206,14:13:50,51.0,50,96200
20231206,14:14:28,51.85,50,96200
20231206,14:18:44,51.85,1050,96500
20231206,14:18:54,51.85,500,96500
20231206,14:19:04,51.85,50,96500
20231206,14:19:33,52.05,100,96500
20231206,14:19:43,51.85,200,96500
20231206,14:20:23,52.2,100,96500
20231206,14:21:31,51.5,100,96500
20231206,14:24:19,51.0,100,95900
20231206,14:24:48,52.05,50,96000
20231206,14:35:16,50.55,400,96000
20231206,14:35:37,50.5,50,96000
20231206,14:36:08,50.65,50,96000
20231206,14:36:19,50.7,200,96000
20231206,14:36:50,52.1,50,96600
20231206,14:37:40,51.5,50,96600
20231206,14:37:50,51.85,50,96600
20231206,14:38:09,51.6,100,96600
20231206,14:38:19,51.7,50,96600
20231206,14:38:48,51.65,100,96600
20231206,14:39:18,51.95,200,96600
20231206,14:39:57,51.65,100,96700
20231206,14:40:17,51.3,300,96700
20231206,14:40:37,51.75,100,96700
20231206,14:40:56,50.55,50,96700
20231206,14:42:32,50.7,50,96700
20231206,14:42:51,51.0,50,97000
20231206,14:43:42,50.0,250,97000
20231206,14:44:23,51.0,50,97000
20231206,14:46:12,50.65,50,97250
20231206,14:46:22,50.65,100,97250
20231206,14:46:41,51.0,50,97250
20231206,15:01:55,51.0,50,97450
20231206,15:06:08,51.0,150,97450
20231206,15:06:50,51.45,50,97600
20231206,15:07:22,51.0,100,97600
20231206,15:09:09,50.0,100,97600
20231206,15:09:51,50.55,50,97600
20231206,15:13:13,50.2,100,97600
20231206,15:14:35,50.2,500,97600
20231206,15:14:54,52.75,50,97600
20231206,15:15:04,51.4,150,97600
20231206,15:15:46,51.4,50,97100
20231206,15:18:01,52.15,50,97100
20231206,15:19:43,51.0,100,97150
20231206,15:20:15,51.3,50,97150
20231206,15:24:05,51.0,200,97300
20231206,15:24:37,51.55,450,97300
20231206,15:24:48,51.6,150,97750
20231206,15:24:58,51.5,150,97750
20231206,15:25:08,51.7,450,97750
20231206,15:25:19,51.0,100,97750
20231206,15:25:29,51.95,250,97750
20231206,15:25:39,52.15,1000,97750
20231206,15:25:49,51.6,100,97750
20231206,15:25:59,51.25,150,97750
20231206,15:26:40,52.0,200,97750
20231206,15:26:50,51.85,50,97750
20231206,15:27:01,52.45,800,97750
20231206,15:27:34,52.65,150,97750
20231206,15:27:46,52.65,300,100400
20231206,15:28:06,52.5,100,100400
20231206,15:28:37,52.65,150,100400
20231206,15:28:47,53.45,1550,100400
20231206,15:28:58,52.75,50,100400
20231206,15:29:08,53.45,100,100400
20231206,15:29:19,53.0,300,100400
20231206,15:30:01,56.0,250,100400
20231207,09:23:16,55.0,1,103150
20231207,09:23:16,55.0,50,103150
20231207,09:29:17,54.0,750,103200
20231207,09:29:38,54.0,300,102450
20231207,09:29:49,52.35,850,102450
20231207,09:29:59,53.45,50,102450
20231207,09:30:21,52.95,650,102450
20231207,09:30:31,52.15,100,102450
20231207,09:30:42,52.65,100,102450
20231207,09:30:52,52.3,150,102450
20231207,09:31:03,52.65,200,102450
20231207,09:31:14,52.95,350,102450
20231207,09:31:25,52.25,50,102450
20231207,09:31:35,52.25,50,102450
20231207,09:32:49,52.95,50,101300
20231207,09:33:49,52.7,50,101300
20231207,09:34:30,52.95,100,101300
20231207,09:35:12,52.1,500,101300
20231207,09:35:22,52.1,50,101300
20231207,09:35:32,52.1,150,101050
20231207,09:35:43,52.2,100,101050
20231207,09:36:34,52.55,100,101050
20231207,09:37:15,51.55,250,101050
20231207,09:37:26,51.55,200,101050
20231207,09:37:47,51.0,1200,101050
20231207,09:38:30,51.95,100,101050
20231207,09:38:40,52.05,100,99800
20231207,09:38:52,50.85,100,99800
20231207,09:39:03,50.85,50,99800
20231207,09:39:24,52.0,100,99800
20231207,09:40:48,52.45,50,99800
20231207,09:42:20,50.75,100,99800
20231207,09:42:41,50.75,50,99800
20231207,09:44:13,50.75,50,99800
20231207,09:44:23,51.4,50,99800
20231207,09:46:16,51.45,50,99900
20231207,09:47:25,51.0,50,99900
20231207,09:47:54,51.0,50,100000
20231207,09:48:25,51.0,150,100000
20231207,09:49:06,51.25,50,100000
20231207,09:49:47,51.45,50,100000
20231207,09:51:28,51.8,50,100300
20231207,09:51:38,51.9,50,100300
20231207,09:53:09,51.3,50,100300
20231207,09:54:58,51.3,50,100400
20231207,09:56:37,51.3,50,100450
20231207,09:58:26,51.2,50,100450
20231207,10:00:15,52.0,50,100550
20231207,10:01:59,51.4,50,100550
20231207,10:03:47,51.3,50,100650
20231207,10:04:45,52.0,300,100650
20231207,10:05:34,51.25,200,100650
20231207,10:07:18,52.0,50,101050
20231207,10:09:13,51.95,50,101100
20231207,10:09:23,51.05,200,101100
20231207,10:10:56,51.8,50,101100
20231207,10:11:24,50.95,150,101100
20231207,10:12:43,50.95,50,101350
20231207,10:14:31,51.0,50,101350
20231207,10:15:56,50.0,350,101450
20231207,10:16:15,50.0,50,101450
20231207,10:18:01,50.7,50,101600
20231207,10:18:39,50.0,50,101600
20231207,10:18:49,50.0,50,101600
20231207,10:18:59,50.0,50,101600
20231207,10:19:08,50.0,50,101600
20231207,10:19:47,50.25,50,101600
20231207,10:21:18,49.05,50,101800
20231207,10:21:28,49.05,50,101800
20231207,10:34:31,49.25,50,101850
20231207,10:34:51,49.25,50,101850
20231207,10:35:42,49.65,50,101850
20231207,10:36:41,49.65,50,101900
20231207,10:38:07,49.05,50,101900
20231207,10:40:19,49.05,50,101850
20231207,10:41:01,49.05,100,101850
20231207,10:42:38,49.45,50,101950
20231207,10:43:09,49.0,600,101950
20231207,10:43:40,49.0,100,101950
20231207,10:44:11,49.0,500,101950
20231207,10:44:21,49.0,250,101950
20231207,10:46:13,49.25,50,101700
20231207,10:46:52,49.0,100,101700
20231207,10:47:02,49.0,50,101700
20231207,10:47:21,49.0,100,101700
20231207,10:47:31,49.0,500,101700
20231207,10:48:01,49.4,150,101700
20231207,10:49:51,49.15,50,101700
20231207,10:51:59,47.55,50,101800
20231207,10:53:33,47.55,50,101800
20231207,10:55:19,47.55,300,101850
20231207,10:55:29,47.4,150,101850
20231207,10:56:13,47.3,50,101850
20231207,10:56:44,47.3,50,101850
20231207,10:56:54,47.3,100,102000
20231207,10:58:36,47.95,50,102000
20231207,10:58:46,47.95,50,102000
20231207,11:00:16,47.35,100,102050
20231207,11:01:54,47.15,100,102050
20231207,11:02:14,47.15,50,102050
20231207,11:02:25,47.25,100,102050
20231207,11:02:55,47.25,50,102100
20231207,11:03:54,47.9,50,102100
20231207,11:05:43,47.2,300,102100
20231207,11:06:48,47.05,200,102100
20231207,11:07:08,47.0,100,102100
20231207,11:07:29,47.0,100,102100
20231207,11:09:11,47.85,50,102150
20231207,11:11:04,46.25,150,102150
20231207,11:12:44,46.25,50,102300
20231207,11:17:43,45.4,150,102350
20231207,11:20:43,45.4,150,102250
20231207,11:21:04,46.55,50,102350
20231207,11:21:34,47.0,50,102350
20231207,11:26:44,48.0,50,102450
20231207,11:26:54,48.0,50,102500
20231207,11:29:13,47.0,50,102500
20231207,11:30:14,47.0,50,102600
20231207,11:32:34,46.9,50,102600
20231207,11:32:44,46.85,200,102600
20231207,11:33:15,46.8,50,102800
20231207,11:33:54,46.8,50,102800
20231207,11:35:42,46.95,50,102800
20231207,11:39:05,46.8,50,102950
20231207,11:51:22,46.1,50,103000
20231207,11:51:32,46.1,50,103000
20231207,11:52:03,45.9,50,103000
20231207,11:52:13,45.9,100,103000
20231207,11:52:53,46.0,50,103000
20231207,11:53:22,46.25,150,103000
20231207,11:55:09,46.25,50,103350
20231207,11:56:42,46.95,150,103350
20231207,11:56:51,48.0,150,103550
20231207,11:57:10,47.0,50,103550
20231207,12:03:38,46.2,250,103600
20231207,12:03:56,46.2,50,103600
20231207,12:04:05,46.2,50,103600
20231207,12:05:44,47.95,150,103600
20231207,12:17:53,45.35,700,103900
20231207,12:18:03,45.35,550,104400
20231207,12:19:06,45.35,50,104400
20231207,12:19:16,45.9,50,104400
20231207,12:19:55,46.95,150,104400
20231207,12:27:58,45.6,200,105100
20231207,12:28:39,46.85,150,105100
20231207,12:30:32,46.25,50,105250
20231207,12:32:52,45.8,50,105250
20231207,12:33:02,46.0,100,105300
20231207,12:34:03,46.25,50,105300
20231207,12:41:37,45.45,50,105450
20231207,12:44:18,45.75,50,105500
20231207,12:45:41,45.95,100,105500
20231207,12:46:27,46.0,50,105500
20231207,12:48:25,45.9,50,105550
20231207,12:53:36,46.0,50,105550
20231207,13:03:06,46.25,50,105600
20231207,13:09:54,45.9,50,105650
20231207,13:10:12,45.85,50,105650
20231207,13:11:09,45.85,50,105650
20231207,13:13:54,45.8,100,105800
20231207,13:15:03,45.25,50,105800
20231207,13:15:59,45.25,100,105800
20231207,13:16:28,45.95,50,105800
20231207,13:18:15,45.55,100,105850
20231207,13:20:00,46.0,50,105850
20231207,13:20:37,46.3,400,105850
20231207,13:21:38,46.4,50,105900
20231207,13:23:25,46.4,50,105900
20231207,13:27:57,45.45,50,106000
20231207,13:28:07,45.45,100,106000
20231207,13:30:17,45.45,50,106150
20231207,13:30:36,45.75,50,106150
20231207,13:33:06,45.0,100,106150
20231207,13:35:13,44.9,50,106350
20231207,13:35:53,44.6,50,106350
20231207,13:37:42,44.6,50,106400
20231207,13:40:10,44.05,500,106450
20231207,13:41:05,44.05,100,106450
20231207,13:50:39,44.5,200,106850
20231207,13:50:47,44.25,100,106850
20231207,13:50:55,44.35,50,106850
20231207,13:51:41,44.95,100,107000
20231207,14:02:30,44.0,450,107100
20231207,14:02:57,44.0,150,107100
20231207,14:03:47,44.0,50,107600
20231207,14:04:04,44.5,150,107600
20231207,14:04:38,43.35,100,107600
20231207,14:05:50,43.35,50,107600
20231207,14:17:16,44.85,300,107850
20231207,14:18:04,44.9,50,107850
20231207,14:18:13,45.25,200,107850
20231207,14:18:50,45.5,50,107850
20231207,14:20:04,44.7,50,107850
20231207,14:23:47,44.5,50,107750
20231207,14:24:13,44.4,50,107750
20231207,14:24:22,44.35,200,107750
20231207,14:25:16,44.7,100,107750
20231207,14:28:14,44.1,500,108000
20231207,14:28:42,44.0,500,108000
20231207,14:28:51,44.0,200,108000
20231207,14:30:33,44.0,50,108200
20231207,14:34:03,44.0,500,108250
20231207,14:35:39,44.0,50,108250
20231207,14:35:58,44.2,100,108250
20231207,14:36:17,44.25,50,108250
20231207,14:36:46,44.5,50,108950
20231207,14:37:15,44.5,50,108950
20231207,14:37:35,44.3,50,108950
20231207,14:41:29,43.75,50,109050
20231207,14:42:18,44.0,250,109050
20231207,14:42:56,44.5,100,109100
20231207,14:47:33,44.4,50,109200
20231207,14:47:43,44.25,100,109200
20231207,14:48:14,44.45,100,109200
20231207,14:53:23,44.55,400,109250
20231207,14:53:33,44.75,450,109250
20231207,14:54:43,44.8,100,109500
20231207,14:55:04,45.0,50,109500
20231207,14:55:13,44.9,300,109500
20231207,14:57:09,45.35,50,109500
20231207,15:01:39,44.65,50,109500
20231207,15:02:20,45.0,50,109400
20231207,15:05:53,45.0,50,109400
20231207,15:14:51,44.95,50,109450
20231207,15:15:57,43.5,850,109400
20231207,15:16:06,44.0,400,109400
20231207,15:16:25,44.6,500,109400
20231207,15:16:35,44.95,300,109400
20231207,15:16:44,44.75,200,109400
20231207,15:17:13,45.15,150,109400
20231207,15:17:24,44.9,100,109400
20231207,15:17:34,45.25,50,109400
20231207,15:17:54,46.05,1650,109400
20231207,15:18:04,45.95,50,109400
20231207,15:18:33,45.65,350,110450
20231207,15:18:43,46.25,200,110450
20231207,15:18:52,47.15,1550,110450
20231207,15:19:02,47.15,100,110450
20231207,15:19:22,47.5,600,110450
20231207,15:19:32,47.5,50,110450
20231207,15:21:29,47.75,200,112250
20231207,15:22:18,48.4,700,112250
20231207,15:23:44,48.05,500,112250
20231207,15:28:11,48.05,200,113650
20231207,15:28:21,48.0,250,113650
20231208,09:16:08,46.0,1,113550
20231208,09:16:08,46.0,150,113550
20231208,09:22:32,45.95,50,113550
20231208,09:24:36,45.95,50,113600
20231208,09:25:45,45.0,50,113600
20231208,09:25:54,45.0,50,113600
20231208,09:29:22,45.0,50,113650
20231208,09:30:10,45.3,200,113700
20231208,09:33:55,45.25,50,113700
20231208,09:34:41,45.25,50,113700
20231208,09:35:01,45.1,50,113700
20231208,09:35:10,45.0,100,113700
20231208,09:36:11,45.0,50,113700
20231208,09:37:16,45.45,50,113700
20231208,09:39:01,44.0,1800,113700
20231208,09:39:29,44.0,150,113700
20231208,09:39:38,43.2,300,113700
20231208,09:39:47,43.15,300,113700
20231208,09:39:57,43.55,50,113700
20231208,09:40:06,43.3,100,113700
20231208,09:40:15,42.1,250,113700
20231208,09:40:25,42.1,50,113700
20231208,09:40:35,42.0,100,113700
20231208,09:40:44,42.0,50,113700
20231208,09:41:03,42.15,100,113700
20231208,09:41:11,42.2,200,113700
20231208,09:45:32,43.9,50,111900
20231208,09:45:50,43.9,200,111900
20231208,09:46:44,43.9,50,111900
20231208,09:46:53,43.95,50,111900
20231208,09:47:02,44.0,50,111900
20231208,09:47:11,43.95,50,111900
20231208,09:53:03,43.45,50,111800
20231208,09:53:50,43.75,50,111800
20231208,09:54:09,43.85,150,111800
20231208,09:54:47,43.85,100,111800
20231208,09:56:03,43.85,50,111800
20231208,09:57:08,43.85,50,111850
20231208,09:57:26,43.85,500,111850
20231208,10:00:12,43.5,100,112050
20231208,10:04:00,43.45,150,112050
20231208,10:04:55,42.45,50,112050
20231208,10:08:12,42.95,50,112050
20231208,10:08:22,43.55,250,112050
20231208,10:08:31,44.0,1250,112050
20231208,10:08:50,43.2,50,110950
20231208,10:08:59,43.05,50,110950
20231208,10:09:09,43.3,50,110950
20231208,10:09:19,42.85,50,110950
20231208,10:09:28,43.1,50,110950
20231208,10:09:38,43.1,150,110950
20231208,10:09:47,42.45,100,110950
20231208,10:09:56,43.1,100,110950
20231208,10:11:22,43.2,50,110950
20231208,10:11:31,42.4,50,110950
20231208,10:14:39,43.95,50,110950
20231208,10:15:32,43.95,50,110950
20231208,10:16:32,44.0,450,110950
20231208,10:19:35,44.1,250,111050
20231208,10:19:44,44.9,200,111050
20231208,10:20:57,42.5,100,111300
20231208,10:22:46,42.65,50,111300
20231208,10:26:44,44.65,50,111300
20231208,10:27:21,44.4,50,111300
20231208,10:36:53,43.65,50,111300
20231208,10:40:10,43.0,50,111350
20231208,10:40:44,43.65,150,111350
20231208,10:40:53,43.75,50,111350
20231208,10:41:53,43.75,50,111550
20231208,10:43:11,43.65,50,111550
20231208,10:46:09,43.95,50,111600
20231208,10:46:46,43.7,100,111600
20231208,10:48:12,43.7,100,111650
20231208,10:48:29,43.65,50,111650
20231208,10:48:38,43.65,50,111650
20231208,10:55:17,43.7,50,111850
20231208,10:57:48,44.4,500,111850
20231208,10:58:24,45.0,1000,111850
20231208,10:59:00,44.4,50,111850
20231208,10:59:45,42.7,200,112400
20231208,10:59:54,42.9,150,112400
20231208,11:02:39,43.9,250,112400
20231208,11:02:49,44.0,50,112350
20231208,11:04:07,45.0,50,112350
20231208,11:05:03,44.25,50,112350
20231208,11:05:52,44.4,200,112300
20231208,11:06:11,44.5,100,112300
20231208,11:07:00,44.9,50,112300
20231208,11:07:39,45.45,50,112300
20231208,11:08:17,45.25,100,112300
20231208,11:08:27,45.35,250,112300
20231208,11:08:37,45.5,100,112300
20231208,11:08:46,45.5,150,113100
20231208,11:08:56,45.5,50,113100
20231208,11:09:24,45.65,250,113100
20231208,11:09:33,45.75,150,113100
20231208,11:09:42,45.75,400,113100
20231208,11:09:52,45.85,100,113100
20231208,11:10:01,46.0,750,113100
20231208,11:10:21,46.45,200,113100
20231208,11:10:30,47.15,300,113100
20231208,11:10:40,47.15,300,113100
20231208,11:10:49,46.8,100,113100
20231208,11:10:58,46.7,200,113100
20231208,11:11:10,46.85,750,113100
20231208,11:11:19,47.15,100,113100
20231208,11:12:12,47.2,600,114650
20231208,11:12:21,47.25,300,114650
20231208,11:12:31,47.25,100,114650
20231208,11:12:40,47.25,100,114650
20231208,11:12:49,47.4,550,114650
20231208,11:12:57,47.65,600,114650
20231208,11:13:07,47.6,600,114650
20231208,11:13:16,47.75,50,114650
20231208,11:13:26,47.75,750,114650
20231208,11:13:35,47.25,350,114650
20231208,11:13:45,47.15,150,114650
20231208,11:13:54,47.05,350,114650
20231208,11:14:04,47.25,350,114650
20231208,11:14:13,47.05,350,114650
20231208,11:14:23,47.85,250,114650
20231208,11:14:32,47.15,250,114650
20231208,11:14:42,47.15,100,114650
20231208,11:14:51,47.7,300,119450
20231208,11:15:01,47.7,100,119450
20231208,11:15:21,47.55,200,119450
20231208,11:16:44,46.75,50,119450
20231208,11:17:03,46.25,200,119450
20231208,11:17:22,47.35,250,119450
20231208,11:17:50,46.0,50,119950
20231208,11:17:59,45.95,150,119950
20231208,11:18:08,45.95,50,119950
20231208,11:20:41,45.5,50,120050
20231208,11:21:54,46.4,50,120050
20231208,11:22:13,46.7,100,120050
20231208,11:22:40,46.7,50,120050
20231208,11:22:49,46.7,50,120050
20231208,11:23:16,46.45,100,120050
20231208,11:23:34,46.7,100,120050
20231208,11:23:52,46.75,50,120300
20231208,11:24:01,46.9,50,120300
20231208,11:29:12,45.05,50,120400
20231208,11:29:29,45.15,50,120400
20231208,11:30:04,45.0,750,120300
20231208,11:30:31,45.0,250,120300
20231208,11:31:48,46.65,50,120300
20231208,11:33:16,45.0,200,120500
20231208,11:35:15,44.95,150,120500
20231208,11:36:11,44.65,50,120500
20231208,11:36:27,44.65,50,120450
20231208,11:37:36,43.65,50,120450
20231208,11:38:03,44.6,50,120450
20231208,11:41:23,45.0,450,120450
20231208,11:41:57,45.65,50,120900
20231208,11:42:06,45.25,50,120900
20231208,11:42:14,46.1,150,120900
20231208,11:42:23,45.55,50,120900
20231208,11:42:39,45.55,50,120900
20231208,11:42:48,45.55,200,120900
20231208,11:42:57,45.8,50,120900
20231208,11:43:06,46.2,50,120900
20231208,11:45:21,45.7,100,121550
20231208,11:46:04,45.3,50,121550
20231208,11:46:37,45.65,50,121550
20231208,11:46:45,45.7,50,121550
20231208,11:46:53,46.0,50,121550
20231208,11:47:17,46.0,50,121550
20231208,11:52:52,46.0,300,121850
20231208,11:55:01,45.95,50,122150
20231208,11:57:05,45.0,450,122200
20231208,11:57:14,44.4,450,122200
20231208,11:58:05,44.4,50,122200
20231208,11:58:12,44.15,50,122200
20231208,11:58:20,44.4,200,122200
20231208,11:58:29,44.7,50,122200
20231208,11:58:37,44.7,50,122200
20231208,11:58:46,44.7,50,122200
20231208,11:58:55,44.7,50,122200
20231208,11:59:02,44.0,650,122200
20231208,11:59:11,43.95,250,122200
20231208,11:59:20,43.9,200,122200
20231208,11:59:54,44.0,50,123000
20231208,12:04:07,44.0,200,123050
20231208,12:04:41,43.95,50,123050
20231208,12:04:50,43.95,50,123050
20231208,12:04:58,43.95,150,123050
20231208,12:05:07,44.0,450,123050
20231208,12:06:15,44.0,200,123400
20231208,12:07:36,44.75,1000,123400
20231208,12:07:44,45.0,1000,123400
20231208,12:08:48,44.35,350,125300
20231208,12:13:17,44.35,150,125400
20231208,12:20:04,44.3,50,125400
20231208,12:20:22,44.05,100,125400
20231208,12:20:30,44.0,100,125400
20231208,12:20:47,44.0,50,125400
20231208,12:23:10,44.35,50,125400
20231208,12:35:36,44.35,50,125350
20231208,12:35:44,44.35,50,125350
20231208,12:38:15,45.0,600,125350
20231208,12:38:24,45.0,200,125350
20231208,12:38:58,45.15,150,126150
20231208,12:39:06,45.2,300,126150
20231208,12:39:15,45.3,100,126150
20231208,12:39:23,45.05,50,126150
20231208,12:39:31,45.3,200,126150
20231208,12:39:39,45.3,1500,126150
20231208,12:39:55,45.45,150,126150
20231208,12:40:03,45.65,250,126150
20231208,12:40:11,45.5,100,126150
20231208,12:40:28,45.75,100,126150
20231208,12:40:36,45.85,150,126150
20231208,12:40:45,46.1,700,126150
20231208,12:40:54,46.15,300,126150
20231208,12:41:03,46.35,600,126150
20231208,12:41:11,46.3,300,126150
20231208,12:41:20,46.6,150,126150
20231208,12:41:28,46.45,100,126150
20231208,12:41:37,46.65,150,126150
20231208,12:41:45,46.7,150,126150
20231208,12:42:01,46.5,50,131350
20231208,12:42:09,46.75,300,131350
20231208,12:42:17,47.05,250,131350
20231208,12:43:06,47.15,50,131350
20231208,12:46:08,47.15,100,132000
20231208,12:47:01,46.4,100,132000
20231208,12:47:21,47.3,50,132000
20231208,12:47:31,46.15,50,132000
20231208,12:48:00,46.45,50,131950
20231208,12:48:18,46.0,550,131950
20231208,12:48:28,46.0,250,131950
20231208,12:48:56,46.0,200,131950
20231208,12:49:33,46.5,50,131950
20231208,12:49:42,46.5,550,131950
20231208,12:49:51,48.2,1850,131950
20231208,12:50:10,48.2,50,131950
20231208,12:50:19,47.2,100,131950
20231208,12:50:28,48.0,200,131950
20231208,12:50:36,47.3,250,131950
20231208,12:50:45,47.35,250,131950
20231208,12:50:54,47.6,300,135550
20231208,12:51:03,47.75,500,135550
20231208,12:51:12,47.9,650,135550
20231208,12:51:21,48.15,550,135550
20231208,12:51:31,48.1,500,135550
20231208,12:51:40,48.15,400,135550
20231208,12:51:50,48.9,450,135550
20231208,12:51:59,48.05,100,135550
20231208,12:52:25,48.0,100,135550
20231208,12:52:42,47.95,100,135550
20231208,12:53:09,47.9,50,135550
20231208,12:53:18,47.8,100,135550
20231208,12:54:01,48.75,50,138550
20231208,12:54:20,48.25,100,138550
20231208,12:56:37,47.5,300,138550
20231208,12:56:46,47.3,250,138550
20231208,12:57:41,47.2,100,138850
20231208,12:57:50,47.3,250,138850
20231208,12:57:59,47.3,550,138850
20231208,12:58:08,47.3,100,138850
20231208,12:58:16,47.2,100,138850
20231208,12:58:42,47.3,50,138850
20231208,12:58:51,47.4,250,138850
20231208,12:59:35,47.05,50,138850
20231208,12:59:45,46.95,250,138850
20231208,12:59:54,47.45,50,138850
20231208,13:00:39,47.5,900,139500
20231208,13:01:06,46.65,350,139500
20231208,13:01:15,48.2,50,139500
20231208,13:01:24,47.75,100,139500
20231208,13:01:42,47.65,100,139500
20231208,13:01:51,47.8,250,139500
20231208,13:02:00,47.45,150,139500
20231208,13:02:09,47.85,150,139500
20231208,13:02:18,48.75,150,139500
20231208,13:02:28,47.8,250,139500
20231208,13:02:37,48.8,50,139500
20231208,13:02:47,47.4,300,139500
20231208,13:03:18,47.45,250,140050
20231208,13:03:37,48.25,150,140050
20231208,13:03:56,47.85,200,140050
20231208,13:04:54,48.95,300,140050
20231208,13:05:13,48.95,100,140050
20231208,13:05:22,48.65,50,140050
20231208,13:05:31,49.0,100,140050
20231208,13:06:26,49.0,50,139850
20231208,13:06:35,48.3,50,139850
20231208,13:07:22,47.55,50,139850
20231208,13:09:12,48.0,50,139700
20231208,13:09:21,48.5,100,139700
20231208,13:09:30,48.35,50,139700
20231208,13:09:39,48.3,200,139700
20231208,13:09:48,47.55,50,139700
20231208,13:09:56,49.15,100,139700
20231208,13:11:00,49.15,50,139700
20231208,13:11:09,47.25,50,139700
20231208,13:11:18,47.25,50,139700
20231208,13:12:02,48.0,200,139650
20231208,13:12:10,48.5,200,139650
20231208,13:13:50,48.0,50,139650
20231208,13:14:19,47.5,100,139650
20231208,13:16:17,46.65,100,139500
20231208,13:16:26,46.5,200,139500
20231208,13:16:35,46.4,100,139500
20231208,13:18:40,47.25,50,139800
20231208,13:18:49,47.25,50,139800
20231208,13:20:39,46.55,50,139800
20231208,13:20:47,47.5,100,139800
20231208,13:21:04,47.45,200,139700
20231208,13:21:13,47.45,50,139700
20231208,13:22:06,47.5,100,139700
20231208,13:22:50,47.75,50,139700
20231208,13:25:50,47.75,50,139700
20231208,13:26:26,47.55,100,139700
20231208,13:27:29,47.95,50,139750
20231208,13:27:47,48.0,100,139750
20231208,13:29:02,48.2,50,139750
20231208,13:29:31,48.4,250,139750
20231208,13:30:31,48.4,50,139750
20231208,13:34:56,47.45,50,139750
20231208,13:35:06,47.55,50,139750
20231208,13:35:15,48.0,150,139750
20231208,13:35:25,48.15,50,139750
20231208,13:35:34,47.7,50,139750
20231208,13:35:43,47.7,50,139750
20231208,13:36:20,47.95,50,140100
20231208,13:36:38,47.65,50,140100
20231208,13:36:47,48.0,50,140100
20231208,13:39:01,48.45,450,140100
20231208,13:39:42,48.5,150,140000
20231208,13:41:08,48.5,50,140000
20231208,13:41:36,48.55,50,140000
20231208,13:42:14,48.75,50,140000
20231208,13:42:42,48.95,50,140000
20231208,13:47:44,48.25,50,140000
20231208,13:48:13,48.6,50,140000
20231208,13:50:37,48.25,200,140000
20231208,13:50:47,48.25,200,140000
20231208,13:50:56,48.25,100,140000
20231208,13:59:51,48.1,50,140000
20231208,14:00:54,48.3,150,140000
20231208,14:01:32,48.1,50,140000
20231208,14:04:18,48.6,50,140000
20231208,14:04:28,48.55,50,140000
20231208,14:08:34,47.0,100,140100
20231208,14:09:11,47.0,50,140100
20231208,14:10:15,47.4,100,140150
20231208,14:10:33,47.45,50,140150
20231208,14:14:23,46.65,100,140100
20231208,14:14:58,46.65,200,140100
20231208,14:15:07,46.5,450,140100
20231208,14:18:15,46.3,300,140050
20231208,14:18:52,46.55,300,140050
20231208,14:19:39,46.25,150,140050
20231208,14:20:53,46.35,50,140050
20231208,14:21:02,47.2,50,140050
20231208,14:21:12,46.25,50,140350
20231208,14:30:49,47.95,100,140350
20231208,14:34:34,46.0,50,140400
20231208,14:34:52,46.0,50,140400
20231208,14:35:29,46.2,100,140400
20231208,14:35:48,46.95,150,140400
20231208,14:36:08,46.55,50,140400
20231208,14:36:18,46.6,50,140700
20231208,14:36:27,47.05,50,140700
20231208,14:36:37,47.05,50,140700
20231208,14:36:46,47.05,50,140700
20231208,14:36:56,47.95,50,140700
20231208,14:37:05,47.0,50,140700
20231208,14:37:42,47.8,50,140700
20231208,14:38:30,46.05,50,140700
20231208,14:39:47,46.15,50,141000
20231208,14:41:41,46.05,100,141000
20231208,14:42:55,46.0,100,141100
20231208,14:43:05,45.9,50,141100
20231208,14:43:44,46.15,100,141100
20231208,14:44:03,46.85,100,141100
20231208,14:44:22,46.85,50,141100
20231208,14:45:00,46.65,50,141100
20231208,14:46:08,46.2,50,141450
20231208,14:47:26,45.7,50,141450
20231208,14:47:35,45.5,50,141450
20231208,14:48:32,45.05,200,141600
20231208,14:49:20,45.0,50,141600
20231208,14:49:39,45.0,50,141600
20231208,14:49:58,45.0,150,141600
20231208,14:50:08,45.0,50,141600
20231208,14:50:17,45.95,50,141600
20231208,14:51:15,45.95,50,142150
20231208,15:01:42,46.0,50,142200
20231208,15:02:12,47.95,50,142200
20231208,15:06:26,44.05,100,142250
20231208,15:09:10,44.1,200,142250
20231208,15:09:20,44.2,100,142050
20231208,15:09:39,43.7,400,142050
20231208,15:09:49,42.55,600,142050
20231208,15:09:59,42.65,600,142050
20231208,15:10:09,42.45,150,142050
20231208,15:10:19,44.45,400,142050
20231208,15:10:28,44.5,150,142050
20231208,15:10:38,44.9,300,142050
20231208,15:13:37,44.4,50,141850
20231208,15:13:47,44.6,300,141850
20231208,15:13:56,44.85,550,141850
20231208,15:14:06,45.85,400,141850
20231208,15:14:15,45.85,250,141850
20231208,15:14:43,45.9,250,141850
20231208,15:14:53,44.9,250,141850
20231208,15:15:02,45.95,250,141850
20231208,15:15:53,44.75,50,143300
20231208,15:16:03,44.9,250,143300
20231208,15:17:22,45.1,100,143300
20231208,15:17:31,45.75,50,143300
20231208,15:18:19,45.0,350,143300
20231208,15:18:29,43.95,100,142800
20231208,15:18:38,44.0,150,142800
20231208,15:21:40,43.85,50,142600
20231208,15:21:59,43.75,150,142600
20231208,15:25:08,44.0,50,142600
20231208,15:26:44,44.0,100,142600
20231208,15:27:02,43.65,100,142600
20231208,15:28:01,44.0,200,142550
20231208,15:29:27,43.95,50,142550
20231208,15:29:35,43.65,150,142550
20231211,09:21:20,44.0,1,142450
20231211,09:21:20,44.0,50,142450
20231211,09:21:29,43.0,950,142450
20231211,09:21:39,43.0,1000,142450
20231211,09:23:26,42.5,50,142450
20231211,09:23:35,42.1,100,143400
20231211,09:24:23,42.1,100,143400
20231211,09:24:33,42.5,100,143400
20231211,09:24:43,42.5,250,143400
20231211,09:26:30,42.5,650,143400
20231211,09:26:40,42.65,50,144100
20231211,09:26:51,42.95,50,144100
20231211,09:28:13,43.9,100,144100
20231211,09:32:25,43.0,50,144200
20231211,09:32:35,43.0,50,144200
20231211,09:33:04,42.6,50,144300
20231211,09:35:30,43.0,150,144300
20231211,09:35:50,43.95,50,144500
20231211,09:36:00,43.0,50,144500
20231211,09:36:19,43.0,50,144500
20231211,09:36:28,44.95,150,144500
20231211,09:36:48,43.5,200,144500
20231211,09:36:58,44.2,50,144500
20231211,09:37:07,44.0,400,144500
20231211,09:37:17,44.0,300,144500
20231211,09:37:27,44.1,50,144500
20231211,09:37:37,44.2,300,144500
20231211,09:37:46,44.25,50,144500
20231211,09:37:56,44.5,100,144500
20231211,09:38:05,44.5,250,144500
20231211,09:38:15,44.8,200,144500
20231211,09:38:25,45.15,300,144500
20231211,09:38:35,45.35,400,146450
20231211,09:38:44,46.0,250,146450
20231211,09:38:54,45.45,150,146450
20231211,09:39:04,45.1,50,146450
20231211,09:39:14,45.25,50,146450
20231211,09:39:24,45.1,100,146450
20231211,09:39:44,45.6,50,146450
20231211,09:39:53,45.05,50,146450
20231211,09:40:02,45.4,50,146450
20231211,09:40:12,45.7,50,146450
20231211,09:40:22,45.35,100,146450
20231211,09:41:01,45.7,50,146450
20231211,09:41:50,45.7,50,147050
20231211,09:42:48,45.5,100,147050
20231211,09:44:53,44.8,150,147200
20231211,09:45:22,44.5,50,147200
20231211,09:47:46,43.65,50,147000
20231211,09:48:14,44.95,50,147000
20231211,09:48:33,44.75,50,147000
20231211,09:53:45,44.65,50,146950
20231211,09:54:04,43.65,100,146950
20231211,09:55:28,44.15,100,146950
20231211,09:55:38,44.2,200,146950
20231211,09:56:06,43.75,50,146950
20231211,09:58:10,44.75,250,146900
20231211,09:58:19,44.75,150,146900
20231211,09:58:29,44.75,550,146900
20231211,09:58:39,44.75,100,146900
20231211,09:58:57,43.95,250,146900
20231211,09:59:07,43.7,100,146900
20231211,09:59:16,43.85,50,146900
20231211,09:59:25,43.8,50,146900
20231211,09:59:35,43.8,50,145700
20231211,10:00:03,43.8,200,145700
20231211,10:00:23,43.65,100,145700
20231211,10:00:33,43.8,700,145700
20231211,10:01:03,44.6,100,145700
20231211,10:01:13,45.0,350,145700
20231211,10:01:22,44.6,100,145700
20231211,10:01:32,44.95,100,145700
20231211,10:01:41,44.95,100,145700
20231211,10:01:51,45.0,150,145700
20231211,10:02:00,44.85,50,145700
20231211,10:02:10,45.0,250,145700
20231211,10:02:19,45.0,100,145700
20231211,10:02:48,45.0,100,147550
20231211,10:02:58,44.9,150,147550
20231211,10:03:07,45.0,50,147550
20231211,10:04:40,44.35,50,147550
20231211,10:05:08,45.0,50,147550
20231211,10:05:26,45.0,50,147550
20231211,10:05:35,45.0,200,147550
20231211,10:06:31,43.75,100,148050
20231211,10:09:23,44.0,50,148050
20231211,10:10:30,44.95,300,148050
20231211,10:10:48,43.7,250,148050
20231211,10:12:04,43.7,150,148200
20231211,10:13:02,44.95,50,148200
20231211,10:13:21,44.95,50,148200
20231211,10:13:48,44.75,50,148200
20231211,10:13:57,44.95,50,148200
20231211,10:14:06,45.0,500,148200
20231211,10:14:15,45.4,2050,148200
20231211,10:14:56,45.0,250,150900
20231211,10:15:06,45.3,50,150900
20231211,10:15:16,45.15,200,150900
20231211,10:15:26,45.45,200,150900
20231211,10:15:36,45.85,600,150900
20231211,10:15:46,46.2,750,150900
20231211,10:15:56,46.1,700,150900
20231211,10:16:06,45.0,500,150900
20231211,10:16:16,45.2,250,150900
20231211,10:16:35,44.7,400,150900
20231211,10:16:45,44.85,150,150900
20231211,10:16:55,45.15,150,150900
20231211,10:17:05,45.25,150,150900
20231211,10:17:14,45.2,100,150900
20231211,10:17:24,45.2,100,150900
20231211,10:17:34,45.55,50,150900
20231211,10:17:44,45.9,100,152600
20231211,10:17:53,44.6,100,152600
20231211,10:18:03,44.25,100,152600
20231211,10:18:12,44.15,50,152600
20231211,10:18:50,43.7,50,152600
20231211,10:19:10,43.5,50,152600
20231211,10:22:22,44.75,100,152300
20231211,10:22:32,44.35,150,152300
20231211,10:22:42,44.3,100,152300
20231211,10:22:52,44.05,50,152300
20231211,10:23:02,44.05,200,152300
20231211,10:23:22,44.0,150,152300
20231211,10:23:42,44.75,100,152300
20231211,10:23:52,44.75,50,152250
20231211,10:24:33,44.75,50,152250
20231211,10:26:07,44.1,100,152250
20231211,10:26:38,44.1,100,152250
20231211,10:26:48,44.1,50,152500
20231211,10:29:54,44.15,50,152450
20231211,10:30:34,44.55,50,152450
20231211,10:30:53,44.8,150,152450
20231211,10:31:03,45.25,50,152450
20231211,10:33:46,44.0,50,152750
20231211,10:34:24,44.45,50,152750
20231211,10:38:22,43.9,100,152800
20231211,10:38:31,43.9,50,152800
20231211,10:38:41,44.0,250,152800
20231211,10:39:21,44.0,100,152800
20231211,10:39:50,44.0,250,152800
20231211,10:40:00,44.0,400,152800
20231211,10:40:42,44.75,50,152800
20231211,10:41:12,44.9,50,152800
20231211,10:41:43,45.0,50,153100
20231211,10:45:13,45.1,50,153100
20231211,10:47:48,45.0,150,153100
20231211,10:48:06,44.85,50,153100
20231211,10:48:16,44.65,50,153100
20231211,10:48:25,44.35,100,153100
20231211,10:49:49,44.65,100,153100
20231211,10:50:45,44.75,100,153250
20231211,10:51:34,45.25,200,153250
20231211,10:51:45,45.9,100,153250
20231211,10:52:28,45.7,50,153250
20231211,10:58:24,44.15,150,153500
20231211,10:58:53,44.05,50,153500
20231211,11:05:46,43.6,50,153550
20231211,11:05:56,43.55,100,153600
20231211,11:07:14,43.25,100,153600
20231211,11:09:28,44.55,1400,153700
20231211,11:10:15,44.55,50,153700
20231211,11:17:37,44.8,50,154650
20231211,11:20:14,44.75,50,154650
20231211,11:20:23,44.95,400,154650
20231211,11:21:11,45.05,150,154550
20231211,11:23:43,43.9,100,154550
20231211,11:25:22,44.25,50,154550
20231211,11:34:03,44.25,200,154550
20231211,11:36:54,44.5,50,154750
20231211,11:37:54,44.5,50,154750
20231211,11:38:24,44.4,250,154750
20231211,11:38:34,44.0,300,154750
20231211,11:39:51,44.1,100,154550
20231211,11:40:00,44.35,50,154550
20231211,11:40:41,44.75,100,154550
20231211,11:50:39,43.9,100,154400
20231211,11:51:06,44.0,50,154400
20231211,11:52:33,42.4,100,154400
20231211,11:52:43,42.6,50,154400
20231211,11:53:50,44.6,100,154400
20231211,11:54:30,44.75,200,154450
20231211,12:04:59,43.75,100,154600
20231211,12:05:18,44.0,100,154600
20231211,12:19:31,44.0,50,154700
20231211,12:23:05,43.9,50,154750
20231211,12:25:31,44.65,100,154800
20231211,12:34:09,43.9,50,154800
20231211,12:36:36,43.9,50,154850
20231211,12:40:41,43.9,50,154900
20231211,12:42:40,43.9,50,154900
20231211,12:45:59,43.0,50,154950
20231211,12:46:08,43.0,50,154950
20231211,12:49:46,43.0,150,154950
20231211,12:51:18,43.0,50,155100
20231211,12:51:56,43.25,50,155100
20231211,12:58:18,43.65,200,155150
20231211,12:58:36,44.0,150,155150
20231211,12:59:04,43.95,200,155150
20231211,12:59:13,44.0,50,155150
20231211,12:59:22,44.1,50,155150
20231211,12:59:32,44.3,200,155150
20231211,12:59:41,44.45,100,155150
20231211,12:59:50,44.45,50,155150
20231211,12:59:59,44.5,50,155150
20231211,13:00:08,44.3,100,156000
20231211,13:00:17,44.3,50,156000
20231211,13:00:27,44.5,50,156000
20231211,13:01:04,44.6,50,156000
20231211,13:05:20,44.4,50,156250
20231211,13:05:29,44.85,50,156250
20231211,13:10:59,44.3,150,156250
20231211,13:11:27,44.0,50,156250
20231211,13:12:03,44.0,50,156350
20231211,13:24:54,43.5,250,156350
20231211,13:25:32,43.5,50,156350
20231211,13:25:43,43.5,50,156350
20231211,13:26:02,43.45,50,156350
20231211,13:26:11,43.4,100,156350
20231211,13:27:51,43.4,50,156600
20231211,13:28:26,44.2,50,156600
20231211,13:34:34,43.3,50,156650
20231211,13:36:16,43.25,100,156700
20231211,13:37:09,43.5,50,156700
20231211,13:37:19,43.7,100,156700
20231211,13:37:27,43.85,50,156700
20231211,13:37:44,43.85,50,156700
20231211,13:38:18,43.85,50,156700
20231211,13:39:08,43.25,50,156700
20231211,13:40:53,43.75,50,156950
20231211,13:51:14,43.2,50,157000
20231211,13:52:17,43.2,150,157000
20231211,13:55:23,43.0,100,157050
20231211,13:57:16,43.5,50,157150
20231211,13:58:47,43.5,50,157150
20231211,14:02:03,43.05,50,157250
20231211,14:02:12,42.95,50,157250
20231211,14:02:38,43.0,100,157250
20231211,14:03:57,43.0,100,157250
20231211,14:04:54,43.0,50,157250
20231211,14:06:02,42.6,50,157250
20231211,14:07:23,42.15,250,157150
20231211,14:11:32,42.45,200,157200
20231211,14:12:14,42.5,50,157400
20231211,14:12:56,42.25,50,157400
20231211,14:13:04,42.25,50,157400
20231211,14:14:03,42.3,50,157400
20231211,14:14:20,42.4,100,157400
20231211,14:14:29,42.5,100,157400
20231211,14:15:02,42.6,50,157400
20231211,14:15:10,43.2,300,157400
20231211,14:15:25,43.25,100,158000
20231211,14:15:33,43.75,50,158000
20231211,14:15:42,43.4,100,158000
20231211,14:15:50,43.7,400,158000
20231211,14:15:58,44.0,100,158000
20231211,14:16:06,43.2,50,158000
20231211,14:16:15,43.9,100,158000
20231211,14:16:23,43.95,100,158000
20231211,14:16:32,44.0,50,158000
20231211,14:16:39,44.2,100,158000
20231211,14:16:47,43.65,50,158000
20231211,14:16:56,43.95,100,158000
20231211,14:17:04,43.95,50,158000
20231211,14:17:12,43.9,100,158000
20231211,14:17:20,44.0,50,158000
20231211,14:17:28,44.2,50,158000
20231211,14:17:36,44.2,100,158000
20231211,14:17:45,44.45,50,158000
20231211,14:18:38,44.5,50,159350
20231211,14:22:19,42.9,50,159400
20231211,14:23:13,43.55,50,159400
20231211,14:23:22,42.4,50,159400
20231211,14:24:05,43.0,50,159400
20231211,14:26:14,43.0,50,159300
20231211,14:31:10,43.0,100,159300
20231211,14:32:38,42.95,100,159300
20231211,14:35:28,42.65,50,159350
20231211,14:35:38,42.95,150,159350
20231211,14:38:39,42.45,100,159400
20231211,14:40:33,42.3,500,159400
20231211,14:41:01,42.45,200,159400
20231211,14:42:03,42.25,50,159400
20231211,14:42:21,42.45,50,159400
20231211,14:42:39,42.25,100,159400
20231211,14:43:21,41.95,350,159400
20231211,14:43:30,41.5,100,159400
20231211,14:44:38,41.5,50,159400
20231211,14:49:07,41.5,50,159400
20231211,14:49:25,42.0,50,159400
20231211,14:49:42,41.75,200,159400
20231211,14:52:21,41.75,150,159200
20231211,14:52:47,41.65,50,159200
20231211,14:58:22,41.65,50,159400
20231211,14:58:58,42.0,850,159400
20231211,14:59:51,42.0,400,159400
20231211,15:00:09,42.0,50,159400
20231211,15:00:37,42.0,100,158500
20231211,15:01:07,42.0,100,158500
20231211,15:01:17,42.5,2950,158500
20231211,15:01:27,42.5,300,158500
20231211,15:01:36,42.45,50,158500
20231211,15:02:21,42.25,50,158500
20231211,15:03:08,41.5,1800,158500
20231211,15:03:18,41.6,1350,158500
20231211,15:03:48,41.5,100,152750
20231211,15:03:58,41.4,150,152750
20231211,15:04:08,41.25,150,152750
20231211,15:04:17,41.3,200,152750
20231211,15:04:27,41.25,100,152750
20231211,15:04:37,41.15,150,152750
20231211,15:04:47,41.15,150,152750
20231211,15:04:56,41.1,400,152750
20231211,15:05:06,41.1,300,152750
20231211,15:05:16,41.05,50,152750
20231211,15:05:26,41.05,50,152750
20231211,15:08:21,41.9,150,152150
20231211,15:09:19,41.75,50,152150
20231211,15:11:30,41.5,50,151950
20231211,15:14:19,41.5,50,151950
20231211,15:14:28,41.4,100,151950
20231211,15:15:33,41.25,200,152000
20231211,15:15:42,41.4,100,152000
20231211,15:15:51,41.4,50,152000
20231211,15:16:50,41.95,50,152000
20231211,15:17:00,41.9,50,152000
20231211,15:21:31,41.75,50,152200
20231211,15:21:41,41.5,500,152200
20231211,15:22:56,41.0,100,152200
20231211,15:25:57,41.0,100,152250
20231211,15:27:32,41.0,100,152250
20231211,15:28:09,42.0,50,152250
20231211,15:28:57,41.95,100,152250
20231211,15:29:07,42.0,150,152250
20231211,15:29:27,41.95,100,152250
20231211,15:29:36,42.0,100,152250
20231211,15:29:56,42.0,50,152250
20231212,09:21:01,42.0,1,152250
20231212,09:21:01,42.0,50,152250
20231212,09:28:07,41.0,100,152250
20231212,09:28:16,41.0,50,152250
20231212,09:36:23,39.0,50,152200
20231212,09:43:16,39.0,150,152150
20231212,09:43:35,39.0,50,152150
20231212,09:48:13,39.0,50,152250
20231212,09:48:39,39.1,50,152250
20231212,09:48:48,39.15,50,152250
20231212,09:49:31,39.25,100,152250
20231212,09:57:56,39.0,200,152350
20231212,10:10:15,39.0,50,152350
20231212,10:13:14,39.25,250,152400
20231212,10:22:20,39.25,100,152650
20231212,10:23:21,38.25,50,152650
20231212,10:24:01,38.25,50,152600
20231212,10:24:11,39.95,50,152600
20231212,10:26:01,39.95,100,152600
20231212,10:34:14,39.45,100,152650
20231212,10:37:53,39.95,50,152550
20231212,10:38:03,40.0,950,152550
20231212,10:38:22,40.05,100,152550
20231212,10:38:32,40.2,200,152550
20231212,10:38:41,40.15,250,152550
20231212,10:38:51,40.5,300,154000
20231212,10:39:00,40.3,250,154000
20231212,10:39:10,41.0,200,154000
20231212,10:39:20,41.15,100,154000
20231212,10:39:29,41.25,100,154000
20231212,10:39:57,40.25,100,154000
20231212,10:40:06,40.3,50,154000
20231212,10:40:52,39.55,150,154000
20231212,10:41:02,40.5,50,154000
20231212,10:49:08,39.5,100,154000
20231212,10:57:24,40.0,100,154000
20231212,10:58:55,40.0,50,154000
20231212,11:00:06,40.0,50,154150
20231212,11:10:17,38.35,100,154200
20231212,11:11:14,39.2,50,154200
20231212,11:12:01,39.95,50,154250
20231212,11:12:29,39.9,50,154250
20231212,11:13:35,39.9,50,154250
20231212,11:14:12,39.95,50,154250
20231212,11:27:20,40.0,500,154200
20231212,11:35:50,40.0,50,154650
20231212,11:36:00,40.0,50,154650
20231212,11:36:49,40.0,50,154650
20231212,11:36:58,40.0,100,154650
20231212,11:37:27,40.0,50,154650
20231212,11:37:45,40.0,50,154650
20231212,11:51:02,39.0,1150,155350
20231212,11:51:45,38.65,100,155350
20231212,11:51:54,39.0,50,155350
20231212,11:52:02,38.95,100,155350
20231212,11:52:48,38.95,50,155350
20231212,11:53:24,39.0,100,155350
20231212,11:54:28,39.0,800,155200
20231212,11:54:46,39.85,50,155200
20231212,11:54:54,39.9,250,155200
20231212,11:55:03,39.7,50,155200
20231212,11:55:12,39.55,250,155200
20231212,11:55:21,39.95,200,155200
20231212,11:55:31,40.25,250,155200
20231212,11:55:40,40.15,350,155200
20231212,11:55:48,39.95,200,155200
20231212,11:55:57,39.65,100,155200
20231212,11:56:06,39.85,50,155200
20231212,11:57:14,39.0,1350,156950
20231212,11:57:56,39.45,50,156950
20231212,11:58:05,39.5,150,156950
20231212,11:58:14,39.5,100,156950
20231212,11:58:41,39.5,150,156950
20231212,11:58:50,39.5,50,156950
20231212,11:59:07,39.5,100,156950
20231212,11:59:16,39.5,100,156950
20231212,11:59:24,39.3,50,156950
20231212,12:01:09,39.4,50,158150
20231212,12:01:18,39.4,50,158150
20231212,12:03:13,39.5,50,158250
20231212,12:04:32,39.5,250,158250
20231212,12:07:06,39.5,50,158450
20231212,12:14:32,39.5,800,158500
20231212,12:16:36,39.0,50,159150
20231212,12:21:53,39.75,100,159150
20231212,12:24:32,39.75,100,159100
20231212,12:32:37,38.5,50,159100
20231212,12:50:40,39.5,1000,159050
20231212,12:51:01,39.8,100,159050
20231212,12:51:22,40.0,600,160100
20231212,12:51:32,39.75,150,160100
20231212,12:51:42,39.9,100,160100
20231212,12:51:52,40.0,450,160100
20231212,12:52:01,40.0,300,160100
20231212,12:52:11,40.0,450,160100
20231212,12:52:21,39.95,750,160100
20231212,12:52:31,40.15,400,160100
20231212,12:52:41,40.1,500,160100
20231212,12:52:52,39.65,350,160100
20231212,12:53:02,39.6,50,160100
20231212,12:53:12,39.45,150,160100
20231212,12:53:22,39.65,50,160100
20231212,12:53:31,39.85,100,160100
20231212,12:54:38,40.75,50,162250
20231212,12:55:36,40.75,50,162250
20231212,12:59:06,40.55,600,162350
20231212,12:59:56,40.0,100,162350
20231212,13:00:06,40.0,50,162350
20231212,13:14:51,39.3,200,162150
20231212,13:16:07,39.5,700,162350
20231212,13:17:30,39.5,100,162350
20231212,13:19:34,39.5,100,162350
20231212,13:24:24,39.4,200,162350
20231212,13:24:51,39.35,200,162350
20231212,13:29:33,39.0,50,162300
20231212,13:30:41,38.8,300,162250
20231212,13:31:12,39.05,100,162250
20231212,13:32:20,38.95,100,162250
20231212,13:37:56,38.95,50,162150
20231212,13:39:09,39.45,50,162150
20231212,13:39:28,38.7,50,162150
20231212,13:41:15,39.2,400,162150
20231212,13:43:21,38.7,900,161850
20231212,13:43:59,38.85,50,161850
20231212,13:46:14,38.65,450,161700
20231212,13:47:28,38.5,250,161700
20231212,13:48:05,38.5,50,161700
20231212,13:49:27,38.65,100,161800
20231212,13:49:55,38.7,50,161800
20231212,13:50:51,38.5,200,161800
20231212,13:52:25,38.5,250,161850
20231212,13:52:45,38.5,150,161850
20231212,13:53:05,38.5,100,161850
20231212,13:53:35,38.4,200,161850
20231212,13:53:45,38.5,250,161850
20231212,13:54:25,38.5,450,162050
20231212,13:57:07,38.5,1000,162050
20231212,13:59:42,39.85,50,162350
20231212,13:59:53,39.8,150,162350
20231212,14:00:13,39.85,250,162350
20231212,14:00:23,39.9,100,162350
20231212,14:03:10,39.25,150,162350
20231212,14:04:39,38.9,600,161850
20231212,14:06:14,38.9,200,161850
20231212,14:12:49,39.95,50,161350
20231212,14:16:41,39.95,50,161350
20231212,14:18:40,38.3,50,161300
20231212,14:21:54,38.85,50,161300
20231212,14:38:46,39.85,300,161350
20231212,14:39:40,39.75,100,161350
20231212,14:41:57,39.1,50,161350
20231212,14:42:18,39.85,250,161350
20231212,14:42:29,39.9,900,161500
20231212,14:42:40,39.9,100,161500
20231212,14:42:51,40.0,200,161500
20231212,14:43:01,40.25,550,161500
20231212,14:43:44,40.1,100,161500
20231212,14:43:55,40.0,50,161500
20231212,14:44:05,40.0,150,161500
20231212,14:44:17,40.1,100,161500
20231212,14:44:28,40.1,200,161500
20231212,14:44:51,40.1,50,161500
20231212,14:45:02,40.0,100,161500
20231212,14:45:13,40.0,250,161500
20231212,14:45:36,40.1,50,163750
20231212,14:45:47,39.9,150,163750
20231212,14:45:58,39.65,100,163750
20231212,14:46:30,39.85,50,163750
20231212,14:50:26,40.1,200,163650
20231212,14:51:48,40.0,50,163850
20231212,14:52:20,40.0,450,163850
20231212,14:54:58,39.85,50,164300
20231212,14:56:05,39.85,50,164300
20231212,14:57:00,39.95,100,164300
20231212,14:57:45,40.0,150,164150
20231212,14:57:56,40.0,350,164150
20231212,15:00:12,39.9,50,164150
20231212,15:00:45,39.95,100,164550
20231212,15:03:55,39.05,150,164550
20231212,15:05:42,39.4,3200,164550
20231212,15:05:53,39.4,250,164550
20231212,15:06:58,39.3,150,165900
20231212,15:10:26,39.45,250,166050
20231212,15:11:51,39.75,300,166050
20231212,15:13:08,39.75,50,166300
20231212,15:13:19,39.4,350,166300
20231212,15:19:47,39.4,300,166400
20231212,15:20:08,39.5,50,166400
20231212,15:20:18,39.4,50,166400
20231212,15:20:28,39.7,50,166400
20231212,15:21:49,39.45,50,166150
20231212,15:22:00,39.25,1150,166150
20231212,15:22:10,39.2,100,166150
20231212,15:22:30,39.0,250,166150
20231212,15:22:41,39.2,50,166150
20231212,15:23:01,39.2,100,166150
20231212,15:23:32,39.2,50,166150
20231212,15:23:42,39.25,50,166150
20231212,15:24:22,39.25,100,166150
20231212,15:26:50,38.95,350,166650
20231212,15:27:01,39.1,400,166650
20231212,15:27:11,39.1,150,166650
20231212,15:27:22,39.75,150,166650
20231212,15:28:17,38.15,400,167050
20231212,15:29:23,38.15,100,167050
20231212,15:29:45,38.5,50,167050
20231213,09:22:06,41.8,1,167500
20231213,09:22:06,41.7,150,167500
20231213,09:22:16,41.7,50,167500
20231213,09:23:34,36.5,250,167500
20231213,09:25:21,36.5,200,167500
20231213,09:26:31,36.65,200,167500
20231213,09:28:33,36.8,100,167500
20231213,09:29:04,39.75,200,167500
20231213,09:30:23,39.35,100,167600
20231213,09:37:18,39.1,50,167650
20231213,09:37:28,39.0,50,167650
20231213,09:37:39,39.0,50,167650
20231213,09:37:59,39.0,50,167650
20231213,09:38:09,39.0,50,167650
20231213,09:44:54,38.5,50,167900
20231213,09:51:33,39.1,50,167900
20231213,10:01:07,39.75,350,167900
20231213,10:27:22,37.05,50,167900
20231213,10:32:59,37.45,50,167900
20231213,10:43:47,39.5,100,167900
20231213,10:43:58,39.5,400,167900
20231213,10:49:33,40.0,500,168400
20231213,11:04:07,37.45,100,168500
20231213,11:15:12,38.8,200,168450
20231213,11:15:22,38.55,200,168450
20231213,11:16:54,38.85,200,168450
20231213,11:17:12,38.9,100,168450
20231213,11:19:03,38.7,300,168750
20231213,11:22:13,39.0,50,169050
20231213,11:22:42,39.45,50,169050
20231213,11:32:06,39.6,50,169100
20231213,11:35:10,39.65,50,169100
20231213,11:36:14,39.75,200,169050
20231213,11:51:08,38.05,100,169050
20231213,11:51:52,38.05,500,169050
20231213,12:00:28,40.0,450,169000
20231213,12:01:04,38.35,100,169000
20231213,12:02:27,39.85,50,169000
20231213,12:22:23,38.5,50,169500
20231213,12:28:59,38.95,150,169450
20231213,12:30:46,38.95,50,169400
20231213,12:32:49,38.65,50,169400
20231213,12:40:00,38.55,50,169350
20231213,12:40:35,38.55,50,169350
20231213,12:40:53,38.55,50,169350
20231213,12:41:02,38.5,50,169350
20231213,12:42:04,38.75,350,169350
20231213,12:42:31,39.5,1100,169500
20231213,12:43:16,39.0,250,169500
20231213,12:46:45,38.55,100,169050
20231213,12:46:56,38.5,350,169050
20231213,12:49:03,38.15,200,169050
20231213,12:49:33,38.0,200,169200
20231213,12:50:02,38.0,100,169200
20231213,12:52:34,37.7,100,169150
20231213,12:54:49,37.65,200,169150
20231213,13:07:25,37.5,50,169100
20231213,13:10:16,37.5,550,169100
20231213,13:10:54,37.5,50,169100
20231213,13:11:04,37.6,50,169100
20231213,13:16:06,38.0,50,169500
20231213,13:18:22,37.1,50,169500
20231213,13:23:42,37.0,700,169400
20231213,13:29:54,38.0,200,169450
20231213,13:30:03,38.0,150,169450
20231213,13:33:03,37.05,200,169100
20231213,13:39:49,37.45,50,169300
20231213,13:42:34,37.25,50,169250
20231213,13:42:53,37.25,100,169250
20231213,13:45:25,37.0,350,169200
20231213,13:46:06,37.2,100,169200
20231213,13:46:16,37.0,50,169200
20231213,13:46:46,37.0,50,169200
20231213,14:07:11,36.1,250,168800
20231213,14:15:05,36.1,50,168800
20231213,14:18:54,36.45,100,168850
20231213,14:23:37,36.15,50,168750
20231213,14:23:46,36.25,50,168750
20231213,14:26:11,36.1,550,168850
20231213,14:29:01,36.1,100,169350
20231213,14:31:31,36.4,150,169250
20231213,14:31:40,36.2,50,169250
20231213,14:33:04,36.2,100,169250
20231213,14:36:03,36.5,1350,169250
20231213,14:36:33,36.6,1000,170600
20231213,14:38:12,36.6,50,170600
20231213,14:39:46,36.7,950,171650
20231213,14:41:00,36.7,50,171650
20231213,14:47:17,36.6,50,171700
20231213,14:47:26,36.6,50,171700
20231213,14:47:36,36.6,50,171700
20231213,14:47:55,36.6,50,171700
20231213,14:48:53,36.6,100,171700
20231213,14:49:49,36.75,50,171700
20231213,14:52:20,36.6,50,171750
20231213,14:53:07,36.6,50,171750
20231213,14:55:24,36.6,250,171850
20231213,14:55:34,36.6,350,171850
20231213,14:55:53,36.6,100,171850
20231213,14:56:03,36.6,450,171850
20231213,14:56:12,36.9,500,171850
20231213,14:56:41,36.6,200,171850
20231213,14:56:51,36.6,1000,171850
20231213,14:57:00,36.6,150,171850
20231213,14:57:09,36.6,550,171850
20231213,14:58:52,36.5,50,174450
20231213,15:00:06,36.5,200,174450
20231213,15:00:17,36.5,300,174450
20231213,15:03:11,36.1,250,174550
20231213,15:03:55,36.1,250,174550
20231213,15:05:19,36.0,1050,174550
20231213,15:07:25,36.0,50,174200
20231213,15:08:53,36.0,200,174200
20231213,15:12:56,36.0,250,174250
20231213,15:15:07,37.0,450,174250
20231213,15:15:46,35.95,250,174250
20231213,15:16:14,36.9,50,174250
20231213,15:20:05,35.8,300,174150
20231213,15:20:32,35.75,50,174150
20231213,15:21:45,35.75,100,174250
20231213,15:22:30,35.75,100,174250
20231213,15:22:39,35.0,50,174250
20231213,15:23:44,35.0,250,174250
20231213,15:26:28,35.0,50,174550
20231213,15:26:48,35.7,150,174550
20231213,15:27:40,34.95,650,174600
20231213,15:27:50,34.95,50,174600
20231213,15:29:41,34.35,50,174600
20231214,09:27:13,33.0,1,174850
20231214,09:27:13,33.0,50,174850
20231214,09:27:43,35.95,1000,174850
20231214,09:27:53,32.25,150,174850
20231214,09:28:21,32.8,100,174850
20231214,09:28:40,32.8,400,174850
20231214,09:29:08,32.5,100,174850
20231214,09:31:08,34.15,100,174550
20231214,09:31:17,40.0,800,174550
20231214,09:31:27,45.0,50,174550
20231214,09:31:47,45.0,150,174550
20231214,09:33:04,34.1,250,174650
20231214,09:33:42,34.1,350,174650
20231214,09:34:21,32.8,150,174650
20231214,09:35:30,33.0,50,174650
20231214,09:37:08,33.0,250,174150
20231214,09:38:15,32.8,100,174150
20231214,09:41:58,33.0,100,173900
20231214,09:42:18,33.0,50,173900
20231214,09:43:34,33.0,50,173900
20231214,09:51:23,32.8,50,174000
20231214,10:01:19,33.25,50,173950
20231214,10:02:26,33.5,50,173950
20231214,10:03:24,31.0,1500,173900
20231214,10:06:02,31.0,100,174300
20231214,10:06:12,33.2,100,174300
20231214,10:10:38,32.1,1750,174200
20231214,10:12:50,31.4,300,175150
20231214,10:13:00,31.45,200,175150
20231214,10:13:10,31.45,100,175150
20231214,10:14:52,31.4,50,174750
20231214,10:16:23,31.2,50,174750
20231214,10:19:48,31.15,350,174750
20231214,10:20:08,31.1,50,174750
20231214,10:22:01,31.0,50,174600
20231214,10:22:21,30.95,150,174600
20231214,10:22:32,30.95,400,174600
20231214,10:25:29,31.0,200,174200
20231214,10:33:54,30.95,300,174200
20231214,10:40:11,30.7,50,174150
20231214,10:41:38,30.55,50,174150
20231214,10:44:17,30.55,150,174200
20231214,10:44:56,30.5,250,174200
20231214,10:50:12,30.5,350,174350
20231214,10:51:10,31.0,100,174350
20231214,10:51:19,31.0,200,174350
20231214,10:51:46,31.0,100,174350
20231214,11:06:36,32.0,200,174050
20231214,11:08:13,32.0,100,174050
20231214,11:11:43,31.15,200,174250
20231214,11:12:18,31.0,50,174150
20231214,11:16:36,31.45,50,174100
20231214,11:29:33,30.5,50,174050
20231214,11:47:29,30.95,100,174050
20231214,11:48:05,31.05,50,173950
20231214,11:54:15,31.55,100,173950
20231214,11:57:03,31.35,100,173850
20231214,12:03:33,31.15,100,173850
20231214,12:03:41,31.2,50,173850
20231214,12:04:59,32.6,100,173850
20231214,12:06:09,32.05,250,174050
20231214,12:06:18,32.0,50,174050
20231214,12:06:26,32.1,50,174050
20231214,12:06:44,31.5,50,174050
20231214,12:07:01,31.55,50,174050
20231214,12:07:35,32.1,100,174050
20231214,12:07:44,32.2,50,174050
20231214,12:07:53,31.85,100,174050
20231214,12:08:19,32.25,50,174050
20231214,12:08:28,31.9,50,174050
20231214,12:34:28,31.65,50,174300
20231214,12:34:36,31.55,50,174300
20231214,12:34:52,31.6,50,174300
20231214,12:41:56,33.45,50,174300
20231214,13:22:22,31.95,50,174350
20231214,13:24:04,31.95,50,174350
20231214,13:24:24,32.0,50,174400
20231214,13:26:41,31.5,100,174400
20231214,13:27:38,31.45,50,174450
20231214,13:27:56,32.0,50,174450
20231214,13:28:06,31.75,50,174450
