date,time,tick_price,volume,open_interest
20240201,12:10:16,3.05,3400,5550
20240201,12:10:25,3.05,700,5550
20240201,12:10:52,2.95,1550,5550
20240201,12:11:01,2.9,1200,5550
20240201,12:11:10,2.95,200,5550
20240201,12:12:07,2.9,200,5550
20240201,12:12:25,2.8,200,5550
20240201,12:14:21,2.65,1000,5550
20240201,12:14:31,2.65,500,5550
20240201,12:14:40,2.6,50,5550
20240201,12:14:50,2.55,200,5550
20240201,12:14:59,2.55,250,4900
20240201,12:16:30,2.55,50,4900
20240201,12:16:40,2.55,200,4900
20240201,12:16:58,2.55,400,4900
20240201,12:18:19,2.5,100,4400
20240201,12:18:28,2.45,50,4400
20240201,12:18:55,2.45,200,4400
20240201,12:19:05,2.4,50,4400
20240201,12:19:33,2.4,150,4400
20240201,12:19:42,2.55,200,4400
20240201,12:20:34,2.55,50,4400
20240201,12:21:18,2.55,50,4200
20240201,12:22:19,2.6,250,4200
20240201,12:22:28,2.7,150,4200
20240201,12:22:37,2.7,50,4200
20240201,12:22:54,2.75,100,4200
20240201,12:23:04,2.75,250,4200
20240201,12:23:49,2.8,150,4200
20240201,12:23:58,2.85,450,3650
20240201,12:24:06,2.7,500,3650
20240201,12:24:56,2.7,100,3650
20240201,12:25:14,2.75,250,3650
20240201,12:25:22,2.75,100,3650
20240201,12:25:30,2.7,100,3650
20240201,12:27:52,2.65,100,3400
20240201,12:28:18,2.7,50,3400
20240201,12:28:51,2.7,250,3400
20240201,12:34:08,2.8,200,3550
20240201,12:40:15,2.7,50,3350
20240201,12:40:58,3.4,9800,3350
20240201,12:41:07,2.75,1600,3350
20240201,12:41:24,2.75,500,3350
20240201,12:41:34,2.75,200,3350
20240201,12:43:26,2.75,50,8450
20240201,12:43:34,2.75,100,8450
20240201,12:44:20,2.7,50,8450
20240201,12:44:28,2.7,50,8450
20240201,12:45:38,2.7,50,8600
20240201,12:46:30,2.7,300,8600
20240201,12:47:03,2.7,50,8600
20240201,12:47:52,2.7,100,8600
20240201,12:48:03,2.65,1950,8600
20240201,12:48:13,2.65,300,8600
20240201,12:48:23,2.6,100,8600
20240201,12:48:41,2.55,200,8600
20240201,12:49:10,2.55,450,8600
20240201,12:49:19,2.5,150,8600
20240201,12:50:10,2.55,400,8600
20240201,12:50:30,2.55,50,8600
20240201,12:50:40,2.6,200,8600
20240201,12:51:09,2.55,50,9700
20240201,12:54:41,2.6,50,9750
20240201,12:55:43,2.5,50,9750
20240201,12:59:36,2.55,100,9700
20240201,12:59:53,2.75,200,9700
20240201,13:00:18,2.55,250,9800
20240201,13:00:27,2.5,100,9800
20240201,13:00:35,2.5,100,9800
20240201,13:00:44,2.55,900,9800
20240201,13:01:38,2.5,300,9800
20240201,13:05:25,2.45,100,10750
20240201,13:10:08,2.35,100,10850
20240201,13:15:41,2.5,1600,10800
20240201,13:15:58,2.35,200,10800
20240201,13:16:06,2.35,50,10800
20240201,13:20:23,2.3,50,11800
20240201,13:20:52,2.3,50,11800
20240201,13:22:05,2.3,100,11850
20240201,13:23:30,2.4,100,11850
20240201,13:26:49,2.4,500,12050
20240201,13:26:56,2.4,1100,12050
20240201,13:29:04,2.35,100,10450
20240201,13:30:22,2.3,50,10550
20240201,13:30:29,2.3,50,10550
20240201,13:32:08,2.4,200,10550
20240201,13:35:35,2.55,5250,10500
20240201,13:35:49,2.45,1850,10500
20240201,13:36:17,2.5,250,15800
20240201,13:36:24,2.5,50,15800
20240201,13:37:27,2.5,100,15800
20240201,13:37:47,2.5,50,15800
20240201,13:37:54,2.55,1850,15800
20240201,13:38:21,2.55,200,15800
20240201,13:39:15,2.6,50,18000
20240201,13:40:42,2.6,50,18000
20240201,13:40:59,2.55,50,18000
20240201,13:41:14,2.55,100,18000
20240201,13:41:30,2.5,100,18000
20240201,13:41:52,2.55,50,18000
20240201,13:42:00,2.55,200,18000
20240201,13:42:07,2.55,200,18050
20240201,13:42:16,2.55,150,18050
20240201,13:42:24,2.55,150,18050
20240201,13:42:32,2.55,100,18050
20240201,13:42:49,2.5,200,18050
20240201,13:42:56,2.55,100,18050
20240201,13:43:04,2.55,550,18050
20240201,13:43:40,2.55,200,18050
20240201,13:44:22,2.6,750,18050
20240201,13:44:30,2.6,50,18050
20240201,13:44:44,2.6,250,18050
20240201,13:45:17,2.55,100,17350
20240201,13:46:26,2.55,2000,17350
20240201,13:46:33,2.5,150,17350
20240201,13:46:46,2.5,50,17350
20240201,13:46:59,2.5,500,17350
20240201,13:47:06,2.5,100,17350
20240201,13:47:14,2.5,50,17350
20240201,13:47:37,2.5,50,17350
20240201,13:48:09,2.5,50,19300
20240201,13:48:18,2.5,1800,19300
20240201,13:48:25,2.45,100,19300
20240201,13:48:32,2.45,150,19300
20240201,13:49:37,2.4,1050,19300
20240201,13:53:09,2.4,150,20950
20240201,13:53:54,2.4,50,20950
20240201,13:54:01,2.4,50,20950
20240201,13:54:24,2.4,1250,21050
20240201,13:54:31,2.4,50,21050
20240201,13:54:39,2.4,250,21050
20240201,13:54:46,2.4,200,21050
20240201,13:54:53,2.4,300,21050
20240201,13:55:07,2.4,250,21050
20240201,13:55:14,2.4,1100,21050
20240201,13:55:29,2.4,400,21050
20240201,13:55:36,2.4,150,21050
20240201,13:55:50,2.4,500,21050
20240201,13:55:57,2.4,50,21050
20240201,13:56:04,2.35,450,21050
20240201,13:56:11,2.45,1700,21050
20240201,13:56:46,2.4,400,21050
20240201,13:57:08,2.35,200,21050
20240201,13:57:15,2.35,400,23600
20240201,13:57:22,2.4,2000,23600
20240201,13:57:29,2.4,1050,23600
20240201,13:57:44,2.4,200,23600
20240201,13:57:51,2.4,250,23600
20240201,13:57:59,2.4,150,23600
20240201,13:58:06,2.4,50,23600
20240201,13:58:20,2.4,250,23600
20240201,13:58:27,2.4,50,23600
20240201,13:59:13,2.4,500,23600
20240201,13:59:28,2.4,800,23600
20240201,13:59:36,2.4,550,23600
20240201,14:00:06,2.3,50,23600
20240201,14:00:13,2.35,50,25400
20240201,14:00:21,2.35,100,25400
20240201,14:00:29,2.35,850,25400
20240201,14:01:03,2.4,50,25400
20240201,14:02:24,2.4,1350,25400
20240201,14:02:30,2.35,500,25400
20240201,14:02:50,2.4,150,25400
20240201,14:05:17,2.35,50,25400
20240201,14:05:58,2.4,100,26550
20240201,14:06:26,2.4,750,26450
20240201,14:07:04,2.35,50,26450
20240201,14:08:01,2.35,100,26450
20240201,14:08:07,2.4,100,26450
20240201,14:08:36,2.3,150,26450
20240201,14:08:44,2.3,50,26450
20240201,14:08:52,2.3,150,26450
20240201,14:09:00,2.3,100,26450
20240201,14:09:07,2.35,1450,26450
20240201,14:10:01,2.35,50,28050
20240201,14:12:19,2.35,100,28050
20240201,14:12:27,2.4,50,28050
20240201,14:12:52,2.4,250,28050
20240201,14:13:01,2.4,300,28050
20240201,14:13:09,2.4,250,28050
20240201,14:13:26,2.4,100,28050
20240201,14:13:56,2.45,1200,28050
20240201,14:14:04,2.55,4250,28050
20240201,14:14:12,2.55,550,28050
20240201,14:14:26,2.55,100,28050
20240201,14:15:10,2.55,700,28050
20240201,14:15:18,2.6,100,31850
20240201,14:15:25,2.6,100,31850
20240201,14:15:54,2.5,50,31850
20240201,14:16:01,2.45,100,31850
20240201,14:16:07,2.45,950,31850
20240201,14:17:08,2.4,50,31850
20240201,14:17:15,2.4,50,31850
20240201,14:17:22,2.4,50,31850
20240201,14:17:29,2.4,100,31850
20240201,14:17:35,2.4,50,31850
20240201,14:18:33,2.4,50,31050
20240201,14:18:52,2.4,50,31050
20240201,14:20:53,2.4,1000,31050
20240201,14:20:59,2.4,2000,31050
20240201,14:21:06,2.4,1600,31050
20240201,14:21:12,2.4,1000,30500
20240201,14:21:25,2.4,850,30500
20240201,14:23:11,2.4,150,30500
20240201,14:23:34,2.4,50,30500
20240201,14:24:04,2.4,50,30500
20240201,14:24:47,2.45,2300,30500
20240201,14:24:54,2.45,50,30500
20240201,14:25:00,2.45,50,30500
20240201,14:25:13,2.45,100,30500
20240201,14:25:32,2.45,50,30500
20240201,14:25:38,2.45,50,30500
20240201,14:25:56,2.45,50,30500
20240201,14:26:08,2.45,100,30500
20240201,14:26:14,2.45,50,30500
20240201,14:26:31,2.45,50,30500
20240201,14:26:37,2.45,50,30500
20240201,14:26:48,2.5,100,30500
20240201,14:26:54,2.45,250,30500
20240201,14:27:01,2.5,100,30500
20240201,14:27:07,2.5,100,30500
20240201,14:28:41,2.4,200,32350
20240201,14:29:17,2.45,50,32350
20240201,14:29:23,2.45,50,32350
20240201,14:29:38,2.4,100,32350
20240201,14:29:54,2.45,150,32350
20240201,14:30:31,2.45,50,32850
20240201,14:31:11,2.4,150,32850
20240201,14:31:18,2.4,150,32850
20240201,14:31:37,2.4,150,32850
20240201,14:32:06,2.5,50,32850
20240201,14:32:12,2.45,100,32850
20240201,14:33:06,2.35,50,32850
20240201,14:34:39,2.35,200,33400
20240201,14:34:45,2.35,100,33400
20240201,14:35:08,2.4,100,33400
20240201,14:36:07,2.35,950,33400
20240201,14:36:46,2.35,400,34300
20240201,14:36:53,2.25,250,34300
20240201,14:36:59,2.35,200,34300
20240201,14:37:05,2.3,50,34300
20240201,14:37:11,2.3,150,34300
20240201,14:37:21,2.3,500,34300
20240201,14:37:35,2.35,200,34300
20240201,14:37:42,2.35,300,34300
20240201,14:37:56,2.3,500,34300
20240201,14:38:40,2.3,200,34300
20240201,14:38:47,2.3,200,34300
20240201,14:39:00,2.3,150,34300
20240201,14:39:11,2.3,2400,32100
20240201,14:39:17,2.25,250,32100
20240201,14:39:23,2.2,150,32100
20240201,14:39:30,2.2,50,32100
20240201,14:39:38,2.2,250,32100
20240201,14:39:46,2.2,150,32100
20240201,14:40:00,2.25,200,32100
20240201,14:40:06,2.25,200,32100
20240201,14:40:13,2.3,650,32100
20240201,14:40:26,2.25,100,32100
20240201,14:40:32,2.25,1000,32100
20240201,14:40:38,2.2,100,32100
20240201,14:41:05,2.2,100,32100
20240201,14:41:22,2.2,100,32100
20240201,14:41:28,2.2,50,32100
20240201,14:42:02,2.15,150,32100
20240201,14:42:08,2.15,50,32100
20240201,14:43:38,2.15,50,31800
20240201,14:44:12,2.15,50,31800
20240201,14:44:48,2.1,400,31800
20240201,14:44:56,2.1,200,31800
20240201,14:45:11,2.15,100,31800
20240201,14:47:02,2.2,200,31250
20240201,14:47:15,2.2,1450,31250
20240201,14:47:59,2.2,100,31250
20240201,14:48:32,2.2,50,31200
20240201,14:48:51,2.25,50,31200
20240201,14:49:31,2.2,100,31200
20240201,14:49:37,2.2,50,31200
20240201,14:49:43,2.2,50,31200
20240201,14:49:50,2.2,50,31200
20240201,14:50:25,2.2,200,31200
20240201,14:50:41,2.2,250,31200
20240201,14:50:48,2.2,150,31200
20240201,14:50:57,2.25,100,31200
20240201,14:51:06,2.3,200,31200
20240201,14:51:15,2.3,400,31150
20240201,14:51:23,2.3,100,31150
20240201,14:52:06,2.3,50,31150
20240201,14:52:14,2.3,250,31150
20240201,14:52:20,2.3,200,31150
20240201,14:52:28,2.3,100,31150
20240201,14:52:35,2.3,200,31150
20240201,14:52:41,2.3,400,31150
20240201,14:52:48,2.3,200,31150
20240201,14:52:54,2.25,100,31150
20240201,14:53:00,2.3,50,31150
20240201,14:53:06,2.3,50,31150
20240201,14:53:12,2.3,150,31150
20240201,14:53:19,2.3,250,31150
20240201,14:53:31,2.35,350,31150
20240201,14:53:38,2.4,150,31150
20240201,14:53:45,2.4,50,31150
20240201,14:53:56,2.4,150,31150
20240201,14:54:14,2.4,150,31150
20240201,14:55:00,2.35,50,33450
20240201,14:59:45,2.3,550,33450
20240201,14:59:52,2.3,150,33450
20240201,15:00:05,2.3,150,33450
20240201,15:00:28,2.3,50,33500
20240201,15:00:36,2.25,50,33500
20240201,15:01:21,2.25,900,33500
20240201,15:01:40,2.2,800,33500
20240201,15:01:46,2.25,1700,33500
20240201,15:01:52,2.25,400,33500
20240201,15:02:27,2.25,100,33500
20240201,15:03:21,2.05,700,34000
20240201,15:03:28,2.2,250,34000
20240201,15:03:50,2.15,50,34000
20240201,15:04:23,2.2,250,34000
20240201,15:04:46,2.2,250,34000
20240201,15:05:41,2.2,1200,34000
20240201,15:06:30,2.2,100,34900
20240201,15:06:38,2.2,100,34900
20240201,15:07:42,2.2,1850,34900
20240201,15:08:19,2.25,250,34900
20240201,15:08:26,2.25,150,34900
20240201,15:08:33,2.25,50,34900
20240201,15:08:48,2.2,200,34900
20240201,15:08:57,2.25,900,34900
20240201,15:09:04,2.2,50,34900
20240201,15:09:25,2.2,100,36750
20240201,15:09:32,2.2,600,36750
20240201,15:09:39,2.2,900,36750
20240201,15:09:53,2.1,100,36750
20240201,15:10:14,2.2,50,36750
20240201,15:10:36,2.2,50,36750
20240201,15:10:43,2.25,150,36750
20240201,15:10:50,2.25,200,36750
20240201,15:10:57,2.3,450,36750
20240201,15:11:12,2.25,1650,36750
20240201,15:11:18,2.25,250,36750
20240201,15:11:46,2.25,100,36750
20240201,15:12:00,2.25,50,36750
20240201,15:12:07,2.25,750,36750
20240201,15:12:14,2.2,400,36750
20240201,15:12:20,2.2,300,36250
20240201,15:12:27,2.25,700,36250
20240201,15:12:40,2.2,2450,36250
20240201,15:12:49,2.15,250,36250
20240201,15:12:57,2.2,50,36250
20240201,15:13:03,2.2,250,36250
20240201,15:13:10,2.2,500,36250
20240201,15:13:17,2.15,350,36250
20240201,15:13:24,2.15,300,36250
20240201,15:13:31,2.2,100,36250
20240201,15:14:15,2.1,550,36250
20240201,15:14:58,2.2,50,36250
20240201,15:17:07,2.15,400,35450
20240201,15:17:17,2.2,100,35450
20240201,15:17:34,2.2,700,35450
20240201,15:17:41,2.2,400,35450
20240201,15:17:56,2.2,100,35450
20240201,15:18:03,2.2,50,35450
20240201,15:18:11,2.2,50,35450
20240201,15:18:26,2.2,750,35700
20240201,15:18:33,2.25,1500,35700
20240201,15:19:02,2.2,450,35700
20240201,15:19:09,2.2,50,35700
20240201,15:19:32,2.25,1500,35700
20240201,15:19:39,2.3,2100,35700
20240201,15:20:00,2.3,2000,35700
20240201,15:20:08,2.25,850,35700
20240201,15:20:15,2.25,1000,35700
20240201,15:20:22,2.25,2600,35700
20240201,15:20:51,2.35,19100,35700
20240201,15:21:06,2.3,2700,35700
20240201,15:21:14,2.3,2000,35700
20240201,15:21:23,2.3,1450,57100
20240201,15:21:32,2.25,8250,57100
20240201,15:21:41,2.25,100,57100
20240201,15:21:50,2.25,150,57100
20240201,15:22:33,2.25,50,57100
20240201,15:22:57,2.25,550,57100
20240201,15:23:05,2.2,50,57100
20240201,15:23:28,2.25,1500,57100
20240201,15:23:50,2.25,100,57100
20240201,15:24:06,2.25,1500,57100
20240201,15:24:13,2.25,1600,57100
20240201,15:24:31,2.25,100,66800
20240201,15:24:38,2.2,350,66800
20240201,15:25:05,2.2,200,66800
20240201,15:25:33,2.2,250,66800
20240201,15:25:44,2.2,1000,66800
20240201,15:25:50,2.25,850,66800
20240201,15:25:56,2.25,2000,66800
20240201,15:26:01,2.2,500,66800
20240201,15:26:07,2.25,50,66800
20240201,15:26:38,2.25,50,66800
20240201,15:27:22,2.3,600,66850
20240201,15:27:40,2.25,1000,66850
20240201,15:27:46,2.2,1400,66850
20240201,15:28:06,2.25,500,66850
20240201,15:28:12,2.25,950,66850
20240201,15:28:19,2.25,1300,66850
20240201,15:28:25,2.3,1300,66850
20240201,15:28:46,2.3,2600,66850
20240201,15:28:53,2.25,1550,66850
20240201,15:29:07,2.25,650,66850
20240201,15:29:15,2.25,200,66850
20240201,15:29:23,2.3,100,66850
20240201,15:29:30,2.25,50,66850
20240201,15:29:37,2.3,400,66850
20240201,15:29:45,2.3,900,66850
20240202,09:15:01,2.35,1,70350
20240202,09:15:01,2.35,50,70350
20240202,09:15:02,2.25,50,70350
20240202,09:15:04,2.0,100,70350
20240202,09:15:05,2.0,600,70350
20240202,09:15:07,2.15,50,70350
20240202,09:15:08,2.15,50,70350
20240202,09:15:11,1.95,450,70350
20240202,09:15:12,1.85,150,70350
20240202,09:15:13,1.85,50,70350
20240202,09:15:15,1.85,350,70350
20240202,09:15:41,1.9,50,70350
20240202,09:15:53,1.9,1000,70350
20240202,09:16:24,1.9,50,70350
20240202,09:16:39,1.85,550,70350
20240202,09:16:44,1.85,400,70350
20240202,09:16:58,1.85,450,70350
20240202,09:17:18,1.9,400,70450
20240202,09:17:40,1.9,1650,70450
20240202,09:17:43,1.9,200,70450
20240202,09:17:49,1.9,150,70450
20240202,09:18:16,1.85,1050,70450
20240202,09:18:18,1.8,1100,70450
20240202,09:18:29,1.8,1000,70450
20240202,09:18:38,1.8,100,70450
20240202,09:18:44,1.75,50,70450
20240202,09:18:45,1.75,50,70450
20240202,09:18:59,1.75,900,70450
20240202,09:19:24,1.8,200,70450
20240202,09:19:25,1.8,200,70450
20240202,09:19:31,1.8,50,70450
20240202,09:19:52,1.85,500,70450
20240202,09:20:02,1.85,50,70450
20240202,09:20:06,1.8,50,70450
20240202,09:20:49,1.85,50,72950
20240202,09:20:52,1.85,1000,72950
20240202,09:20:53,1.85,50,72950
20240202,09:20:55,1.8,950,72950
20240202,09:22:01,1.8,1800,72950
20240202,09:22:06,1.8,1800,72950
20240202,09:22:09,1.8,400,72950
20240202,09:22:16,1.85,50,72950
20240202,09:22:19,1.8,50,72950
20240202,09:22:20,1.8,900,72950
20240202,09:22:23,1.8,800,72950
20240202,09:22:32,1.85,50,72950
20240202,09:22:33,1.8,50,72950
20240202,09:22:40,1.8,250,72950
20240202,09:22:53,1.8,100,72950
20240202,09:23:05,1.8,950,72950
20240202,09:23:53,1.85,100,76800
20240202,09:23:55,1.85,50,76800
20240202,09:24:21,1.8,50,76800
20240202,09:24:24,1.8,250,76800
20240202,09:24:36,1.85,50,76800
20240202,09:24:38,1.85,1800,76800
20240202,09:24:47,1.85,1800,76800
20240202,09:25:36,1.85,5100,76800
20240202,09:26:05,1.85,950,76800
20240202,09:26:07,1.85,200,76800
20240202,09:26:12,1.8,2150,76800
20240202,09:26:26,1.85,100,76800
20240202,09:26:32,1.8,1350,73100
20240202,09:26:55,1.85,100,73100
20240202,09:27:37,1.85,50,73100
20240202,09:27:48,1.85,100,73100
20240202,09:28:21,1.85,250,73100
20240202,09:29:04,1.85,50,73100
20240202,09:30:01,1.85,400,72400
20240202,09:32:08,1.85,100,72400
20240202,09:32:37,1.8,500,72450
20240202,09:33:00,1.8,3450,72450
20240202,09:33:17,1.8,550,72450
20240202,09:33:43,1.8,250,72450
20240202,09:33:47,1.8,1300,72450
20240202,09:34:05,1.85,50,72450
20240202,09:34:21,1.8,400,72450
20240202,09:34:29,1.8,200,72450
20240202,09:34:43,1.75,100,72450
20240202,09:34:44,1.8,1200,72450
20240202,09:34:45,1.85,100,72450
20240202,09:35:05,1.85,1800,72450
20240202,09:38:50,1.85,50,75100
20240202,09:41:27,1.85,1800,75100
20240202,09:41:56,1.8,100,75100
20240202,09:42:05,1.85,50,75100
20240202,09:42:23,1.85,3800,75100
20240202,09:42:51,1.8,50,75100
20240202,09:43:16,1.85,300,75100
20240202,09:43:22,1.85,200,75100
20240202,09:43:23,1.85,500,75100
20240202,09:43:24,1.85,450,75100
20240202,09:43:27,1.85,1950,75100
20240202,09:43:34,1.85,300,75100
20240202,09:43:42,1.85,150,75100
20240202,09:44:16,1.85,150,75100
20240202,09:44:40,1.85,250,75100
20240202,09:44:46,1.85,150,77050
20240202,09:44:52,1.85,150,77050
20240202,09:44:55,1.85,150,77050
20240202,09:45:07,1.9,250,77050
20240202,09:45:24,1.85,400,77050
20240202,09:45:29,1.85,150,77050
20240202,09:45:47,1.85,400,77050
20240202,09:45:50,1.85,50,77050
20240202,09:46:01,1.85,600,77050
20240202,09:46:07,1.85,400,77050
20240202,09:46:08,1.85,550,77050
20240202,09:46:43,1.85,950,77050
20240202,09:46:53,1.85,700,77050
20240202,09:46:54,1.8,850,77050
20240202,09:46:56,1.9,1800,77050
20240202,09:47:29,1.85,400,78000
20240202,09:47:36,1.8,200,78000
20240202,09:48:57,1.8,150,78000
20240202,09:50:04,1.8,250,78000
20240202,09:50:07,1.85,3600,78000
20240202,09:50:08,1.85,1800,78000
20240202,09:51:34,1.85,1800,78000
20240202,09:52:10,1.8,1800,83250
20240202,09:52:11,1.8,1800,83250
20240202,09:52:20,1.85,3600,83250
20240202,09:55:38,1.85,800,83250
20240202,09:56:16,1.85,250,85000
20240202,09:56:54,1.8,100,85250
20240202,09:57:11,1.8,2000,85250
20240202,09:57:12,1.8,150,85250
20240202,09:58:59,1.75,150,85250
20240202,09:59:05,1.75,500,85250
20240202,09:59:22,1.75,50,85250
20240202,09:59:40,1.75,300,85200
20240202,10:00:00,1.75,350,85200
20240202,10:00:01,1.75,250,85200
20240202,10:00:02,1.75,500,85200
20240202,10:00:25,1.75,50,85200
20240202,10:01:14,1.75,50,85200
20240202,10:02:56,1.8,1000,85000
20240202,10:04:22,1.75,1000,85000
20240202,10:04:24,1.75,1800,85000
20240202,10:04:29,1.75,1800,85000
20240202,10:04:34,1.75,150,85000
20240202,10:05:07,1.75,50,85000
20240202,10:05:08,1.75,50,85000
20240202,10:05:09,1.75,50,85000
20240202,10:05:21,1.75,150,85000
20240202,10:06:11,1.75,100,85000
20240202,10:06:42,1.8,500,85000
20240202,10:07:01,1.75,3000,85000
20240202,10:07:10,1.75,250,85000
20240202,10:09:45,1.7,100,86050
20240202,10:09:49,1.7,250,86050
20240202,10:09:51,1.7,900,86050
20240202,10:10:09,1.6,1350,86050
20240202,10:10:46,1.65,1800,86050
20240202,10:13:06,1.65,850,86050
20240202,10:13:49,1.65,1800,86200
20240202,10:13:52,1.65,1900,86200
20240202,10:14:02,1.7,50,86200
20240202,10:14:16,1.7,50,86200
20240202,10:16:23,1.7,50,86200
20240202,10:16:58,1.7,1000,88000
20240202,10:17:31,1.65,50,88000
20240202,10:17:53,1.65,100,88950
20240202,10:18:56,1.7,150,88950
20240202,10:20:16,1.65,700,88950
20240202,10:20:25,1.65,1050,88400
20240202,10:27:04,1.6,50,87500
20240202,10:27:06,1.6,1800,87500
20240202,10:27:39,1.55,24000,87500
20240202,10:27:40,1.55,550,87500
20240202,10:27:41,1.55,100,87500
20240202,10:27:43,1.55,50,87500
20240202,10:27:45,1.55,250,87500
20240202,10:27:46,1.55,50,87500
20240202,10:27:55,1.55,50,87500
20240202,10:27:57,1.55,1800,87500
20240202,10:28:12,1.55,1800,87500
20240202,10:28:16,1.55,1800,87500
20240202,10:28:17,1.55,1800,87500
20240202,10:28:18,1.55,1900,87500
20240202,10:28:20,1.55,1700,87500
20240202,10:28:21,1.55,500,87500
20240202,10:28:29,1.55,50,87500
20240202,10:28:30,1.6,50,87500
20240202,10:28:50,1.55,200,87500
20240202,10:29:15,1.6,50,87500
20240202,10:29:46,1.55,1800,87500
20240202,10:30:08,1.6,50,81350
20240202,10:30:49,1.6,50,81350
20240202,10:31:14,1.55,50,81350
20240202,10:31:47,1.55,50,81350
20240202,10:32:04,1.55,50,81350
20240202,10:32:36,1.55,100,81300
20240202,10:32:50,1.55,50,81300
20240202,10:33:00,1.55,50,81300
20240202,10:33:06,1.55,1350,81300
20240202,10:33:07,1.55,100,81300
20240202,10:33:12,1.55,1000,81300
20240202,10:33:29,1.6,1000,81300
20240202,10:34:52,1.6,800,81300
20240202,10:35:49,1.6,50,80150
20240202,10:39:04,1.55,150,80150
20240202,10:44:03,1.6,50,80150
20240202,10:44:04,1.6,650,80050
20240202,10:44:49,1.6,250,80050
20240202,10:45:08,1.55,50,80050
20240202,10:46:00,1.55,500,80050
20240202,10:46:02,1.55,500,80050
20240202,10:46:30,1.55,150,80050
20240202,10:47:01,1.55,150,80050
20240202,10:47:09,1.55,50,80050
20240202,10:47:12,1.55,50,80050
20240202,10:47:25,1.55,650,80000
20240202,10:50:25,1.55,2350,79950
20240202,10:54:26,1.5,800,79950
20240202,10:54:28,1.5,50,79800
20240202,10:54:43,1.5,50,79800
20240202,10:55:02,1.5,50,79800
20240202,10:57:53,1.5,500,79750
20240202,10:58:13,1.55,50,79750
20240202,10:58:46,1.55,3600,79750
20240202,10:58:47,1.55,1800,79750
20240202,10:58:48,1.55,350,79750
20240202,10:58:49,1.55,3850,79750
20240202,10:58:50,1.6,1800,79750
20240202,10:58:51,1.55,250,79750
20240202,11:00:01,1.6,50,79750
20240202,11:00:10,1.55,50,83150
20240202,11:00:23,1.6,50,83150
20240202,11:00:24,1.6,50,83150
20240202,11:01:52,1.55,50,83150
20240202,11:01:55,1.6,50,83150
20240202,11:02:20,1.6,2000,83150
20240202,11:04:10,1.55,100,83150
20240202,11:04:29,1.55,100,83150
20240202,11:04:30,1.55,600,83150
20240202,11:05:36,1.55,900,82850
20240202,11:05:41,1.55,2000,82850
20240202,11:05:42,1.55,1800,82850
20240202,11:08:59,1.55,50,84550
20240202,11:09:03,1.55,600,84550
20240202,11:11:33,1.5,5400,84650
20240202,11:12:01,1.5,200,84650
20240202,11:13:34,1.5,200,84650
20240202,11:13:40,1.5,1800,84650
20240202,11:14:05,1.55,1850,84650
20240202,11:14:07,1.55,250,84650
20240202,11:14:12,1.55,1000,84650
20240202,11:14:27,1.55,200,84650
20240202,11:14:27,1.55,150,84650
20240202,11:14:30,1.55,150,82400
20240202,11:14:35,1.6,500,82400
20240202,11:14:51,1.55,250,82400
20240202,11:14:52,1.55,50,82400
20240202,11:14:53,1.55,100,82400
20240202,11:14:58,1.55,100,82400
20240202,11:15:03,1.55,50,82400
20240202,11:15:09,1.55,50,82400
20240202,11:15:49,1.55,50,82400
20240202,11:15:52,1.55,350,82400
20240202,11:15:54,1.55,50,82400
20240202,11:16:04,1.55,1800,82400
20240202,11:16:20,1.55,1800,82400
20240202,11:16:21,1.55,50,82400
20240202,11:16:22,1.55,250,82400
20240202,11:16:23,1.55,450,82400
20240202,11:16:27,1.6,1000,82400
20240202,11:16:30,1.6,50,82400
20240202,11:16:47,1.6,500,82400
20240202,11:16:48,1.55,50,82400
20240202,11:16:52,1.6,1150,82400
20240202,11:17:10,1.5,7550,82400
20240202,11:17:14,1.55,1800,82400
20240202,11:17:17,1.55,1800,82400
20240202,11:17:19,1.55,50,82400
20240202,11:17:29,1.6,100,80050
20240202,11:17:36,1.6,500,80050
20240202,11:17:37,1.6,1950,80050
20240202,11:17:57,1.6,100,80050
20240202,11:18:19,1.6,200,80050
20240202,11:18:25,1.55,200,80050
20240202,11:19:10,1.6,250,80050
20240202,11:19:16,1.6,250,80050
20240202,11:19:23,1.6,3600,80050
20240202,11:19:24,1.6,1800,80050
20240202,11:19:48,1.55,50,80050
20240202,11:20:06,1.6,250,80050
20240202,11:20:20,1.6,250,80050
20240202,11:20:23,1.55,50,80050
20240202,11:20:26,1.6,50,80050
20240202,11:20:29,1.6,1900,80050
20240202,11:20:39,1.6,400,78750
20240202,11:21:11,1.6,1950,78750
20240202,11:21:12,1.6,50,78750
20240202,11:21:13,1.6,1700,78750
20240202,11:21:14,1.55,150,78750
20240202,11:21:19,1.6,300,78750
20240202,11:21:28,1.65,2450,78750
20240202,11:21:34,1.65,300,78750
20240202,11:21:50,1.7,750,78750
20240202,11:21:56,1.65,50,78750
20240202,11:22:00,1.7,300,78750
20240202,11:22:22,1.65,3550,78750
20240202,11:22:27,1.7,200,78750
20240202,11:22:31,1.65,3250,78750
20240202,11:22:34,1.65,2400,78750
20240202,11:22:35,1.65,950,78750
20240202,11:22:36,1.65,50,78750
20240202,11:22:38,1.65,50,78750
20240202,11:22:41,1.65,950,78750
20240202,11:22:58,1.7,100,78750
20240202,11:23:48,1.65,700,78050
20240202,11:24:20,1.65,5850,78050
20240202,11:24:38,1.65,1800,78050
20240202,11:24:39,1.65,750,78050
20240202,11:24:40,1.7,950,78050
20240202,11:24:43,1.7,50,78050
20240202,11:24:45,1.7,50,78050
20240202,11:24:46,1.7,50,78050
20240202,11:25:11,1.7,100,78050
20240202,11:25:20,1.7,4500,78050
20240202,11:25:22,1.75,200,78050
20240202,11:25:25,1.7,1000,78050
20240202,11:25:32,1.7,2400,78050
20240202,11:25:33,1.7,250,78050
20240202,11:25:35,1.65,100,78050
20240202,11:25:40,1.7,100,78050
20240202,11:25:41,1.7,450,78050
20240202,11:25:45,1.75,450,78050
20240202,11:26:22,1.75,50,78050
20240202,11:26:55,1.7,1800,78050
20240202,11:27:19,1.7,300,82300
20240202,11:27:21,1.7,100,82300
20240202,11:27:43,1.7,500,82300
20240202,11:27:44,1.7,1300,82300
20240202,11:27:47,1.7,1650,82300
20240202,11:27:52,1.65,450,82300
20240202,11:28:26,1.6,2300,82300
20240202,11:28:31,1.65,50,82300
20240202,11:29:07,1.65,1000,82300
20240202,11:29:08,1.65,2550,82300
20240202,11:29:13,1.65,50,82300
20240202,11:29:29,1.65,1000,82300
20240202,11:29:30,1.6,500,83750
20240202,11:29:43,1.65,100,83750
20240202,11:29:45,1.65,50,83750
20240202,11:30:00,1.6,150,83750
20240202,11:30:16,1.65,500,83750
20240202,11:30:42,1.65,150,83750
20240202,11:31:15,1.65,1500,83750
20240202,11:31:40,1.7,100,83750
20240202,11:32:09,1.65,250,83750
20240202,11:32:17,1.65,1500,83750
20240202,11:32:24,1.65,50,83750
20240202,11:32:31,1.65,100,83950
20240202,11:33:01,1.65,350,83950
20240202,11:34:20,1.65,1800,83950
20240202,11:34:32,1.65,200,83950
20240202,11:34:50,1.65,300,83950
20240202,11:34:52,1.65,500,83950
20240202,11:35:00,1.7,150,83950
20240202,11:36:07,1.65,1650,81900
20240202,11:36:43,1.7,1800,81900
20240202,11:36:44,1.7,3600,81900
20240202,11:36:45,1.65,250,81900
20240202,11:37:00,1.7,500,81900
20240202,11:37:02,1.7,100,81900
20240202,11:37:03,1.7,1800,81900
20240202,11:37:48,1.7,1800,81900
20240202,11:38:10,1.7,1000,81900
20240202,11:38:55,1.7,1000,81600
20240202,11:39:06,1.7,1000,81600
20240202,11:39:10,1.7,800,81600
20240202,11:39:12,1.75,200,81600
20240202,11:39:13,1.75,200,81600
20240202,11:39:14,1.75,50,81600
20240202,11:39:15,1.75,150,81600
20240202,11:39:16,1.8,9900,81600
20240202,11:39:19,1.85,4200,81600
20240202,11:39:20,1.8,4650,81600
20240202,11:39:21,1.8,2550,81600
20240202,11:39:23,1.85,3950,81600
20240202,11:39:25,1.85,50,81600
20240202,11:39:26,1.85,250,81600
20240202,11:39:32,1.85,1800,81600
20240202,11:39:45,1.85,600,81600
20240202,11:39:57,1.9,50,81600
20240202,11:40:11,1.9,50,81600
20240202,11:40:12,1.9,100,81600
20240202,11:40:38,1.9,100,81600
20240202,11:40:40,1.85,1400,81600
20240202,11:40:41,1.85,100,81600
20240202,11:40:46,1.9,500,81600
20240202,11:40:47,1.95,50,81600
20240202,11:40:48,1.95,450,81600
20240202,11:40:52,1.95,50,81600
20240202,11:40:54,1.9,1850,81600
20240202,11:41:01,1.95,50,81600
20240202,11:41:04,1.95,1300,81600
20240202,11:41:05,1.95,50,81600
20240202,11:41:08,1.95,800,81600
20240202,11:41:11,1.95,100,81600
20240202,11:41:15,1.95,150,81600
20240202,11:41:17,1.95,50,81600
20240202,11:41:19,1.95,650,81600
20240202,11:42:10,1.95,50,81600
20240202,11:42:14,1.95,3200,74700
20240202,11:42:34,1.95,100,74700
20240202,11:42:48,1.9,150,74700
20240202,11:42:49,1.9,300,74700
20240202,11:42:56,1.9,1800,74700
20240202,11:43:02,1.9,500,74700
20240202,11:43:05,1.9,300,74700
20240202,11:43:39,1.9,500,74700
20240202,11:43:50,1.95,50,74700
20240202,11:43:56,1.85,150,74700
20240202,11:44:10,1.85,150,74700
20240202,11:44:11,1.85,2600,74700
20240202,11:44:13,1.85,50,74700
20240202,11:44:16,1.85,1050,74700
20240202,11:44:20,1.85,50,74700
20240202,11:44:35,1.85,850,74700
20240202,11:45:02,1.85,150,69450
20240202,11:45:11,1.85,50,69450
20240202,11:45:14,1.85,1000,69450
20240202,11:45:17,1.85,400,69450
20240202,11:45:22,1.85,1900,69450
20240202,11:45:50,1.9,1200,69450
20240202,11:46:07,1.9,650,69450
20240202,11:46:32,1.9,3200,69450
20240202,11:46:32,1.9,300,69450
20240202,11:46:52,1.95,50,69450
20240202,11:46:54,1.9,350,69450
20240202,11:47:13,1.9,2500,69450
20240202,11:47:31,1.95,1800,69450
20240202,11:47:32,1.95,100,69450
20240202,11:47:37,1.9,600,73900
20240202,11:47:39,1.9,100,73900
20240202,11:47:50,1.9,1100,73900
20240202,11:47:51,1.9,500,73900
20240202,11:48:05,1.9,50,73900
20240202,11:49:13,1.9,4900,73900
20240202,11:49:46,1.85,50,73900
20240202,11:49:52,1.9,50,73900
20240202,11:49:54,1.85,50,73900
20240202,11:50:04,1.85,2250,73900
20240202,11:50:08,1.85,50,73900
20240202,11:50:21,1.85,150,73900
20240202,11:50:38,1.9,1200,77050
20240202,11:51:16,1.85,50,77050
20240202,11:51:17,1.85,1100,77050
20240202,11:51:18,1.85,500,77050
20240202,11:51:19,1.85,250,77050
20240202,11:51:37,1.8,50,77050
20240202,11:51:48,1.85,100,77050
20240202,11:52:05,1.85,100,77050
20240202,11:52:11,1.85,550,77050
20240202,11:52:13,1.85,1800,77050
20240202,11:52:21,1.85,250,77050
20240202,11:52:28,1.85,250,77050
20240202,11:52:30,1.85,50,77050
20240202,11:52:41,1.85,1000,77050
20240202,11:52:44,1.85,1900,77050
20240202,11:52:48,1.85,250,77050
20240202,11:52:52,1.85,550,77050
20240202,11:53:14,1.9,50,77050
20240202,11:53:56,1.85,50,77050
20240202,11:54:05,1.8,250,79100
20240202,11:54:11,1.85,100,79100
20240202,11:55:26,1.8,700,79100
20240202,11:55:29,1.8,50,79100
20240202,11:56:13,1.8,600,79100
20240202,11:56:18,1.8,50,79100
20240202,11:57:50,1.85,250,77850
20240202,11:58:05,1.8,50,77850
20240202,11:58:09,1.8,1450,77850
20240202,11:58:49,1.8,50,77850
20240202,11:59:57,1.8,1400,77850
20240202,11:59:59,1.8,100,77850
20240202,12:00:12,1.75,600,77850
20240202,12:00:28,1.7,1500,77850
20240202,12:01:21,1.75,250,77850
20240202,12:04:32,1.75,300,77850
20240202,12:05:59,1.75,50,77750
20240202,12:06:15,1.7,450,77750
20240202,12:09:31,1.75,50,77750
20240202,12:10:21,1.75,50,77750
20240202,12:11:25,1.75,100,77750
20240202,12:12:35,1.7,100,77750
20240202,12:14:30,1.7,1100,77750
20240202,12:14:41,1.7,250,77750
20240202,12:14:51,1.7,250,77750
20240202,12:14:56,1.65,250,77750
20240202,12:14:59,1.65,1900,77750
20240202,12:15:00,1.65,300,77750
20240202,12:15:01,1.7,200,77750
20240202,12:16:18,1.65,250,77750
20240202,12:16:56,1.65,450,77750
20240202,12:17:02,1.6,100,77750
20240202,12:17:04,1.6,1800,77750
20240202,12:17:07,1.6,100,77750
20240202,12:17:08,1.6,100,77750
20240202,12:17:15,1.6,50,77750
20240202,12:17:19,1.6,50,77750
20240202,12:17:37,1.6,5400,77350
20240202,12:18:34,1.7,50,77350
20240202,12:18:51,1.6,1800,77350
20240202,12:20:11,1.65,200,77350
20240202,12:20:41,1.6,300,77150
20240202,12:21:07,1.6,300,77150
20240202,12:21:09,1.55,100,77150
20240202,12:21:38,1.6,250,77150
20240202,12:21:39,1.6,350,77150
20240202,12:21:56,1.6,1350,77150
20240202,12:22:08,1.6,200,77150
20240202,12:22:27,1.6,100,77150
20240202,12:22:31,1.6,100,77150
20240202,12:22:43,1.6,100,77150
20240202,12:22:47,1.6,250,77150
20240202,12:22:53,1.6,100,77150
20240202,12:23:08,1.6,200,77150
20240202,12:23:27,1.6,300,77150
20240202,12:23:32,1.6,1850,77150
20240202,12:23:40,1.55,1800,76950
20240202,12:24:22,1.55,1800,76950
20240202,12:24:33,1.55,2300,76950
20240202,12:24:48,1.5,1800,76950
20240202,12:24:49,1.5,1800,76950
20240202,12:24:59,1.55,250,76950
20240202,12:25:00,1.5,3600,76950
20240202,12:25:27,1.5,9150,76950
20240202,12:25:35,1.45,250,76950
20240202,12:25:43,1.4,1850,76950
20240202,12:25:44,1.45,50,76950
20240202,12:25:46,1.45,50,76950
20240202,12:25:56,1.45,3400,76950
20240202,12:26:14,1.45,5750,76950
20240202,12:26:22,1.4,950,76950
20240202,12:26:34,1.45,150,76950
20240202,12:26:41,1.45,150,76950
20240202,12:27:09,1.45,1550,72550
20240202,12:27:09,1.45,500,72550
20240202,12:27:16,1.45,100,72550
20240202,12:27:16,1.4,1800,72550
20240202,12:27:19,1.45,50,72550
20240202,12:27:24,1.4,1800,72550
20240202,12:27:25,1.45,400,72550
20240202,12:27:43,1.4,50,72550
20240202,12:27:52,1.4,150,72550
20240202,12:28:01,1.4,50,72550
20240202,12:28:08,1.45,500,72550
20240202,12:28:09,1.45,1350,72550
20240202,12:28:13,1.45,50,72550
20240202,12:28:30,1.4,1450,72550
20240202,12:28:35,1.4,3850,72550
20240202,12:28:36,1.4,1750,72550
20240202,12:28:42,1.35,150,72550
20240202,12:28:55,1.35,250,72550
20240202,12:28:56,1.4,1150,72550
20240202,12:28:58,1.4,300,72550
20240202,12:29:05,1.4,500,72550
20240202,12:29:08,1.4,50,72550
20240202,12:29:12,1.4,1050,72550
20240202,12:29:19,1.4,50,72550
20240202,12:29:40,1.35,50,72550
20240202,12:29:41,1.4,150,74600
20240202,12:29:50,1.35,50,74600
20240202,12:29:52,1.35,50,74600
20240202,12:30:01,1.35,50,74600
20240202,12:30:25,1.3,100,74600
20240202,12:30:33,1.3,1000,74600
20240202,12:31:13,1.25,400,74600
20240202,12:31:15,1.25,1900,74600
20240202,12:31:21,1.25,400,74600
20240202,12:31:41,1.25,150,74600
20240202,12:31:55,1.2,50,74600
20240202,12:32:02,1.2,50,74600
20240202,12:32:10,1.2,650,74600
20240202,12:32:17,1.2,250,74600
20240202,12:32:33,1.25,2100,74600
20240202,12:32:40,1.25,250,73700
20240202,12:32:42,1.25,150,73700
20240202,12:32:53,1.2,250,73700
20240202,12:33:04,1.2,250,73700
20240202,12:33:11,1.2,500,73700
20240202,12:33:19,1.15,2600,73700
20240202,12:33:31,1.15,500,73700
20240202,12:34:10,1.2,350,73700
20240202,12:34:15,1.2,250,73700
20240202,12:34:16,1.2,50,73700
20240202,12:34:27,1.2,600,73700
20240202,12:34:28,1.15,1750,73700
20240202,12:34:41,1.2,400,73700
20240202,12:34:53,1.2,350,73700
20240202,12:35:05,1.1,100,73700
20240202,12:35:24,1.05,1800,73700
20240202,12:35:37,1.05,350,73700
20240202,12:38:38,1.05,500,73700
20240202,12:39:21,1.05,3600,72000
20240202,12:39:22,1.05,900,72000
20240202,12:39:37,1.0,150,72000
20240202,12:39:44,1.0,1000,72000
20240202,12:39:48,1.05,1000,72000
20240202,12:39:53,1.05,500,72000
20240202,12:39:55,1.05,500,72000
20240202,12:39:57,1.05,500,72000
20240202,12:40:01,1.05,600,72000
20240202,12:40:02,1.05,50,72000
20240202,12:40:03,1.1,500,72000
20240202,12:40:04,1.1,950,72000
20240202,12:40:06,1.1,2750,72000
20240202,12:40:07,1.1,2100,72000
20240202,12:40:09,1.1,500,72000
20240202,12:40:11,1.1,250,72000
20240202,12:40:11,1.1,550,72000
20240202,12:40:14,1.1,550,72000
20240202,12:40:16,1.1,50,72000
20240202,12:40:18,1.1,50,72000
20240202,12:40:20,1.1,200,72000
20240202,12:40:34,1.1,300,72000
20240202,12:40:35,1.15,2100,72000
20240202,12:40:37,1.15,2000,72000
20240202,12:40:55,1.15,1000,72000
20240202,12:41:17,1.15,1500,72000
20240202,12:41:24,1.15,500,72000
20240202,12:41:56,1.15,500,59000
20240202,12:42:14,1.15,1100,59000
20240202,12:42:35,1.15,500,59000
20240202,12:42:39,1.15,50,59000
20240202,12:43:01,1.15,2400,59000
20240202,12:43:06,1.1,2600,59000
20240202,12:43:09,1.1,200,59000
20240202,12:43:17,1.15,1400,59000
20240202,12:43:18,1.2,300,59000
20240202,12:43:34,1.15,400,59000
20240202,12:43:55,1.15,3600,59000
20240202,12:43:55,1.15,1350,59000
20240202,12:44:04,1.15,1000,59000
20240202,12:44:17,1.2,1300,59000
20240202,12:44:17,1.2,400,59000
20240202,12:44:23,1.2,1000,59000
20240202,12:44:35,1.2,1000,59000
20240202,12:44:39,1.2,1300,59000
20240202,12:44:40,1.15,500,59000
20240202,12:44:44,1.15,100,51700
20240202,12:44:49,1.2,1400,51700
20240202,12:44:51,1.2,200,51700
20240202,12:44:52,1.15,100,51700
20240202,12:45:04,1.2,2000,51700
20240202,12:45:06,1.2,1650,51700
20240202,12:45:18,1.2,1000,51700
20240202,12:45:19,1.15,100,51700
20240202,12:45:35,1.2,2300,51700
20240202,12:45:36,1.15,250,51700
20240202,12:45:40,1.25,3600,51700
20240202,12:45:49,1.25,200,51700
20240202,12:46:02,1.25,600,51700
20240202,12:46:04,1.2,1800,51700
20240202,12:46:25,1.25,500,51700
20240202,12:46:27,1.25,200,51700
20240202,12:46:36,1.15,1100,51700
20240202,12:46:41,1.2,300,51700
20240202,12:46:51,1.2,200,51700
20240202,12:47:08,1.2,1000,51700
20240202,12:47:15,1.15,1450,51700
20240202,12:47:19,1.2,300,51700
20240202,12:47:22,1.2,750,51700
20240202,12:47:28,1.2,200,51700
20240202,12:47:41,1.2,300,46700
20240202,12:47:55,1.2,200,46700
20240202,12:48:09,1.2,100,46700
20240202,12:48:20,1.2,100,46700
20240202,12:48:30,1.2,200,46700
20240202,12:48:41,1.15,250,46700
20240202,12:48:47,1.2,100,46700
20240202,12:48:57,1.2,50,46700
20240202,12:49:26,1.15,550,46700
20240202,12:49:29,1.2,1000,46700
20240202,12:50:17,1.2,50,46700
20240202,12:50:28,1.2,100,46700
20240202,12:50:29,1.2,100,46700
20240202,12:50:30,1.2,100,46700
20240202,12:50:46,1.2,3850,46700
20240202,12:50:49,1.2,1000,45250
20240202,12:51:01,1.2,50,45250
20240202,12:51:15,1.15,50,45250
20240202,12:51:18,1.2,250,45250
20240202,12:51:21,1.2,150,45250
20240202,12:51:25,1.15,250,45250
20240202,12:51:54,1.2,50,45250
20240202,12:53:13,1.2,50,45250
20240202,12:53:29,1.15,500,45250
20240202,12:55:55,1.2,450,43800
20240202,12:56:07,1.2,50,43800
20240202,12:56:13,1.15,50,43800
20240202,12:56:14,1.2,50,43800
20240202,12:56:30,1.2,50,43800
20240202,12:57:01,1.2,50,43650
20240202,12:57:12,1.2,50,43650
20240202,12:58:27,1.15,1000,43650
20240202,12:59:28,1.2,50,43650
20240202,13:00:14,1.15,550,43650
20240202,13:00:30,1.15,100,42600
20240202,13:00:35,1.15,50,42600
20240202,13:03:05,1.15,150,42450
20240202,13:03:09,1.15,7200,42450
20240202,13:03:10,1.15,1900,42450
20240202,13:03:42,1.15,2100,42450
20240202,13:03:46,1.2,1800,42450
20240202,13:05:04,1.15,1800,42450
20240202,13:05:21,1.15,800,42450
20240202,13:05:28,1.15,150,42450
20240202,13:05:29,1.15,150,42450
20240202,13:05:32,1.15,50,42450
20240202,13:05:34,1.15,50,42450
20240202,13:06:16,1.15,450,42000
20240202,13:06:52,1.15,600,42000
20240202,13:09:38,1.15,4000,41400
20240202,13:12:33,1.1,450,41400
20240202,13:13:19,1.1,250,42050
20240202,13:13:52,1.1,250,42050
20240202,13:13:55,1.1,50,42050
20240202,13:13:58,1.1,250,42050
20240202,13:15:22,1.1,300,41550
20240202,13:16:01,1.15,800,41550
20240202,13:16:13,1.15,50,41550
20240202,13:18:02,1.1,1800,40650
20240202,13:18:23,1.1,2650,40650
20240202,13:19:16,1.1,50,40650
20240202,13:19:19,1.1,50,40650
20240202,13:19:22,1.1,50,40650
20240202,13:20:01,1.15,2000,40650
20240202,13:20:02,1.15,750,40650
20240202,13:20:41,1.1,100,40650
20240202,13:21:41,1.1,100,36600
20240202,13:21:51,1.1,100,36600
20240202,13:22:26,1.1,200,36600
20240202,13:22:31,1.1,100,36600
20240202,13:24:46,1.1,1050,36600
20240202,13:25:00,1.1,2400,36700
20240202,13:25:31,1.15,500,36700
20240202,13:25:54,1.15,1000,36700
20240202,13:25:55,1.15,1000,36700
20240202,13:25:56,1.15,1000,36700
20240202,13:25:57,1.15,700,36700
20240202,13:27:10,1.15,100,36700
20240202,13:27:14,1.15,500,33850
20240202,13:29:51,1.15,50,33950
20240202,13:30:02,1.15,50,33950
20240202,13:30:16,1.1,12400,33950
20240202,13:30:17,1.1,1750,33950
20240202,13:30:36,1.15,50,33950
20240202,13:30:47,1.15,50,33950
20240202,13:30:49,1.15,50,33950
20240202,13:30:52,1.15,50,33950
20240202,13:30:54,1.15,50,33950
20240202,13:30:56,1.15,50,33950
20240202,13:31:02,1.15,50,33950
20240202,13:31:05,1.15,50,33950
20240202,13:31:08,1.1,250,33950
20240202,13:31:11,1.1,100,33950
20240202,13:31:17,1.15,50,33950
20240202,13:31:21,1.15,50,33950
20240202,13:31:24,1.15,50,33950
20240202,13:31:47,1.05,5800,33950
20240202,13:31:48,1.05,5850,33950
20240202,13:31:51,1.1,1800,33950
20240202,13:31:52,1.1,250,33950
20240202,13:31:53,1.1,650,33950
20240202,13:32:04,1.1,1900,33950
20240202,13:32:39,1.15,50,33950
20240202,13:32:57,1.15,50,49800
20240202,13:32:58,1.15,50,49800
20240202,13:33:00,1.15,50,49800
20240202,13:33:02,1.15,350,49800
20240202,13:33:03,1.15,700,49800
20240202,13:33:11,1.15,50,49800
20240202,13:33:32,1.15,1800,49800
20240202,13:33:33,1.2,2000,49800
20240202,13:34:16,1.15,50,49800
20240202,13:34:20,1.2,550,49800
20240202,13:34:21,1.2,300,49800
20240202,13:34:23,1.2,50,49800
20240202,13:34:24,1.2,250,49800
20240202,13:34:25,1.2,50,49800
20240202,13:34:28,1.2,850,49800
20240202,13:34:41,1.2,1150,49800
20240202,13:35:50,1.2,1800,48950
20240202,13:35:53,1.2,1800,48950
20240202,13:36:12,1.25,2500,48950
20240202,13:36:47,1.25,2450,48950
20240202,13:37:04,1.25,1150,48950
20240202,13:37:28,1.25,100,48950
20240202,13:37:28,1.25,1150,48950
20240202,13:37:37,1.25,2350,48950
20240202,13:37:53,1.25,3200,48950
20240202,13:38:29,1.2,1800,48950
20240202,13:38:29,1.2,2700,48950
20240202,13:38:31,1.2,1800,48950
20240202,13:38:45,1.2,3800,48950
20240202,13:38:47,1.15,500,48950
20240202,13:38:57,1.1,1800,48950
20240202,13:40:50,1.1,4750,49200
20240202,13:40:51,1.1,250,49200
20240202,13:42:13,1.1,1000,49200
20240202,13:42:46,1.1,2550,47650
20240202,13:44:04,1.1,1500,47650
20240202,13:44:20,1.1,500,47650
20240202,13:45:34,1.1,50,50000
20240202,13:45:42,1.1,250,50000
20240202,13:47:15,1.1,1800,50000
20240202,13:47:16,1.1,1800,50000
20240202,13:47:17,1.1,350,50000
20240202,13:47:55,1.1,1800,50000
20240202,13:47:56,1.1,1800,48050
20240202,13:47:57,1.1,50,48050
20240202,13:48:30,1.1,50,48050
20240202,13:48:33,1.1,50,48050
20240202,13:48:46,1.1,50,48050
20240202,13:54:16,1.15,50,49800
20240202,13:54:27,1.15,1800,49800
20240202,13:54:56,1.15,50,49800
20240202,13:55:40,1.15,250,49800
20240202,13:56:02,1.15,50,49800
20240202,13:57:18,1.1,50,47800
20240202,13:57:25,1.15,50,47800
20240202,14:00:38,1.1,250,47800
20240202,14:01:21,1.15,100,47800
20240202,14:02:03,1.15,50,47800
20240202,14:04:17,1.1,50,48050
20240202,14:04:27,1.15,300,48050
20240202,14:06:12,1.1,50,48050
20240202,14:06:16,1.1,3800,48050
20240202,14:07:39,1.15,1300,48050
20240202,14:09:17,1.15,300,50550
20240202,14:09:34,1.15,800,50550
20240202,14:09:35,1.15,250,50550
20240202,14:11:40,1.15,50,50550
20240202,14:12:13,1.15,50,49200
20240202,14:12:42,1.15,3500,49200
20240202,14:14:42,1.15,250,49200
20240202,14:14:48,1.1,500,49200
20240202,14:14:52,1.15,50,49200
20240202,14:17:51,1.15,250,49800
20240202,14:26:44,1.1,100,49550
20240202,14:28:13,1.15,250,49550
20240202,14:29:45,1.15,300,49550
20240202,14:31:10,1.15,50,49000
20240202,14:32:10,1.2,7950,49000
20240202,14:32:11,1.2,5300,49000
20240202,14:32:35,1.2,250,49000
20240202,14:35:04,1.15,1000,40100
20240202,14:35:06,1.15,500,40100
20240202,14:36:07,1.15,50,41600
20240202,14:36:08,1.15,50,41600
20240202,14:36:11,1.15,50,41600
20240202,14:36:17,1.15,50,41600
20240202,14:38:02,1.15,50,41600
20240202,14:38:05,1.15,250,41600
20240202,14:38:26,1.15,250,41600
20240202,14:38:35,1.15,50,41600
20240202,14:39:27,1.15,500,42250
20240202,14:42:28,1.15,50,42250
20240202,14:43:42,1.2,950,42750
20240202,14:44:00,1.15,350,42750
20240202,14:44:15,1.15,100,42750
20240202,14:44:54,1.15,700,42750
20240202,14:45:01,1.15,50,43300
20240202,14:45:10,1.15,50,43300
20240202,14:45:12,1.15,50,43300
20240202,14:45:24,1.15,50,43300
20240202,14:45:34,1.15,50,43300
20240202,14:45:41,1.15,500,43300
20240202,14:45:47,1.15,50,43300
20240202,14:45:54,1.15,50,43300
20240202,14:46:05,1.15,50,43300
20240202,14:46:12,1.15,50,43300
20240202,14:46:13,1.15,250,43300
20240202,14:46:29,1.15,50,43300
20240202,14:46:31,1.15,50,43300
20240202,14:46:56,1.15,50,43300
20240202,14:47:04,1.15,50,43300
20240202,14:47:15,1.15,1900,43300
20240202,14:47:16,1.15,350,43300
20240202,14:49:09,1.1,3600,40850
20240202,14:49:43,1.1,1800,40850
20240202,14:49:47,1.1,200,40850
20240202,14:50:07,1.05,4250,40850
20240202,14:50:33,1.1,500,40850
20240202,14:50:53,1.15,750,40850
20240202,14:51:06,1.1,1200,45750
20240202,14:51:58,1.1,50,45750
20240202,14:51:59,1.05,250,45750
20240202,14:52:32,1.05,100,45750
20240202,14:52:33,1.1,250,45750
20240202,14:52:55,1.05,3600,45750
20240202,14:53:12,1.1,250,45750
20240202,14:53:45,1.1,250,45750
20240202,14:54:14,1.1,1600,47550
20240202,14:55:04,1.1,1300,47550
20240202,14:55:14,1.05,250,47550
20240202,14:55:18,1.15,14700,47550
20240202,14:55:19,1.15,5100,47550
20240202,14:55:19,1.15,1500,47550
20240202,14:55:34,1.15,50,47550
20240202,14:55:35,1.1,250,47550
20240202,14:55:43,1.1,250,47550
20240202,14:56:53,1.05,300,47550
20240202,14:56:54,1.05,100,47550
20240202,14:57:00,1.1,50,47550
20240202,14:58:00,1.1,50,35850
20240202,14:58:43,1.1,50,35850
20240202,14:58:49,1.1,50,35850
20240202,14:59:33,1.05,500,35850
20240202,14:59:34,1.05,100,35850
20240202,14:59:34,1.05,1800,35850
20240202,14:59:35,1.05,400,35850
20240202,14:59:37,1.05,50,35850
20240202,14:59:53,1.05,100,35850
20240202,15:00:03,1.0,3300,35850
20240202,15:00:04,1.0,100,36000
20240202,15:00:05,1.0,400,36000
20240202,15:00:07,1.0,500,36000
20240202,15:00:12,1.0,650,36000
20240202,15:00:18,1.0,500,36000
20240202,15:00:31,1.0,550,36000
20240202,15:00:35,1.0,50,36000
20240202,15:00:43,1.0,50,36000
20240202,15:00:50,1.0,300,36000
20240202,15:01:06,1.0,450,36000
20240202,15:01:16,1.0,250,36000
20240202,15:03:36,1.05,50,36000
20240202,15:03:37,1.05,50,35550
20240202,15:03:37,1.05,600,35550
20240202,15:03:38,1.05,50,35550
20240202,15:03:40,1.05,50,35550
20240202,15:03:45,1.05,1400,35550
20240202,15:04:34,1.05,50,35550
20240202,15:05:04,1.05,2250,35550
20240202,15:05:06,1.05,300,35550
20240202,15:05:24,1.0,150,35550
20240202,15:05:25,1.0,50,35550
20240202,15:05:48,1.05,50,35550
20240202,15:05:50,1.0,50,35550
20240202,15:06:16,1.0,50,33600
20240202,15:06:25,1.05,250,33600
20240202,15:06:49,1.05,250,33600
20240202,15:06:53,1.05,50,33600
20240202,15:07:42,1.1,2700,33600
20240202,15:07:43,1.1,350,33600
20240202,15:07:48,1.1,1200,33600
20240202,15:07:49,1.1,250,33600
20240202,15:08:16,1.05,300,33600
20240202,15:08:27,1.1,500,33600
20240202,15:08:41,1.1,500,33600
20240202,15:08:47,1.1,200,33600
20240202,15:09:30,1.1,50,33600
20240202,15:09:37,1.1,50,33600
20240202,15:09:56,1.05,100,33600
20240202,15:10:11,1.05,300,33600
20240202,15:12:03,1.1,50,33300
20240202,15:12:34,1.1,100,33300
20240202,15:13:07,1.1,250,33300
20240202,15:14:01,1.05,200,33300
20240202,15:14:21,1.1,500,33300
20240202,15:14:28,1.1,1900,33300
20240202,15:14:29,1.05,300,33300
20240202,15:14:31,1.15,150,33300
20240202,15:14:34,1.15,1200,33300
20240202,15:15:05,1.15,50,33300
20240202,15:15:05,1.1,1750,36200
20240202,15:15:18,1.1,100,36200
20240202,15:15:22,1.1,50,36200
20240202,15:15:50,1.15,250,36200
20240202,15:15:50,1.1,300,36200
20240202,15:15:58,1.15,250,36200
20240202,15:16:16,1.15,250,36200
20240202,15:16:37,1.1,1500,36200
20240202,15:16:38,1.1,500,36200
20240202,15:19:07,1.15,150,36200
20240202,15:19:12,1.1,1800,37450
20240202,15:19:36,1.1,100,37450
20240202,15:19:38,1.15,1800,37450
20240202,15:19:43,1.1,100,37450
20240202,15:19:50,1.15,250,37450
20240202,15:19:56,1.1,50,37450
20240202,15:20:00,1.15,200,37450
20240202,15:20:02,1.15,50,37450
20240202,15:20:18,1.1,100,37450
20240202,15:20:21,1.1,50,37450
20240202,15:20:30,1.15,50,37450
20240202,15:20:31,1.1,50,37450
20240202,15:20:41,1.1,50,37450
20240202,15:20:49,1.1,50,37450
20240202,15:21:04,1.1,50,39600
20240202,15:21:12,1.1,500,39600
20240202,15:21:40,1.05,2650,39600
20240202,15:22:15,1.1,1500,39600
20240202,15:22:21,1.05,50,39600
20240202,15:22:26,1.1,1500,39600
20240202,15:22:27,1.05,1850,39600
20240202,15:23:33,1.05,1800,39600
20240202,15:23:45,1.1,50,39600
20240202,15:24:44,1.1,200,41900
20240202,15:25:00,1.05,50,41900
20240202,15:25:10,1.1,750,41900
20240202,15:25:10,1.05,50,41900
20240202,15:25:24,1.1,250,41900
20240202,15:25:36,1.05,2050,41900
20240202,15:25:42,1.05,50,41900
20240202,15:25:57,1.05,900,41900
20240202,15:25:59,1.05,250,41900
20240202,15:26:15,1.1,1250,41900
20240202,15:26:19,1.1,2800,41900
20240202,15:26:21,1.05,450,41900
20240202,15:26:32,1.15,550,41900
20240202,15:26:48,1.05,500,41900
20240202,15:26:53,1.1,250,41900
20240202,15:26:54,1.1,300,41900
20240202,15:26:56,1.1,100,41900
20240202,15:27:17,1.15,500,38850
20240202,15:27:20,1.15,400,38850
20240202,15:27:28,1.15,1550,38850
20240202,15:27:29,1.15,1000,38850
20240202,15:27:44,1.1,350,38850
20240202,15:28:07,1.05,500,38850
20240202,15:28:07,1.1,50,38850
20240202,15:28:18,1.1,50,38850
20240202,15:28:25,1.1,50,38850
20240202,15:28:51,1.1,550,38850
20240202,15:28:54,1.0,150,38850
20240202,15:29:00,1.0,900,38850
20240202,15:29:20,1.05,50,38850
20240202,15:29:28,1.0,600,38850
20240202,15:29:47,0.95,50,38850
20240202,15:29:54,0.95,50,38850
20240202,15:29:57,0.95,250,38850
20240205,09:15:04,1.1,1,36700
20240205,09:15:04,1.35,100,36700
20240205,09:15:09,1.1,500,36700
20240205,09:15:10,1.1,50,36700
20240205,09:15:11,1.1,100,36700
20240205,09:15:12,1.1,150,36700
20240205,09:15:13,1.05,400,36700
20240205,09:15:14,1.1,50,36700
20240205,09:15:15,1.1,550,36700
20240205,09:15:16,1.15,750,36700
20240205,09:15:17,1.15,200,36700
20240205,09:15:18,1.15,1450,36700
20240205,09:15:26,1.15,50,36700
20240205,09:15:31,1.15,100,36700
20240205,09:15:46,1.15,50,36700
20240205,09:16:05,1.05,100,36700
20240205,09:16:08,1.05,150,36700
20240205,09:16:14,1.0,100,37050
20240205,09:16:22,1.0,100,37050
20240205,09:16:24,1.05,50,37050
20240205,09:16:33,1.1,50,37050
20240205,09:16:40,1.05,200,37050
20240205,09:16:54,1.05,350,37050
20240205,09:17:05,1.05,250,37050
20240205,09:17:07,1.05,400,37050
20240205,09:17:09,1.05,50,37050
20240205,09:17:10,1.05,400,37050
20240205,09:17:18,1.0,50,37050
20240205,09:17:27,1.05,300,37050
20240205,09:17:35,1.0,50,37050
20240205,09:17:59,1.05,50,37050
20240205,09:18:55,1.05,50,37050
20240205,09:19:05,1.05,100,37050
20240205,09:19:20,1.05,50,37050
20240205,09:19:25,1.05,100,37700
20240205,09:19:44,1.05,50,37700
20240205,09:20:22,1.05,50,37700
20240205,09:20:41,1.05,2000,37700
20240205,09:21:15,1.0,2000,37700
20240205,09:21:15,1.05,50,37700
20240205,09:21:20,1.05,1000,37700
20240205,09:21:23,1.05,50,37700
20240205,09:21:30,1.05,50,37700
20240205,09:21:35,1.05,1800,37700
20240205,09:21:35,1.05,350,37700
20240205,09:21:40,1.05,1450,37700
20240205,09:21:43,1.05,3800,37700
20240205,09:21:59,1.05,2950,37700
20240205,09:22:24,1.05,50,37700
20240205,09:22:36,1.05,50,41450
20240205,09:23:18,1.05,100,41450
20240205,09:23:19,1.05,1700,41450
20240205,09:23:19,1.05,150,41450
20240205,09:23:21,1.05,50,41450
20240205,09:23:39,1.05,950,41450
20240205,09:23:41,1.1,900,41450
20240205,09:24:26,1.0,50,41450
20240205,09:24:27,1.05,200,41450
20240205,09:24:28,1.05,600,41450
20240205,09:24:29,1.05,150,41450
20240205,09:24:30,1.05,50,41450
20240205,09:24:32,1.05,50,41450
20240205,09:24:37,1.05,100,41450
20240205,09:24:37,1.05,250,41450
20240205,09:24:39,1.05,50,41450
20240205,09:24:41,1.05,50,41450
20240205,09:24:57,1.1,1300,41450
20240205,09:25:03,1.1,50,41450
20240205,09:25:28,1.1,800,41450
20240205,09:25:43,1.1,250,42150
20240205,09:26:16,1.05,900,42150
20240205,09:26:52,1.05,500,42150
20240205,09:27:14,1.05,1150,42150
20240205,09:27:34,1.05,250,42150
20240205,09:27:51,1.05,250,42150
20240205,09:27:57,1.05,250,42150
20240205,09:28:01,1.05,700,42150
20240205,09:28:03,1.05,50,42150
20240205,09:28:04,1.1,700,42150
20240205,09:28:18,1.1,50,42150
20240205,09:29:14,1.1,50,42600
20240205,09:29:22,1.1,450,42600
20240205,09:29:26,1.1,50,42600
20240205,09:29:45,1.05,250,42600
20240205,09:29:46,1.1,300,42600
20240205,09:29:48,1.1,300,42600
20240205,09:29:52,1.05,50,42600
20240205,09:29:55,1.05,50,42600
20240205,09:30:00,1.05,50,42600
20240205,09:30:03,1.05,50,42600
20240205,09:30:04,1.05,50,42600
20240205,09:30:05,1.05,50,42600
20240205,09:30:06,1.05,50,42600
20240205,09:30:10,1.05,50,42600
20240205,09:30:16,1.05,50,42600
20240205,09:30:25,1.05,50,42600
20240205,09:30:58,1.05,1800,42600
20240205,09:31:06,1.0,3700,42600
20240205,09:31:07,1.05,400,42600
20240205,09:31:08,1.05,50,42600
20240205,09:31:23,1.0,1800,43450
20240205,09:32:11,1.05,1250,43450
20240205,09:32:28,1.05,50,43450
20240205,09:33:49,1.0,50,43450
20240205,09:33:54,1.05,150,43450
20240205,09:35:53,1.0,250,44700
20240205,09:35:55,1.0,2000,44700
20240205,09:36:06,1.0,50,44700
20240205,09:38:27,1.0,250,44500
20240205,09:39:31,1.0,1250,44500
20240205,09:39:45,1.0,200,44500
20240205,09:42:46,1.05,50,44950
20240205,09:43:12,1.05,50,44950
20240205,09:43:35,1.05,100,44950
20240205,09:44:35,1.05,50,45000
20240205,09:45:30,1.0,100,45000
20240205,09:45:32,1.0,50,45000
20240205,09:46:04,1.05,50,45000
20240205,09:46:53,1.05,50,45300
20240205,09:47:49,1.0,1000,45300
20240205,09:47:56,1.0,550,45300
20240205,09:48:04,1.05,50,45300
20240205,09:49:22,1.0,950,45550
20240205,09:50:09,1.05,3500,45550
20240205,09:50:37,1.05,400,45550
20240205,09:51:51,1.05,100,45550
20240205,09:52:29,1.1,50,45550
20240205,09:53:01,1.1,50,48650
20240205,09:53:03,1.1,50,48650
20240205,09:53:08,1.1,50,48650
20240205,09:53:31,1.15,1800,48650
20240205,09:53:32,1.1,50,48650
20240205,09:53:37,1.15,900,48650
20240205,09:53:44,1.1,50,48650
20240205,09:53:46,1.05,50,48650
20240205,09:54:11,1.15,150,48650
20240205,09:54:23,1.15,1800,48650
20240205,09:54:27,1.1,150,48650
20240205,09:54:45,1.15,50,48650
20240205,09:55:28,1.15,500,48650
20240205,09:55:34,1.15,100,47900
20240205,09:55:40,1.1,600,47900
20240205,09:55:42,1.15,50,47900
20240205,09:55:48,1.1,1400,47900
20240205,09:57:23,1.1,50,47900
20240205,09:57:24,1.1,50,47900
20240205,09:57:26,1.1,50,47900
20240205,09:57:30,1.1,50,47900
20240205,09:58:44,1.0,3500,47900
20240205,09:59:26,1.1,50,47450
20240205,10:01:15,1.1,50,47450
20240205,10:01:21,1.05,50,45950
20240205,10:01:43,1.0,250,45950
20240205,10:01:56,1.0,500,45950
20240205,10:02:05,1.05,850,45950
20240205,10:03:27,1.05,1500,45950
20240205,10:04:07,1.05,1100,45950
20240205,10:04:31,1.1,50,46750
20240205,10:04:44,1.1,500,46750
20240205,10:04:47,1.1,50,46750
20240205,10:04:49,1.0,1850,46750
20240205,10:04:52,1.1,50,46750
20240205,10:08:21,1.1,50,48600
20240205,10:09:45,1.1,250,48600
20240205,10:10:09,1.0,50,48600
20240205,10:11:25,1.0,250,48850
20240205,10:11:58,1.0,50,48850
20240205,10:12:22,1.0,50,48850
20240205,10:12:43,1.0,50,48850
20240205,10:12:44,1.0,50,48850
20240205,10:14:26,1.0,100,48850
20240205,10:17:18,1.0,750,48800
20240205,10:17:30,1.0,100,48800
20240205,10:18:06,1.0,850,48800
20240205,10:18:29,1.0,250,48800
20240205,10:18:44,1.0,250,48800
20240205,10:18:51,1.0,1800,48800
20240205,10:18:53,1.0,1100,48800
20240205,10:18:55,0.95,1750,48800
20240205,10:18:59,0.95,200,48800
20240205,10:19:00,0.95,1300,48800
20240205,10:19:02,0.95,950,48800
20240205,10:19:02,0.95,300,48800
20240205,10:19:04,0.95,200,48800
20240205,10:19:06,0.95,250,48800
20240205,10:19:07,0.95,100,48800
20240205,10:19:08,0.95,50,48800
20240205,10:19:09,0.9,3800,48800
20240205,10:19:23,0.9,2950,53450
20240205,10:19:28,0.9,100,53450
20240205,10:19:51,0.9,50,53450
20240205,10:19:53,0.9,50,53450
20240205,10:20:16,0.9,50,53450
20240205,10:20:22,0.9,700,53450
20240205,10:20:24,0.9,350,53450
20240205,10:20:25,0.9,250,53450
20240205,10:21:07,0.85,2650,53450
20240205,10:21:08,0.85,3800,53450
20240205,10:21:23,0.85,2250,53450
20240205,10:21:24,0.85,300,53450
20240205,10:21:27,0.85,900,53450
20240205,10:22:08,0.8,250,53450
20240205,10:22:54,0.8,1400,56600
20240205,10:23:05,0.85,100,56600
20240205,10:23:35,0.9,50,56600
20240205,10:24:29,0.8,50,56600
20240205,10:24:30,0.85,50,56600
20240205,10:24:30,0.85,400,56600
20240205,10:24:31,0.85,1500,56600
20240205,10:24:32,0.85,100,56600
20240205,10:24:59,0.8,50,56600
20240205,10:29:26,0.85,50,56600
20240205,10:30:11,0.9,150,59050
20240205,10:30:30,0.85,150,59050
20240205,10:32:08,0.85,50,59000
20240205,10:32:55,0.9,300,59000
20240205,10:36:08,0.9,250,59000
20240205,10:36:40,0.95,100,59000
20240205,10:37:32,0.9,50,59250
20240205,10:40:37,0.9,200,59250
20240205,10:43:46,0.95,150,59250
20240205,10:45:06,0.95,50,59200
20240205,10:46:45,0.95,50,59200
20240205,10:48:03,0.95,100,59200
20240205,10:49:06,0.9,50,59200
20240205,10:49:19,0.9,1000,59200
20240205,10:49:37,0.9,800,59200
20240205,10:50:05,0.9,50,59250
20240205,10:50:41,0.9,1000,59250
20240205,10:51:23,0.9,50,59250
20240205,10:54:13,0.95,50,59250
20240205,10:54:30,0.95,50,58450
20240205,10:58:39,0.95,50,58450
20240205,11:00:12,0.9,100,58550
20240205,11:00:28,0.95,50,58550
20240205,11:00:55,0.95,50,58550
20240205,11:01:55,0.9,50,58550
20240205,11:02:08,0.9,50,58700
20240205,11:06:37,0.9,50,58700
20240205,11:08:58,0.9,50,58700
20240205,11:08:59,0.9,50,58750
20240205,11:13:50,0.95,50,58750
20240205,11:15:37,0.95,100,58750
20240205,11:17:34,0.95,5400,58750
20240205,11:17:56,0.9,100,58750
20240205,11:18:43,0.95,50,58750
20240205,11:18:59,0.95,50,58750
20240205,11:19:02,0.95,3150,58750
20240205,11:19:34,1.0,4350,58450
20240205,11:20:29,0.95,50,58450
20240205,11:20:35,0.95,50,58450
20240205,11:20:47,1.0,50,58450
20240205,11:20:51,0.95,150,58450
20240205,11:21:09,0.95,150,58450
20240205,11:21:15,0.95,150,58450
20240205,11:21:28,1.0,1800,58450
20240205,11:23:25,0.95,50,58450
20240205,11:26:01,0.95,650,58600
20240205,11:29:08,1.0,50,58650
20240205,11:29:41,0.95,100,58650
20240205,11:30:41,0.95,300,58650
20240205,11:31:49,0.95,50,58650
20240205,11:32:19,1.0,300,58700
20240205,11:33:01,0.95,50,58700
20240205,11:33:04,1.0,50,58700
20240205,11:33:53,0.95,150,58700
20240205,11:34:44,1.0,50,58700
20240205,11:36:21,1.0,50,58800
20240205,11:36:22,1.0,50,58800
20240205,11:37:59,1.0,700,58800
20240205,11:38:12,1.0,250,58950
20240205,11:38:44,1.05,100,58950
20240205,11:39:21,1.0,250,58950
20240205,11:39:23,1.0,100,58950
20240205,11:40:19,1.05,50,58950
20240205,11:40:48,1.05,50,59350
20240205,11:40:54,1.05,100,59350
20240205,11:41:52,1.05,200,59350
20240205,11:45:29,1.05,50,59350
20240205,11:52:37,1.05,50,59350
20240205,11:57:05,1.05,500,59400
20240205,11:57:09,1.0,50,59400
20240205,11:57:36,1.0,50,59400
20240205,11:57:37,1.05,600,59400
20240205,11:57:37,1.05,550,59400
20240205,11:57:38,1.1,1800,59400
20240205,11:57:50,1.05,50,59400
20240205,11:58:00,1.05,500,59400
20240205,11:58:30,1.05,1300,59400
20240205,12:00:47,1.1,800,59400
20240205,12:01:19,1.1,50,57700
20240205,12:01:43,1.1,50,58400
20240205,12:01:44,1.1,50,58400
20240205,12:01:48,1.1,50,58400
20240205,12:01:52,1.1,50,58400
20240205,12:02:15,1.1,50,58400
20240205,12:02:31,1.1,1000,58400
20240205,12:02:34,1.1,50,58400
20240205,12:03:32,1.1,100,58400
20240205,12:04:04,1.1,1350,58400
20240205,12:04:16,1.1,50,58400
20240205,12:06:20,1.1,2000,58150
20240205,12:09:07,1.05,50,58150
20240205,12:09:43,1.05,100,58650
20240205,12:13:15,1.05,50,58650
20240205,12:13:35,1.05,50,58750
20240205,12:13:36,1.05,50,58800
20240205,12:16:34,1.05,50,58800
20240205,12:16:52,1.05,50,58800
20240205,12:18:10,1.05,50,58900
20240205,12:18:14,1.1,1800,58900
20240205,12:19:09,1.1,100,58900
20240205,12:19:16,1.1,3250,58900
20240205,12:21:48,1.05,250,57450
20240205,12:24:08,1.1,50,57450
20240205,12:24:57,1.1,100,57300
20240205,12:24:58,1.1,50,57300
20240205,12:28:46,1.05,50,57100
20240205,12:29:24,1.1,900,57100
20240205,12:30:39,1.05,50,57100
20240205,12:35:05,1.05,50,57600
20240205,12:37:51,1.05,50,57600
20240205,12:37:56,1.05,4600,57600
20240205,12:41:56,1.05,50,57600
20240205,12:42:45,1.05,50,54500
20240205,12:43:24,1.0,50,54500
20240205,12:45:42,1.05,50,54500
20240205,12:45:54,1.05,50,54500
20240205,12:48:01,1.05,50,54500
20240205,12:49:11,1.05,300,54400
20240205,12:49:28,1.05,1000,54400
20240205,12:49:30,1.05,50,54400
20240205,12:50:00,1.05,100,54600
20240205,12:50:30,1.05,50,54600
20240205,12:51:12,1.05,150,54600
20240205,12:51:45,1.05,50,54600
20240205,12:52:22,1.05,50,54600
20240205,12:53:08,1.0,50,54650
20240205,12:55:49,1.05,500,54650
20240205,12:56:21,1.05,100,54700
20240205,12:59:37,1.05,100,54700
20240205,13:00:48,1.0,50,55100
20240205,13:00:57,1.0,400,55100
20240205,13:05:32,1.05,50,55100
20240205,13:11:24,1.05,500,55300
20240205,13:11:46,1.05,100,55300
20240205,13:12:01,1.0,50,55300
20240205,13:15:52,1.05,700,55600
20240205,13:18:26,1.0,2150,55600
20240205,13:18:28,1.0,500,56100
20240205,13:22:14,1.05,150,56100
20240205,13:26:12,1.0,950,55300
20240205,13:28:35,1.05,250,55300
20240205,13:29:03,1.05,50,55050
20240205,13:31:05,1.0,100,55050
20240205,13:32:14,1.0,6150,55050
20240205,13:32:50,1.0,400,55050
20240205,13:32:54,0.95,3450,55050
20240205,13:32:55,0.95,250,55050
20240205,13:33:17,1.0,50,55050
20240205,13:34:03,0.95,400,55050
20240205,13:34:31,0.95,2000,55050
20240205,13:37:54,0.95,300,51600
20240205,13:40:53,1.0,250,51300
20240205,13:44:35,0.95,400,51300
20240205,13:47:57,0.95,50,51350
20240205,13:48:12,0.95,50,51350
20240205,13:48:46,0.95,50,51350
20240205,13:49:10,0.95,50,51350
20240205,13:57:54,1.0,250,51550
20240205,13:58:20,1.0,100,51550
20240205,13:59:06,1.0,50,51550
20240205,13:59:40,1.0,1100,51550
20240205,14:01:27,1.05,50,51550
20240205,14:01:33,0.95,150,51550
20240205,14:01:42,1.0,300,51550
20240205,14:02:07,1.05,1450,51800
20240205,14:02:16,1.05,1200,51800
20240205,14:02:45,1.05,4450,51800
20240205,14:02:51,1.1,2000,51800
20240205,14:03:35,1.05,50,51800
20240205,14:03:37,1.1,150,51800
20240205,14:04:30,1.1,850,51800
20240205,14:05:35,1.1,50,51800
20240205,14:05:37,1.1,150,56450
20240205,14:05:51,1.1,500,56450
20240205,14:06:07,1.1,150,56450
20240205,14:06:45,1.1,100,56450
20240205,14:06:46,1.1,850,56450
20240205,14:06:47,1.05,50,56450
20240205,14:06:49,1.1,400,56450
20240205,14:07:00,1.1,1500,56450
20240205,14:07:07,1.15,350,56450
20240205,14:09:40,1.05,50,56450
20240205,14:11:10,1.15,100,55800
20240205,14:11:16,1.15,100,55800
20240205,14:11:23,1.05,100,55800
20240205,14:13:37,1.1,1350,55800
20240205,14:13:55,1.1,100,55800
20240205,14:14:07,1.1,1700,55800
20240205,14:14:16,1.05,250,55800
20240205,14:14:32,1.05,250,55800
20240205,14:14:46,1.0,100,55800
20240205,14:14:50,1.05,50,55800
20240205,14:15:03,1.05,250,55800
20240205,14:15:07,1.05,200,55800
20240205,14:16:07,1.0,450,55800
20240205,14:17:07,1.1,150,54950
20240205,14:17:18,1.05,50,54950
20240205,14:17:37,1.1,1100,54950
20240205,14:18:07,1.1,750,54950
20240205,14:18:26,1.05,50,54950
20240205,14:18:37,1.1,250,54950
20240205,14:20:23,1.05,50,56700
20240205,14:20:42,1.1,500,56700
20240205,14:20:57,1.1,4600,56700
20240205,14:21:09,1.15,100,56700
20240205,14:21:19,1.15,50,56700
20240205,14:21:22,1.1,50,56700
20240205,14:22:01,1.15,800,56700
20240205,14:22:51,1.15,3550,56700
20240205,14:22:52,1.15,1100,56700
20240205,14:23:16,1.2,50,61000
20240205,14:23:17,1.15,50,61000
20240205,14:23:18,1.15,100,61000
20240205,14:23:20,1.15,50,61000
20240205,14:23:21,1.15,50,61000
20240205,14:23:54,1.15,700,61000
20240205,14:24:03,1.15,900,61000
20240205,14:24:34,1.15,250,61000
20240205,14:24:40,1.15,250,61000
20240205,14:25:01,1.15,400,61000
20240205,14:25:19,1.15,50,61000
20240205,14:25:47,1.15,500,61000
20240205,14:26:02,1.15,350,57600
20240205,14:27:05,1.15,250,57600
20240205,14:27:24,1.2,250,57600
20240205,14:27:26,1.15,300,57600
20240205,14:27:27,1.15,50,57600
20240205,14:27:37,1.2,400,57600
20240205,14:28:22,1.15,250,57600
20240205,14:28:24,1.15,1200,57600
20240205,14:28:29,1.1,1800,57600
20240205,14:28:44,1.15,500,57600
20240205,14:30:00,1.1,700,60650
20240205,14:30:07,1.1,1800,60650
20240205,14:30:21,1.1,100,60650
20240205,14:31:00,1.1,50,60650
20240205,14:31:17,1.1,50,60650
20240205,14:31:30,1.1,50,60650
20240205,14:32:48,1.1,1800,60650
20240205,14:32:54,1.1,100,60000
20240205,14:33:07,1.1,250,60000
20240205,14:33:09,1.05,550,60000
20240205,14:33:46,1.05,850,60000
20240205,14:33:48,1.1,50,60000
20240205,14:33:49,1.1,50,60000
20240205,14:34:19,1.1,2050,60000
20240205,14:34:20,1.1,50,60000
20240205,14:34:22,1.1,900,60000
20240205,14:34:31,1.1,50,60000
20240205,14:34:33,1.1,500,60000
20240205,14:34:34,1.05,350,60000
20240205,14:34:46,1.05,50,60000
20240205,14:35:07,1.1,250,63250
20240205,14:35:19,1.05,50,63250
20240205,14:35:22,1.1,600,63250
20240205,14:35:36,1.1,100,63250
20240205,14:35:42,1.05,1700,63250
20240205,14:35:59,1.1,100,63250
20240205,14:36:05,1.0,50,63250
20240205,14:36:07,1.05,600,63250
20240205,14:36:08,1.05,250,63250
20240205,14:36:09,1.05,100,63250
20240205,14:36:13,1.0,100,63250
20240205,14:36:18,1.0,50,63250
20240205,14:36:36,0.95,6150,63250
20240205,14:36:45,0.95,50,63250
20240205,14:37:31,1.0,50,63250
20240205,14:38:02,1.0,2250,66350
20240205,14:38:12,0.95,50,66350
20240205,14:38:51,0.95,350,66350
20240205,14:38:57,0.95,100,66350
20240205,14:38:58,0.95,1100,66350
20240205,14:39:15,0.95,800,66350
20240205,14:39:16,0.95,500,66350
20240205,14:39:23,0.9,250,66350
20240205,14:39:53,0.9,900,66350
20240205,14:40:11,0.95,50,66350
20240205,14:40:12,0.95,250,66350
20240205,14:40:36,0.9,1800,66350
20240205,14:40:43,0.9,1450,66350
20240205,14:40:46,0.85,4100,66350
20240205,14:41:09,0.9,3300,68900
20240205,14:41:10,0.85,1000,68900
20240205,14:41:46,0.85,50,68900
20240205,14:42:40,0.9,250,68900
20240205,14:42:42,0.9,450,68900
20240205,14:42:58,0.85,50,68900
20240205,14:42:59,0.85,100,68900
20240205,14:43:04,0.95,50,68900
20240205,14:43:05,0.9,650,68900
20240205,14:43:13,0.9,50,68900
20240205,14:43:15,0.85,50,68900
20240205,14:43:25,0.9,50,68900
20240205,14:43:30,0.85,50,68900
20240205,14:43:36,0.9,550,68900
20240205,14:43:37,0.9,50,68900
20240205,14:43:38,0.9,2300,68900
20240205,14:43:49,0.9,150,68900
20240205,14:45:14,0.85,1250,69850
20240205,14:45:15,0.85,50,69850
20240205,14:45:25,0.85,50,69850
20240205,14:45:27,0.85,150,69850
20240205,14:45:45,0.85,250,69850
20240205,14:46:03,0.9,50,69850
20240205,14:46:04,0.9,200,69850
20240205,14:46:05,0.9,100,69850
20240205,14:46:10,0.85,100,69850
20240205,14:46:46,0.9,200,69850
20240205,14:47:30,0.85,200,69850
20240205,14:47:32,0.85,150,69950
20240205,14:47:33,0.85,100,69950
20240205,14:47:34,0.85,50,69950
20240205,14:47:41,0.85,250,69950
20240205,14:47:42,0.85,50,69950
20240205,14:47:44,0.85,250,69950
20240205,14:47:48,0.85,50,69950
20240205,14:48:21,0.8,150,69950
20240205,14:48:23,0.8,250,69950
20240205,14:48:45,0.8,1150,69950
20240205,14:49:15,0.8,50,69950
20240205,14:49:16,0.8,50,69950
20240205,14:49:17,0.8,50,69950
20240205,14:49:18,0.8,50,69950
20240205,14:49:19,0.8,50,69950
20240205,14:49:20,0.8,50,69950
20240205,14:49:21,0.8,50,69950
20240205,14:49:22,0.8,50,69950
20240205,14:49:23,0.8,50,69950
20240205,14:49:24,0.8,50,69950
20240205,14:49:25,0.8,50,69950
20240205,14:49:26,0.8,50,69950
20240205,14:49:27,0.8,50,69950
20240205,14:49:30,0.8,50,69950
20240205,14:49:31,0.8,50,69950
20240205,14:49:32,0.8,50,69950
20240205,14:49:33,0.8,50,69950
20240205,14:49:34,0.8,100,69950
20240205,14:49:35,0.8,50,69950
20240205,14:49:36,0.8,50,69950
20240205,14:49:37,0.8,50,69950
20240205,14:49:38,0.8,50,69950
20240205,14:49:39,0.8,50,69950
20240205,14:49:40,0.8,50,69950
20240205,14:49:41,0.8,50,69950
20240205,14:49:42,0.8,50,69950
20240205,14:49:44,0.8,750,69950
20240205,14:49:45,0.8,50,69950
20240205,14:49:46,0.8,50,69950
20240205,14:49:47,0.8,50,69950
20240205,14:49:48,0.8,50,69950
20240205,14:49:49,0.8,50,69950
20240205,14:49:50,0.8,50,69950
20240205,14:49:51,0.8,50,69950
20240205,14:49:52,0.8,50,69950
20240205,14:49:53,0.8,50,69950
20240205,14:49:54,0.8,50,69950
20240205,14:49:56,0.85,50,69950
20240205,14:49:57,0.85,50,69950
20240205,14:49:58,0.85,50,70800
20240205,14:49:59,0.85,50,70800
20240205,14:50:00,0.85,50,70800
20240205,14:50:01,0.85,50,70800
20240205,14:50:02,0.85,50,70800
20240205,14:50:03,0.85,50,70800
20240205,14:50:04,0.85,50,70800
20240205,14:50:05,0.85,50,70800
20240205,14:50:06,0.85,50,70800
20240205,14:50:07,0.85,50,70800
20240205,14:50:08,0.85,50,70800
20240205,14:50:09,0.85,50,70800
20240205,14:50:10,0.85,50,70800
20240205,14:50:11,0.85,50,70800
20240205,14:50:24,0.85,100,70800
20240205,14:50:34,0.85,700,70800
20240205,14:50:55,0.85,50,70800
20240205,14:50:56,0.85,50,70800
20240205,14:50:57,0.85,300,70800
20240205,14:50:58,0.85,50,70800
20240205,14:50:59,0.85,300,70800
20240205,14:51:00,0.85,50,70800
20240205,14:51:01,0.85,100,70800
20240205,14:51:02,0.85,50,70800
20240205,14:51:03,0.85,100,70800
20240205,14:51:04,0.85,50,70800
20240205,14:51:05,0.85,100,70800
20240205,14:51:07,0.85,350,70800
20240205,14:51:34,0.85,300,70800
20240205,14:51:39,0.85,50,70800
20240205,14:51:40,0.85,50,70800
20240205,14:51:41,0.85,50,70800
20240205,14:51:42,0.85,50,70800
20240205,14:51:47,0.85,50,70800
20240205,14:51:48,0.85,50,70800
20240205,14:51:49,0.85,50,70800
20240205,14:51:50,0.85,50,70800
20240205,14:51:51,0.85,50,70800
20240205,14:51:52,0.85,50,70800
20240205,14:51:53,0.85,50,70800
20240205,14:51:54,0.85,50,70800
20240205,14:51:55,0.85,50,70800
20240205,14:51:56,0.85,50,70800
20240205,14:51:57,0.85,50,70800
20240205,14:51:58,0.85,50,70800
20240205,14:51:59,0.85,50,70800
20240205,14:52:00,0.85,50,70800
20240205,14:52:01,0.85,50,70800
20240205,14:52:02,0.85,50,70800
20240205,14:52:03,0.85,50,70800
20240205,14:52:04,0.85,50,70800
20240205,14:52:05,0.85,50,70800
20240205,14:52:06,0.85,50,70800
20240205,14:52:07,0.85,50,70800
20240205,14:52:08,0.85,50,70800
20240205,14:52:09,0.85,300,70800
20240205,14:52:10,0.85,300,70800
20240205,14:52:11,0.85,50,70800
20240205,14:52:12,0.85,50,70800
20240205,14:52:46,0.85,50,70800
20240205,14:53:12,0.85,1800,70800
20240205,14:53:23,0.85,900,73150
20240205,14:53:29,0.85,550,73150
20240205,14:53:30,0.85,150,73150
20240205,14:53:34,0.9,250,73150
20240205,14:53:44,0.85,750,73150
20240205,14:53:45,0.9,50,73150
20240205,14:53:46,0.9,50,73150
20240205,14:53:47,0.9,50,73150
20240205,14:53:49,0.9,100,73150
20240205,14:53:50,0.9,50,73150
20240205,14:53:51,0.85,100,73150
20240205,14:53:52,0.85,500,73150
20240205,14:53:54,0.85,350,73150
20240205,14:53:56,0.85,150,73150
20240205,14:53:57,0.85,800,73150
20240205,14:53:58,0.85,100,73150
20240205,14:53:59,0.85,100,73150
20240205,14:54:01,0.9,100,73150
20240205,14:54:02,0.85,50,73150
20240205,14:54:06,0.9,100,73150
20240205,14:54:08,0.9,100,73150
20240205,14:54:10,0.9,100,73150
20240205,14:54:11,0.9,50,73150
20240205,14:54:12,0.9,50,73150
20240205,14:54:13,0.9,50,73150
20240205,14:54:14,0.9,1800,73150
20240205,14:54:15,0.9,50,73150
20240205,14:54:16,0.9,50,73150
20240205,14:54:17,0.9,550,73150
20240205,14:54:18,0.95,50,73150
20240205,14:54:22,0.95,50,73150
20240205,14:54:23,0.95,50,73150
20240205,14:54:25,0.95,100,73150
20240205,14:54:26,0.95,50,73150
20240205,14:54:27,0.9,500,73150
20240205,14:54:28,0.9,200,73150
20240205,14:54:36,0.85,250,73150
20240205,14:54:37,0.85,250,73150
20240205,14:54:43,0.9,1100,73150
20240205,14:55:22,0.9,50,73150
20240205,14:55:23,0.9,50,73150
20240205,14:55:28,0.9,50,73150
20240205,14:55:35,0.9,50,73150
20240205,14:55:39,0.9,50,73150
20240205,14:55:41,0.9,100,73150
20240205,14:55:44,0.95,50,73150
20240205,14:55:45,0.9,50,73150
20240205,14:55:46,0.9,250,73150
20240205,14:55:47,0.9,200,73150
20240205,14:55:48,0.9,200,73150
20240205,14:55:49,0.95,50,73150
20240205,14:55:50,0.9,200,73150
20240205,14:56:44,0.9,50,73100
20240205,14:56:47,0.85,400,73100
20240205,14:56:56,0.9,50,73100
20240205,14:56:57,0.9,400,73100
20240205,14:56:58,0.9,100,73100
20240205,14:57:01,0.9,50,73100
20240205,14:57:02,0.9,50,73100
20240205,14:57:05,0.95,50,73100
20240205,14:57:06,0.9,50,73100
20240205,14:57:09,0.95,50,73100
20240205,14:57:10,0.9,300,73100
20240205,14:57:11,0.9,50,73100
20240205,14:57:12,0.9,50,73100
20240205,14:57:13,0.9,100,73100
20240205,14:57:14,0.95,50,73100
20240205,14:57:17,0.95,50,73100
20240205,14:58:25,0.9,6900,73100
20240205,14:58:48,0.85,250,73100
20240205,14:58:55,0.9,500,73100
20240205,14:59:03,0.85,500,77950
20240205,14:59:06,0.85,500,77950
20240205,14:59:06,0.85,750,77950
20240205,14:59:23,0.9,2600,77950
20240205,15:00:04,0.9,250,77950
20240205,15:00:06,0.9,350,77950
20240205,15:00:11,0.9,500,77950
20240205,15:00:15,0.9,200,77950
20240205,15:00:23,0.9,1900,77950
20240205,15:00:43,0.9,200,77950
20240205,15:00:44,0.9,100,77950
20240205,15:00:49,0.9,100,77950
20240205,15:01:11,0.9,100,77950
20240205,15:01:18,0.9,900,77950
20240205,15:01:38,0.85,50,77950
20240205,15:01:51,0.9,450,77950
20240205,15:02:22,0.9,250,74250
20240205,15:02:34,0.9,200,74250
20240205,15:02:52,0.85,250,74250
20240205,15:03:01,0.9,250,74250
20240205,15:03:22,0.85,400,74250
20240205,15:03:25,0.85,350,74250
20240205,15:04:19,0.9,250,74250
20240205,15:04:44,0.9,50,74250
20240205,15:04:51,0.9,200,74250
20240205,15:05:35,0.9,1200,73650
20240205,15:05:50,0.9,700,73650
20240205,15:05:51,0.9,250,73650
20240205,15:07:07,0.85,50,73650
20240205,15:08:19,0.9,2850,73650
20240205,15:10:21,0.9,50,72700
20240205,15:10:59,0.95,50,72700
20240205,15:11:00,0.95,50,72700
20240205,15:11:01,0.95,50,72700
20240205,15:11:02,0.95,50,74200
20240205,15:11:03,0.95,50,74200
20240205,15:11:03,0.95,350,74200
20240205,15:11:04,0.95,250,74200
20240205,15:11:05,0.95,250,74200
20240205,15:11:06,0.95,500,74200
20240205,15:11:07,0.95,500,74200
20240205,15:11:10,1.0,50,74200
20240205,15:11:12,0.95,50,74200
20240205,15:11:13,1.0,50,74200
20240205,15:11:14,1.0,150,74200
20240205,15:11:15,1.0,50,74200
20240205,15:11:16,0.9,500,74200
20240205,15:11:17,0.95,50,74200
20240205,15:11:19,1.0,50,74200
20240205,15:11:22,1.0,150,74200
20240205,15:11:25,1.0,150,74200
20240205,15:11:28,1.0,150,74200
20240205,15:11:31,1.0,150,74200
20240205,15:11:32,0.95,50,74200
20240205,15:11:33,0.95,50,74200
20240205,15:11:34,0.95,50,74200
20240205,15:11:35,0.95,50,74200
20240205,15:11:36,0.95,50,74200
20240205,15:11:37,0.95,50,74200
20240205,15:11:38,0.95,150,74200
20240205,15:11:41,1.0,150,74200
20240205,15:11:44,1.0,50,74200
20240205,15:11:45,0.95,50,74200
20240205,15:11:46,1.0,50,74200
20240205,15:11:47,0.95,50,74200
20240205,15:11:48,0.95,50,74200
20240205,15:11:49,0.95,50,74200
20240205,15:11:50,0.95,50,74200
20240205,15:11:51,0.95,50,74200
20240205,15:11:52,0.95,50,74200
20240205,15:11:53,0.95,50,74200
20240205,15:11:54,0.95,50,74200
20240205,15:11:55,0.95,50,74200
20240205,15:11:56,0.95,50,74200
20240205,15:11:57,0.95,50,74200
20240205,15:11:58,0.95,50,74200
20240205,15:11:59,0.95,150,74200
20240205,15:12:00,0.95,150,74200
20240205,15:12:01,0.95,50,74200
20240205,15:12:02,0.95,50,74200
20240205,15:12:11,0.95,50,74200
20240205,15:12:12,0.95,50,74200
20240205,15:12:13,0.95,150,74200
20240205,15:12:14,0.95,150,74200
20240205,15:12:15,0.95,50,74200
20240205,15:12:27,0.95,50,74200
20240205,15:12:29,0.95,100,74200
20240205,15:12:56,0.95,50,74200
20240205,15:12:57,0.95,50,74200
20240205,15:12:58,0.95,50,74200
20240205,15:12:59,0.95,50,74200
20240205,15:13:00,0.95,50,74200
20240205,15:13:42,0.95,50,74200
20240205,15:13:43,0.95,100,74200
20240205,15:14:29,0.95,100,74200
20240205,15:14:31,0.95,400,74750
20240205,15:14:31,0.95,1200,74750
20240205,15:14:44,0.95,350,74750
20240205,15:14:48,0.95,50,74750
20240205,15:14:49,0.95,300,74750
20240205,15:14:53,0.95,650,74750
20240205,15:15:12,0.9,1850,74750
20240205,15:15:13,0.9,1850,74750
20240205,15:15:14,0.9,1000,74750
20240205,15:15:16,0.85,800,74750
20240205,15:15:17,0.85,3100,74750
20240205,15:15:18,0.85,2750,74750
20240205,15:15:21,0.8,2200,74750
20240205,15:15:23,0.8,50,74750
20240205,15:15:23,0.8,100,74750
20240205,15:15:24,0.75,1000,74750
20240205,15:16:05,0.75,50,74750
20240205,15:16:07,0.85,250,74750
20240205,15:16:08,0.85,550,74750
20240205,15:16:21,0.85,650,74750
20240205,15:16:24,0.85,1000,74750
20240205,15:16:25,0.85,50,74750
20240205,15:16:26,0.85,50,74750
20240205,15:16:29,0.85,50,74750
20240205,15:16:30,0.8,650,74750
20240205,15:16:52,0.8,250,74750
20240205,15:17:04,0.8,250,69800
20240205,15:17:06,0.8,100,69800
20240205,15:17:09,0.8,50,69800
20240205,15:17:20,0.8,950,69800
20240205,15:17:21,0.8,800,69800
20240205,15:17:23,0.8,50,69800
20240205,15:17:26,0.8,50,69800
20240205,15:17:36,0.8,600,69800
20240205,15:17:39,0.75,1200,69800
20240205,15:17:46,0.8,1000,69800
20240205,15:17:47,0.75,500,69800
20240205,15:17:48,0.8,1300,69800
20240205,15:17:58,0.8,1900,69800
20240205,15:18:08,0.75,100,69800
20240205,15:18:21,0.75,500,69800
20240205,15:18:22,0.7,700,69800
20240205,15:18:24,0.7,750,69800
20240205,15:18:27,0.7,900,69800
20240205,15:18:33,0.7,1950,69800
20240205,15:18:34,0.7,50,69800
20240205,15:18:36,0.7,50,69800
20240205,15:18:37,0.75,50,69800
20240205,15:19:01,0.75,50,69800
20240205,15:19:04,0.75,150,69800
20240205,15:19:05,0.75,50,69800
20240205,15:19:10,0.8,1000,69800
20240205,15:19:11,0.75,650,69800
20240205,15:19:12,0.75,900,69800
20240205,15:19:13,0.75,450,69800
20240205,15:19:14,0.8,1300,69800
20240205,15:19:15,0.75,350,69800
20240205,15:19:16,0.75,150,69800
20240205,15:19:17,0.75,100,69800
20240205,15:19:18,0.75,1000,69800
20240205,15:19:21,0.75,250,69800
20240205,15:19:22,0.75,500,69800
20240205,15:19:30,0.8,1200,69800
20240205,15:19:32,0.8,1200,69800
20240205,15:19:36,0.8,50,69800
20240205,15:19:37,0.8,300,69800
20240205,15:19:40,0.75,100,69800
20240205,15:20:03,0.75,100,68550
20240205,15:20:04,0.8,50,68550
20240205,15:20:08,0.8,50,68550
20240205,15:20:51,0.8,150,68550
20240205,15:21:22,0.8,200,68550
20240205,15:21:59,0.8,900,68550
20240205,15:22:02,0.8,1200,68550
20240205,15:22:19,0.75,50,68550
20240205,15:22:20,0.8,200,68550
20240205,15:22:21,0.8,1800,68550
20240205,15:22:22,0.8,1800,68550
20240205,15:22:23,0.8,1800,68550
20240205,15:22:26,0.8,50,68550
20240205,15:22:31,0.75,50,68550
20240205,15:22:34,0.8,300,68550
20240205,15:22:36,0.8,250,68550
20240205,15:22:42,0.8,50,68550
20240205,15:22:44,0.75,200,68550
20240205,15:22:55,0.75,600,68550
20240205,15:23:28,0.8,250,71850
20240205,15:23:58,0.75,500,71850
20240205,15:24:02,0.75,50,71850
20240205,15:24:16,0.8,1800,71850
20240205,15:24:16,0.8,200,71850
20240205,15:24:46,0.75,250,71850
20240205,15:24:56,0.75,50,71850
20240205,15:25:06,0.75,50,71850
20240205,15:25:13,0.75,50,71850
20240205,15:25:15,0.75,150,71850
20240205,15:25:20,0.8,2000,71850
20240205,15:25:39,0.7,2000,71850
20240205,15:25:48,0.7,50,71850
20240205,15:25:49,0.7,50,71850
20240205,15:25:49,0.7,500,71850
20240205,15:25:51,0.7,50,71850
20240205,15:26:00,0.75,100,71850
20240205,15:26:01,0.75,100,71850
20240205,15:26:13,0.8,1750,71850
20240205,15:27:08,0.75,1050,68100
20240205,15:27:15,0.75,50,68100
20240205,15:27:20,0.7,50,68100
20240205,15:27:27,0.75,450,68100
20240205,15:27:28,0.75,50,68100
20240205,15:27:29,0.75,50,68100
20240205,15:27:30,0.75,50,68100
20240205,15:27:32,0.75,50,68100
20240205,15:27:33,0.75,100,68100
20240205,15:27:34,0.75,50,68100
20240205,15:27:36,0.75,50,68100
20240205,15:27:37,0.75,50,68100
20240205,15:27:38,0.75,350,68100
20240205,15:28:57,0.75,50,68100
20240205,15:29:14,0.7,100,68100
20240205,15:29:22,0.7,2800,67400
20240205,15:29:25,0.7,250,67400
20240205,15:29:49,0.7,100,67400
20240206,09:15:01,0.65,1,67400
20240206,09:15:01,0.65,50,67400
20240206,09:15:02,0.7,100,67400
20240206,09:15:04,0.8,250,67400
20240206,09:15:05,0.8,150,67400
20240206,09:15:06,0.8,1100,67400
20240206,09:15:07,0.8,1000,67400
20240206,09:15:08,0.8,100,67400
20240206,09:15:09,0.8,1950,67400
20240206,09:15:10,0.75,1200,67400
20240206,09:15:13,0.75,200,67400
20240206,09:15:20,0.75,550,67400
20240206,09:15:36,0.7,1550,67400
20240206,09:15:47,0.7,700,67400
20240206,09:15:58,0.75,2450,67400
20240206,09:16:16,0.75,900,67400
20240206,09:16:34,0.75,150,67400
20240206,09:16:34,0.75,700,62500
20240206,09:16:35,0.7,50,62500
20240206,09:16:48,0.7,100,62500
20240206,09:17:04,0.8,1200,62500
20240206,09:17:19,0.75,1250,62500
20240206,09:17:19,0.75,600,62500
20240206,09:17:20,0.75,550,62500
20240206,09:17:25,0.75,50,62500
20240206,09:17:38,0.8,350,62500
20240206,09:17:39,0.8,3500,62500
20240206,09:18:41,0.8,150,62500
20240206,09:19:07,0.75,1800,62500
20240206,09:19:10,0.75,50,62500
20240206,09:19:13,0.7,250,62500
20240206,09:19:20,0.75,100,62500
20240206,09:19:51,0.75,400,62500
20240206,09:19:53,0.75,150,61200
20240206,09:19:57,0.7,1600,61200
20240206,09:19:59,0.65,750,61200
20240206,09:20:06,0.75,1000,61200
20240206,09:20:12,0.75,50,61200
20240206,09:20:31,0.75,1800,61200
20240206,09:20:38,0.75,50,61200
20240206,09:21:16,0.75,400,61200
20240206,09:21:17,0.75,100,61200
20240206,09:21:20,0.75,50,61200
20240206,09:21:25,0.75,200,61200
20240206,09:21:53,0.75,100,61200
20240206,09:21:54,0.75,450,61200
20240206,09:22:03,0.7,1000,61200
20240206,09:22:34,0.75,50,61200
20240206,09:22:50,0.75,800,61150
20240206,09:23:02,0.75,100,61150
20240206,09:23:06,0.75,50,61150
20240206,09:23:08,0.75,50,61150
20240206,09:23:11,0.75,5700,61150
20240206,09:23:22,0.8,250,61150
20240206,09:23:34,0.8,100,61150
20240206,09:23:52,0.75,700,61150
20240206,09:23:55,0.75,250,61150
20240206,09:24:27,0.8,100,61150
20240206,09:25:05,0.75,100,61150
20240206,09:25:06,0.8,600,61150
20240206,09:25:17,0.75,1000,61150
20240206,09:25:18,0.75,100,61150
20240206,09:25:21,0.75,500,61150
20240206,09:25:57,0.8,50,63850
20240206,09:26:00,0.8,50,63850
20240206,09:26:03,0.8,50,63850
20240206,09:26:31,0.75,50,63850
20240206,09:26:48,0.8,50,63850
20240206,09:26:59,0.75,1800,63850
20240206,09:27:43,0.7,950,63850
20240206,09:28:08,0.75,50,63850
20240206,09:28:09,0.75,100,63850
20240206,09:28:10,0.75,1800,63850
20240206,09:28:16,0.75,1800,63850
20240206,09:28:40,0.8,50,64650
20240206,09:28:41,0.8,50,64650
20240206,09:28:42,0.8,50,64650
20240206,09:28:43,0.8,50,64650
20240206,09:28:44,0.8,50,64650
20240206,09:28:45,0.8,50,64650
20240206,09:28:45,0.75,50,64650
20240206,09:28:46,0.8,50,64650
20240206,09:28:47,0.8,50,64650
20240206,09:28:48,0.8,50,64650
20240206,09:28:49,0.8,50,64650
20240206,09:28:50,0.8,50,64650
20240206,09:28:51,0.8,50,64650
20240206,09:28:52,0.8,50,64650
20240206,09:28:53,0.8,50,64650
20240206,09:28:54,0.8,50,64650
20240206,09:28:55,0.8,50,64650
20240206,09:28:56,0.8,50,64650
20240206,09:28:57,0.8,50,64650
20240206,09:28:58,0.8,2350,64650
20240206,09:28:59,0.8,50,64650
20240206,09:29:00,0.8,50,64650
20240206,09:29:01,0.8,50,64650
20240206,09:29:02,0.8,50,64650
20240206,09:29:03,0.8,50,64650
20240206,09:29:04,0.8,50,64650
20240206,09:29:05,0.8,50,64650
20240206,09:29:06,0.8,50,64650
20240206,09:29:07,0.8,50,64650
20240206,09:29:13,0.8,50,64650
20240206,09:29:14,0.75,100,64650
20240206,09:29:15,0.8,50,64650
20240206,09:29:17,0.8,50,64650
20240206,09:29:18,0.8,50,64650
20240206,09:29:25,0.8,50,64650
20240206,09:29:26,0.8,50,64650
20240206,09:29:27,0.8,50,64650
20240206,09:29:28,0.8,50,64650
20240206,09:29:29,0.8,50,64650
20240206,09:29:30,0.8,50,64650
20240206,09:29:31,0.75,300,64650
20240206,09:29:32,0.8,50,64650
20240206,09:29:33,0.8,50,64650
20240206,09:29:34,0.8,50,64650
20240206,09:29:36,0.8,50,64650
20240206,09:29:37,0.8,50,64650
20240206,09:29:38,0.8,50,64650
20240206,09:29:39,0.8,50,64650
20240206,09:29:40,0.8,50,64650
20240206,09:29:41,0.8,50,64650
20240206,09:29:42,0.8,50,64650
20240206,09:29:43,0.8,50,64650
20240206,09:29:44,0.8,50,64650
20240206,09:29:45,0.8,50,64650
20240206,09:29:46,0.8,50,64650
20240206,09:29:47,0.8,50,64650
20240206,09:29:48,0.8,50,64650
20240206,09:29:49,0.8,50,64650
20240206,09:29:50,0.8,50,64650
20240206,09:29:51,0.8,50,64650
20240206,09:29:52,0.8,50,64650
20240206,09:29:53,0.8,50,64650
20240206,09:29:54,0.8,50,64650
20240206,09:29:55,0.8,600,64650
20240206,09:29:56,0.8,50,64650
20240206,09:29:57,0.8,50,64650
20240206,09:29:58,0.8,50,64650
20240206,09:29:59,0.8,50,64650
20240206,09:30:00,0.8,50,64650
20240206,09:30:01,0.8,50,64650
20240206,09:30:02,0.8,50,64650
20240206,09:30:03,0.8,50,64650
20240206,09:30:04,0.8,300,64650
20240206,09:30:05,0.8,50,64650
20240206,09:30:16,0.75,50,64650
20240206,09:30:24,0.75,50,64650
20240206,09:30:28,0.8,50,64650
20240206,09:30:33,0.8,50,64650
20240206,09:30:34,0.8,50,64650
20240206,09:30:38,0.75,500,64650
20240206,09:30:41,0.75,50,64650
20240206,09:30:42,0.75,3600,64650
20240206,09:30:48,0.75,50,64650
20240206,09:30:49,0.75,50,64650
20240206,09:30:50,0.75,50,64650
20240206,09:30:51,0.75,50,64650
20240206,09:30:52,0.75,50,64650
20240206,09:30:53,0.75,50,64650
20240206,09:30:54,0.75,50,64650
20240206,09:31:07,0.75,50,64650
20240206,09:31:15,0.7,200,64650
20240206,09:31:17,0.75,150,64650
20240206,09:32:20,0.7,50,63050
20240206,09:32:28,0.7,50,63050
20240206,09:35:35,0.75,50,63050
20240206,09:35:38,0.75,50,62950
20240206,09:35:44,0.75,50,62950
20240206,09:35:48,0.75,50,62950
20240206,09:35:51,0.75,600,62950
20240206,09:36:23,0.75,400,62950
20240206,09:36:30,0.75,1800,62950
20240206,09:36:31,0.75,1850,62950
20240206,09:36:32,0.75,450,62950
20240206,09:36:39,0.75,50,62950
20240206,09:36:43,0.75,100,62950
20240206,09:37:01,0.75,50,62950
20240206,09:37:27,0.75,550,62950
20240206,09:37:44,0.75,50,62950
20240206,09:39:56,0.8,200,64100
20240206,09:41:21,0.8,50,63400
20240206,09:42:11,0.7,1800,63400
20240206,09:42:19,0.7,900,63400
20240206,09:44:12,0.75,50,63400
20240206,09:44:13,0.75,100,62800
20240206,09:44:14,0.7,200,62800
20240206,09:44:15,0.7,200,62800
20240206,09:44:16,0.7,200,62800
20240206,09:44:23,0.75,50,62800
20240206,09:44:27,0.7,200,62800
20240206,09:44:28,0.7,200,62800
20240206,09:44:44,0.7,150,62800
20240206,09:44:47,0.75,50,62800
20240206,09:46:28,0.7,1800,62800
20240206,09:46:56,0.7,800,62250
20240206,09:47:49,0.75,50,62250
20240206,09:48:31,0.75,50,62250
20240206,09:49:43,0.75,50,61100
20240206,09:50:00,0.75,50,61100
20240206,09:50:24,0.75,50,61100
20240206,09:50:38,0.75,700,61100
20240206,09:51:17,0.75,50,61100
20240206,09:51:33,0.75,950,61100
20240206,09:51:44,0.75,200,61100
20240206,09:51:45,0.7,1800,61100
20240206,09:51:46,0.65,3200,61100
20240206,09:51:49,0.75,600,61100
20240206,09:52:13,0.75,4000,61100
20240206,09:52:18,0.75,50,61100
20240206,09:52:26,0.8,50,61100
20240206,09:53:13,0.8,500,60300
20240206,09:54:15,0.8,50,60300
20240206,09:55:44,0.75,50,60550
20240206,09:58:00,0.8,250,60550
20240206,09:58:05,0.8,100,60550
20240206,09:58:10,0.8,100,60550
20240206,09:58:22,0.8,1800,60550
20240206,09:58:23,0.8,1800,60550
20240206,09:58:24,0.8,1800,60550
20240206,09:58:26,0.8,900,60550
20240206,09:58:29,0.8,1800,60550
20240206,09:58:30,0.85,3500,60550
20240206,09:58:33,0.8,300,61350
20240206,09:59:56,0.75,450,61350
20240206,10:00:01,0.75,50,61350
20240206,10:01:15,0.8,100,61350
20240206,10:02:38,0.75,200,62600
20240206,10:03:03,0.75,50,62600
20240206,10:04:02,0.8,750,62600
20240206,10:04:04,0.75,350,62600
20240206,10:04:17,0.8,1000,62600
20240206,10:05:28,0.8,50,62600
20240206,10:05:51,0.8,50,63200
20240206,10:08:01,0.8,200,63200
20240206,10:10:23,0.85,200,63150
20240206,10:11:23,0.85,150,63000
20240206,10:11:41,0.85,2050,63000
20240206,10:11:42,0.85,200,63000
20240206,10:12:35,0.85,50,63000
20240206,10:12:47,0.8,750,63000
20240206,10:13:33,0.8,2400,63000
20240206,10:13:33,0.8,50,63000
20240206,10:13:34,0.8,50,63000
20240206,10:14:26,0.8,450,62850
20240206,10:14:33,0.8,1150,62850
20240206,10:15:47,0.75,1550,62850
20240206,10:16:14,0.8,1350,62850
20240206,10:16:28,0.85,50,62850
20240206,10:16:52,0.8,1000,62900
20240206,10:16:55,0.8,800,62900
20240206,10:16:59,0.8,400,62900
20240206,10:17:15,0.8,700,62900
20240206,10:17:28,0.8,50,62900
20240206,10:17:46,0.8,550,62900
20240206,10:17:49,0.75,50,62900
20240206,10:18:17,0.8,50,62900
20240206,10:27:50,0.8,1300,61700
20240206,10:28:04,0.85,1900,61700
20240206,10:28:05,0.85,100,61700
20240206,10:28:23,0.85,50,61700
20240206,10:28:46,0.8,3050,61700
20240206,10:30:02,0.85,3450,63150
20240206,10:30:07,0.85,1500,63150
20240206,10:30:08,0.85,50,63150
20240206,10:30:10,0.85,550,63150
20240206,10:30:39,0.85,2900,63150
20240206,10:30:56,0.8,1550,63150
20240206,10:30:57,0.75,200,63150
20240206,10:30:58,0.75,200,63150
20240206,10:30:59,0.75,200,63150
20240206,10:31:00,0.8,800,63150
20240206,10:31:01,0.8,50,63150
20240206,10:31:02,0.8,200,63150
20240206,10:31:03,0.8,200,63150
20240206,10:31:04,0.85,1300,63150
20240206,10:31:05,0.8,200,63150
20240206,10:31:06,0.8,200,63150
20240206,10:31:10,0.8,200,63150
20240206,10:31:11,0.8,200,63150
20240206,10:31:12,0.8,200,63150
20240206,10:31:13,0.8,200,63150
20240206,10:31:14,0.8,200,63150
20240206,10:31:15,0.8,200,63150
20240206,10:31:16,0.8,200,63150
20240206,10:31:17,0.8,200,63150
20240206,10:31:50,0.85,1150,63150
20240206,10:31:51,0.9,2050,63600
20240206,10:31:52,0.9,650,63600
20240206,10:31:56,0.9,100,63600
20240206,10:32:22,0.9,50,63600
20240206,10:32:27,0.9,50,63600
20240206,10:32:28,0.85,50,63600
20240206,10:32:34,0.85,50,63600
20240206,10:32:46,0.9,50,63600
20240206,10:32:47,0.9,50,63600
20240206,10:32:56,0.85,1000,63600
20240206,10:33:00,0.9,50,63600
20240206,10:33:03,0.9,100,63600
20240206,10:33:13,0.85,100,63600
20240206,10:33:16,0.85,50,63600
20240206,10:33:22,0.85,200,63600
20240206,10:33:42,0.85,1800,63600
20240206,10:33:55,0.8,50,63600
20240206,10:33:57,0.85,50,63600
20240206,10:34:11,0.85,50,63600
20240206,10:34:25,0.85,50,63600
20240206,10:34:26,0.8,100,63600
20240206,10:34:30,0.8,50,63600
20240206,10:34:50,0.85,250,63600
20240206,10:35:02,0.85,250,65600
20240206,10:35:08,0.85,50,65600
20240206,10:35:13,0.85,50,65600
20240206,10:35:49,0.8,100,65600
20240206,10:38:11,0.8,50,65600
20240206,10:38:36,0.8,2800,65550
20240206,10:38:54,0.8,50,65550
20240206,10:39:01,0.8,250,65550
20240206,10:39:02,0.8,300,65550
20240206,10:39:03,0.8,1800,65550
20240206,10:39:05,0.85,700,65550
20240206,10:39:07,0.85,150,65550
20240206,10:39:09,0.8,150,65550
20240206,10:40:07,0.8,50,65550
20240206,10:40:19,0.8,1800,65550
20240206,10:40:47,0.8,200,65550
20240206,10:40:48,0.8,100,64450
20240206,10:41:43,0.75,100,64450
20240206,10:41:56,0.8,1050,64450
20240206,10:41:57,0.8,50,64450
20240206,10:42:00,0.8,700,64450
20240206,10:42:01,0.8,50,64450
20240206,10:43:22,0.8,100,64450
20240206,10:43:51,0.8,50,63850
20240206,10:43:59,0.8,50,63850
20240206,10:44:27,0.8,50,63850
20240206,10:44:45,0.8,350,63850
20240206,10:45:08,0.8,1800,63850
20240206,10:45:10,0.8,350,63850
20240206,10:45:12,0.8,100,63850
20240206,10:46:53,0.8,1900,64400
20240206,10:47:50,0.8,450,64400
20240206,10:48:23,0.8,250,64400
20240206,10:51:11,0.8,50,63550
20240206,10:52:19,0.85,50,63550
20240206,10:53:24,0.8,50,63600
20240206,10:54:52,0.85,700,63600
20240206,10:55:40,0.9,3000,63600
20240206,10:55:43,0.9,100,64150
20240206,10:55:47,0.9,100,64150
20240206,10:55:55,0.9,50,64150
20240206,10:56:57,0.9,50,64150
20240206,10:57:12,0.9,50,64150
20240206,10:58:00,0.9,50,64150
20240206,10:58:04,0.95,200,64150
20240206,10:58:14,0.95,50,64150
20240206,10:58:18,0.95,50,64150
20240206,10:59:14,0.95,550,64150
20240206,11:00:01,0.85,50,65700
20240206,11:00:28,0.95,300,65700
20240206,11:00:33,1.0,900,65700
20240206,11:01:45,1.0,550,65700
20240206,11:02:55,1.05,1250,65750
20240206,11:04:02,0.95,150,65750
20240206,11:04:05,0.95,50,65750
20240206,11:05:27,0.95,50,65750
20240206,11:05:44,0.95,300,66500
20240206,11:05:52,0.95,50,66500
20240206,11:05:57,0.95,50,66500
20240206,11:06:02,0.95,250,66500
20240206,11:06:13,0.95,3600,66500
20240206,11:06:15,0.9,350,66500
20240206,11:06:23,0.9,4050,66500
20240206,11:06:24,0.9,50,66500
20240206,11:06:25,0.9,300,66500
20240206,11:06:26,0.9,100,66500
20240206,11:07:19,0.9,800,66500
20240206,11:07:32,0.95,1500,66500
20240206,11:07:41,0.9,900,66500
20240206,11:08:27,0.9,600,61200
20240206,11:08:30,0.9,100,61200
20240206,11:09:15,0.95,100,61200
20240206,11:09:18,0.95,100,61200
20240206,11:09:33,0.95,3050,61200
20240206,11:09:39,1.0,100,61200
20240206,11:09:41,1.0,900,61200
20240206,11:10:39,1.0,900,61200
20240206,11:11:25,0.95,500,63950
20240206,11:11:27,0.95,400,63950
20240206,11:11:39,0.95,900,63950
20240206,11:12:13,0.9,50,63950
20240206,11:12:15,0.9,300,63950
20240206,11:12:19,0.85,1300,63950
20240206,11:12:20,0.85,150,63950
20240206,11:12:39,0.9,150,63950
20240206,11:12:40,0.9,150,63950
20240206,11:12:58,0.95,300,63950
20240206,11:13:18,0.9,50,63950
20240206,11:13:58,0.95,1800,63950
20240206,11:14:02,0.95,250,62850
20240206,11:14:08,1.0,1800,62850
20240206,11:14:26,0.95,1000,62850
20240206,11:14:54,1.0,50,62850
20240206,11:14:55,1.0,50,62850
20240206,11:15:17,0.95,50,62850
20240206,11:15:19,0.95,50,62850
20240206,11:15:21,0.95,1800,62850
20240206,11:15:22,0.95,1800,62850
20240206,11:15:26,0.95,450,62850
20240206,11:16:04,1.0,1800,62850
20240206,11:16:49,0.95,300,59250
20240206,11:16:57,0.95,150,59250
20240206,11:17:14,1.0,1800,59250
20240206,11:17:19,1.0,150,59250
20240206,11:17:20,1.0,200,59250
20240206,11:17:32,1.05,150,59250
20240206,11:17:37,1.0,50,59250
20240206,11:17:38,1.05,2600,59250
20240206,11:17:39,1.05,50,59250
20240206,11:17:40,1.05,50,59250
20240206,11:17:42,1.05,50,59250
20240206,11:17:44,1.05,50,59250
20240206,11:17:47,1.05,50,59250
20240206,11:17:48,1.05,1250,59250
20240206,11:17:55,1.05,200,59250
20240206,11:18:04,1.05,300,59250
20240206,11:18:34,1.0,50,59250
20240206,11:19:28,1.0,1500,59250
20240206,11:19:29,1.0,100,59250
20240206,11:19:35,1.0,1700,59250
20240206,11:19:36,1.0,1500,59250
20240206,11:19:37,1.0,2450,59250
20240206,11:19:38,1.0,50,59250
20240206,11:19:39,1.0,1000,59250
20240206,11:19:40,1.0,2500,59250
20240206,11:19:45,1.0,100,59250
20240206,11:19:52,1.0,50,60800
20240206,11:19:56,0.95,150,60800
20240206,11:20:20,1.0,50,60800
20240206,11:20:36,1.0,50,60800
20240206,11:20:54,1.0,50,60800
20240206,11:21:00,0.95,1000,60800
20240206,11:21:02,0.95,350,60800
20240206,11:21:11,0.95,400,60800
20240206,11:23:46,0.95,50,60800
20240206,11:23:50,0.95,1800,60500
20240206,11:24:46,0.95,100,60500
20240206,11:24:50,0.95,100,60500
20240206,11:24:53,0.95,100,60500
20240206,11:24:58,0.95,50,60500
20240206,11:25:04,0.95,50,60500
20240206,11:26:28,1.0,450,60500
20240206,11:28:05,1.0,100,60500
20240206,11:29:46,1.0,100,60500
20240206,11:29:55,0.95,350,60500
20240206,11:30:14,0.95,50,60500
20240206,11:30:54,0.95,250,60500
20240206,11:31:23,1.0,100,60500
20240206,11:31:31,0.95,50,60500
20240206,11:31:34,0.95,50,60500
20240206,11:31:37,0.95,50,60500
20240206,11:31:46,1.0,50,60500
20240206,11:32:25,1.0,1800,60300
20240206,11:32:30,1.0,100,60300
20240206,11:32:33,1.0,850,60300
20240206,11:32:33,1.0,250,60300
20240206,11:32:34,1.0,800,60300
20240206,11:32:35,1.0,250,60300
20240206,11:32:37,1.0,1750,60300
20240206,11:32:53,1.05,50,60300
20240206,11:33:41,1.0,2050,60300
20240206,11:34:06,1.05,3600,60300
20240206,11:34:16,1.05,1350,60300
20240206,11:34:34,1.1,600,60300
20240206,11:34:34,1.1,300,60300
20240206,11:34:47,1.1,50,60300
20240206,11:34:59,1.05,50,54450
20240206,11:35:18,1.15,5700,54450
20240206,11:35:22,1.15,50,54450
20240206,11:35:22,1.1,50,54450
20240206,11:35:23,1.1,1800,54450
20240206,11:35:29,1.1,250,54450
20240206,11:35:32,1.1,250,54450
20240206,11:35:33,1.1,1800,54450
20240206,11:35:49,1.1,1800,54450
20240206,11:35:51,1.1,150,54450
20240206,11:36:13,1.1,3600,54450
20240206,11:36:14,1.1,1800,54450
20240206,11:36:28,1.05,1800,54450
20240206,11:36:42,1.1,50,54450
20240206,11:36:43,1.1,50,54450
20240206,11:37:02,1.1,350,54450
20240206,11:37:45,1.05,550,54450
20240206,11:38:10,1.1,100,54450
20240206,11:38:27,1.05,650,48650
20240206,11:39:11,1.1,50,48650
20240206,11:40:53,1.05,100,48650
20240206,11:41:19,1.05,50,48650
20240206,11:41:52,1.05,50,48650
20240206,11:41:57,1.05,50,48650
20240206,11:41:58,1.05,1800,48650
20240206,11:41:59,1.05,1800,48650
20240206,11:42:10,1.05,50,48650
20240206,11:42:16,1.05,200,48650
20240206,11:42:17,1.05,50,48650
20240206,11:42:19,1.05,50,48650
20240206,11:42:23,1.05,50,48650
20240206,11:43:06,1.0,450,48650
20240206,11:43:16,1.0,250,48650
20240206,11:44:14,1.05,50,48250
20240206,11:44:31,1.0,50,48250
20240206,11:45:43,1.0,50,48250
20240206,11:47:42,1.05,250,48200
20240206,11:50:08,1.0,200,48200
20240206,11:57:05,1.05,50,47950
20240206,11:57:08,1.0,50,47950
20240206,11:57:24,1.05,1000,47950
20240206,11:57:52,1.05,250,47950
20240206,11:58:33,1.05,250,47950
20240206,11:58:37,1.05,50,47950
20240206,11:58:40,1.05,300,47950
20240206,11:58:41,1.05,50,47950
20240206,11:59:21,1.05,250,46500
20240206,11:59:30,1.05,1800,46500
20240206,11:59:32,1.05,1800,46500
20240206,11:59:41,1.05,250,46500
20240206,11:59:46,1.05,250,46500
20240206,11:59:57,1.05,350,46500
20240206,12:00:03,1.05,300,46500
20240206,12:00:10,1.05,1300,46500
20240206,12:00:12,1.05,250,46500
20240206,12:00:51,1.1,50,46500
20240206,12:00:52,1.1,1900,46500
20240206,12:00:53,1.1,50,46500
20240206,12:00:54,1.1,50,46500
20240206,12:01:00,1.1,50,46500
20240206,12:01:01,1.1,50,46500
20240206,12:01:12,1.1,100,46500
20240206,12:01:50,1.1,50,46500
