date,time,tick_price,volume,open_interest
20231228,09:17:00,12.0,250,2500
20231228,09:17:08,12.05,450,2500
20231228,09:17:08,11.95,450,2500
20231228,09:17:25,12.1,200,2500
20231228,09:17:42,12.2,1050,2500
20231228,09:17:50,12.2,550,2500
20231228,09:17:58,12.2,50,2500
20231228,09:18:14,12.2,100,2500
20231228,09:18:22,12.35,100,2500
20231228,09:19:38,12.4,250,2500
20231228,09:19:46,12.4,150,2500
20231228,09:19:55,12.4,200,2500
20231228,09:20:39,12.5,250,2500
20231228,09:20:49,13.05,700,2500
20231228,09:20:59,13.35,500,3800
20231228,09:21:28,13.35,50,3800
20231228,09:21:47,13.9,50,3800
20231228,09:22:07,13.9,100,3800
20231228,09:22:49,13.8,250,3800
20231228,09:22:59,13.8,250,3800
20231228,09:23:19,14.15,50,3800
20231228,09:23:31,14.15,100,3800
20231228,09:23:41,13.9,50,3800
20231228,09:24:45,13.95,900,5200
20231228,09:24:54,14.0,50,5200
20231228,09:25:03,14.1,50,5200
20231228,09:25:12,14.3,50,5200
20231228,09:26:24,14.5,550,5200
20231228,09:26:33,13.9,150,5200
20231228,09:26:42,14.4,50,5200
20231228,09:27:00,13.35,500,5200
20231228,09:28:07,14.3,350,6350
20231228,09:30:37,13.5,1000,6300
20231228,09:30:47,14.3,1000,6300
20231228,09:32:27,13.95,50,6300
20231228,09:34:23,13.65,250,7400
20231228,09:34:33,13.35,1000,7400
20231228,09:34:44,13.4,100,7400
20231228,09:35:50,13.5,50,7400
20231228,09:36:00,13.3,250,7400
20231228,09:36:46,12.55,500,8600
20231228,09:37:04,13.4,50,8600
20231228,09:37:41,13.35,150,8600
20231228,09:38:26,13.3,100,8600
20231228,09:38:53,13.3,500,8600
20231228,09:39:02,12.7,500,8600
20231228,09:39:29,13.0,550,9900
20231228,09:39:39,13.0,550,9900
20231228,09:40:52,13.0,600,9900
20231228,09:42:13,12.9,200,10850
20231228,09:42:21,12.95,150,10850
20231228,09:42:30,13.3,50,10850
20231228,09:42:48,13.5,200,10850
20231228,09:42:58,13.5,150,10850
20231228,09:43:08,14.05,50,10850
20231228,09:43:40,13.55,50,10850
20231228,09:44:54,13.85,50,10850
20231228,09:45:22,14.0,50,10850
20231228,09:45:40,13.8,100,10850
20231228,09:46:07,14.3,250,10850
20231228,09:46:43,13.95,150,10850
20231228,09:47:38,13.8,50,10850
20231228,09:48:51,14.2,100,11300
20231228,09:50:14,14.2,400,11300
20231228,09:50:51,13.9,1250,11300
20231228,09:52:54,14.4,50,11500
20231228,09:53:22,14.6,100,11500
20231228,09:53:59,14.7,50,11500
20231228,09:54:08,14.7,300,11700
20231228,09:54:36,14.65,500,11700
20231228,09:54:44,14.35,200,11700
20231228,09:55:48,14.0,100,11700
20231228,09:56:10,14.0,50,11700
20231228,09:57:07,14.0,150,11050
20231228,09:58:01,13.95,50,11050
20231228,09:58:19,14.1,350,11050
20231228,09:58:28,13.8,50,11050
20231228,09:59:38,14.25,50,11050
20231228,10:00:24,13.95,100,11500
20231228,10:01:09,14.25,100,11500
20231228,10:01:36,14.25,50,11500
20231228,10:01:45,14.0,650,11500
20231228,10:02:11,14.0,50,11500
20231228,10:02:20,14.0,300,11500
20231228,10:02:38,13.95,200,11500
20231228,10:03:04,13.95,200,11500
20231228,10:03:13,13.95,50,11750
20231228,10:03:23,13.5,400,11750
20231228,10:03:35,13.5,750,11750
20231228,10:04:16,13.5,900,11750
20231228,10:04:35,13.5,750,11750
20231228,10:04:45,13.5,200,11750
20231228,10:05:15,13.45,100,11750
20231228,10:05:25,13.5,50,11750
20231228,10:05:53,13.5,350,11750
20231228,10:06:12,13.75,50,12900
20231228,10:06:51,13.55,150,12900
20231228,10:07:02,13.7,200,12900
20231228,10:07:23,13.25,300,12900
20231228,10:07:44,13.3,1100,12900
20231228,10:08:03,13.5,450,12900
20231228,10:08:15,13.4,1550,12900
20231228,10:09:05,13.45,50,12900
20231228,10:10:01,13.75,50,12500
20231228,10:10:32,13.8,350,12500
20231228,10:10:44,13.85,100,12500
20231228,10:13:01,13.35,150,12550
20231228,10:14:14,13.25,100,12550
20231228,10:14:42,13.4,50,12550
20231228,10:15:19,13.45,50,12650
20231228,10:15:47,13.45,100,12650
20231228,10:16:34,13.5,50,12650
20231228,10:16:44,13.5,250,12650
20231228,10:17:30,13.6,50,12650
20231228,10:17:59,13.6,250,12650
20231228,10:18:09,13.6,1100,12650
20231228,10:19:05,13.85,50,12850
20231228,10:19:59,14.0,400,12850
20231228,10:20:46,13.85,500,12850
20231228,10:20:55,13.75,150,12850
20231228,10:21:33,13.7,200,13550
20231228,10:22:38,13.65,50,13550
20231228,10:22:47,13.6,50,13550
20231228,10:23:24,13.55,50,13550
20231228,10:23:53,13.65,50,13550
20231228,10:26:51,13.35,100,13700
20231228,10:28:41,13.35,100,13700
20231228,10:29:00,13.35,200,13700
20231228,10:29:47,13.55,2000,13700
20231228,10:30:07,13.7,100,13700
20231228,10:30:26,13.7,50,15400
20231228,10:31:51,13.8,1800,15400
20231228,10:33:06,13.55,250,15400
20231228,10:33:15,13.85,1800,17250
20231228,10:33:25,13.55,2000,17250
20231228,10:33:52,13.6,300,17250
20231228,10:34:37,13.45,200,17250
20231228,10:35:03,13.5,100,17250
20231228,10:35:12,13.6,3700,17250
20231228,10:35:20,13.5,450,17250
20231228,10:35:37,13.4,4150,17250
20231228,10:35:46,13.5,2600,17250
20231228,10:35:54,13.45,350,17250
20231228,10:36:03,13.4,900,17250
20231228,10:36:11,13.5,2200,30600
20231228,10:36:28,13.55,4100,30600
20231228,10:36:38,13.65,2650,30600
20231228,10:37:05,13.55,500,30600
20231228,10:37:14,13.6,2100,30600
20231228,10:37:22,13.6,100,30600
20231228,10:37:31,13.5,100,30600
20231228,10:37:49,13.6,1250,30600
20231228,10:38:07,13.6,1500,30600
20231228,10:38:16,13.6,250,30600
20231228,10:38:33,13.5,250,30600
20231228,10:39:17,13.55,50,35650
20231228,10:39:52,13.35,250,35650
20231228,10:40:18,13.35,750,35650
20231228,10:43:50,13.3,50,36200
20231228,10:44:25,13.3,150,36200
20231228,10:45:26,13.15,200,36350
20231228,10:45:35,13.1,150,36350
20231228,10:45:44,13.15,100,36350
20231228,10:45:53,13.15,100,36350
20231228,10:46:02,13.15,250,36350
20231228,10:46:37,13.1,350,36350
20231228,10:46:55,13.0,200,36350
20231228,10:47:14,13.15,100,36350
20231228,10:47:22,13.05,100,36350
20231228,10:47:40,13.05,100,36350
20231228,10:48:17,13.2,100,36900
20231228,10:48:45,13.2,150,36900
20231228,10:48:54,13.3,900,36900
20231228,10:49:37,13.3,250,36900
20231228,10:50:13,13.2,50,36900
20231228,10:50:22,13.3,250,36900
20231228,10:50:32,13.25,250,36900
20231228,10:51:35,13.15,50,36550
20231228,10:51:44,13.1,50,36550
20231228,10:52:11,13.0,650,36550
20231228,10:52:37,12.95,150,36550
20231228,10:52:46,12.8,2650,36550
20231228,10:52:55,12.7,1650,36550
20231228,10:53:13,12.55,400,36550
20231228,10:53:22,12.6,100,36550
20231228,10:53:48,12.6,50,36550
20231228,10:54:34,12.5,200,37300
20231228,10:56:41,12.5,500,37300
20231228,10:56:59,12.45,600,37300
20231228,10:57:43,12.4,100,38150
20231228,10:58:01,12.4,250,38150
20231228,10:58:11,12.25,200,38150
20231228,10:58:30,12.1,3050,38150
20231228,10:58:40,12.1,200,38150
20231228,10:59:09,12.25,150,38150
20231228,10:59:46,12.15,300,38150
20231228,10:59:55,12.1,200,38150
20231228,11:00:14,12.0,600,38150
20231228,11:00:32,12.0,900,40200
20231228,11:01:54,12.05,50,40200
20231228,11:02:12,12.15,200,40200
20231228,11:02:31,12.1,350,40200
20231228,11:02:40,12.1,50,40200
20231228,11:02:59,12.05,800,40200
20231228,11:03:17,12.15,50,40250
20231228,11:03:45,12.15,150,40250
20231228,11:04:12,12.15,200,40250
20231228,11:04:31,12.2,300,40250
20231228,11:04:40,12.25,350,40250
20231228,11:04:57,12.2,50,40250
20231228,11:05:43,12.3,250,40250
20231228,11:05:52,12.3,350,40250
20231228,11:06:01,12.3,650,40250
20231228,11:06:10,12.35,650,40250
20231228,11:06:29,12.3,100,39050
20231228,11:07:23,12.25,550,39050
20231228,11:08:01,12.35,150,39050
20231228,11:08:12,12.35,750,39050
20231228,11:08:22,12.45,1000,39050
20231228,11:08:31,12.25,250,39050
20231228,11:08:42,12.55,750,39050
20231228,11:08:52,12.35,3700,39050
20231228,11:09:14,12.65,250,39050
20231228,11:09:25,12.6,850,41400
20231228,11:09:35,12.6,500,41400
20231228,11:09:45,12.55,950,41400
20231228,11:09:55,12.5,1350,41400
20231228,11:10:05,12.5,550,41400
20231228,11:11:03,12.7,500,41400
20231228,11:11:48,12.7,150,41400
20231228,11:12:26,12.8,150,43950
20231228,11:13:12,12.6,650,43950
20231228,11:13:21,12.6,1800,43950
20231228,11:13:31,12.65,250,43950
20231228,11:13:40,12.65,250,43950
20231228,11:13:49,12.6,850,43950
20231228,11:13:58,12.6,2150,43950
20231228,11:14:08,12.65,250,43950
20231228,11:14:37,12.55,1300,43950
20231228,11:14:46,12.6,50,43950
20231228,11:15:45,12.2,250,47200
20231228,11:16:04,12.2,650,47200
20231228,11:16:33,12.2,400,47200
20231228,11:16:43,12.4,450,47200
20231228,11:16:52,12.3,150,47200
20231228,11:18:26,12.4,50,48050
20231228,11:18:44,12.4,150,48050
20231228,11:20:23,12.25,850,48050
20231228,11:20:41,12.2,250,48050
20231228,11:20:59,12.1,1900,48050
20231228,11:21:08,12.15,2100,48050
20231228,11:21:17,12.25,50,48050
20231228,11:21:26,12.1,900,52750
20231228,11:21:35,12.25,250,52750
20231228,11:21:55,12.25,100,52750
20231228,11:22:04,12.3,1000,52750
20231228,11:22:13,12.35,900,52750
20231228,11:22:58,12.4,50,52750
20231228,11:23:07,12.45,50,52750
20231228,11:23:44,12.45,250,52750
20231228,11:23:53,12.45,100,52750
20231228,11:24:04,12.5,50,52750
20231228,11:24:32,12.5,50,52350
20231228,11:24:59,12.5,50,52350
20231228,11:25:08,12.6,50,52350
20231228,11:26:58,12.6,100,52350
20231228,11:27:07,12.6,550,52350
20231228,11:27:52,12.6,7150,52450
20231228,11:28:01,12.65,50,52450
20231228,11:28:10,12.65,200,52450
20231228,11:28:29,12.6,950,52450
20231228,11:28:38,12.65,300,52450
20231228,11:28:47,12.65,600,52450
20231228,11:28:57,12.7,1050,52450
20231228,11:29:06,12.7,2000,52450
20231228,11:29:15,12.8,1800,52450
20231228,11:30:01,12.7,800,52450
20231228,11:30:20,12.9,3200,46450
20231228,11:30:29,12.9,500,46450
20231228,11:30:38,12.7,100,46450
20231228,11:31:36,12.8,800,46450
20231228,11:33:05,13.0,450,46450
20231228,11:33:23,13.0,250,46450
20231228,11:33:32,13.0,500,46400
20231228,11:34:16,13.0,250,46400
20231228,11:34:53,13.0,250,46400
20231228,11:38:52,13.05,3700,45150
20231228,11:39:35,13.0,250,48750
20231228,11:40:18,13.0,500,48750
20231228,11:40:44,13.0,1050,48750
20231228,11:41:38,13.05,100,48750
20231228,11:42:30,13.2,1450,50050
20231228,11:43:04,13.0,900,50050
20231228,11:43:12,13.0,600,50050
20231228,11:43:20,13.0,500,50050
20231228,11:43:29,13.0,250,50050
20231228,11:43:55,13.1,300,50050
20231228,11:44:04,13.0,750,50050
20231228,11:44:13,13.0,800,50050
20231228,11:44:47,13.0,50,50050
20231228,11:47:36,13.05,300,54650
20231228,11:47:54,13.0,200,54650
20231228,11:48:10,13.0,1250,54650
20231228,11:48:59,12.85,100,55350
20231228,11:49:07,12.85,1050,55350
20231228,11:49:31,12.8,350,55350
20231228,11:50:45,12.7,900,55350
20231228,11:51:19,12.95,400,55350
20231228,11:51:28,12.8,450,55350
20231228,11:52:34,12.8,350,55350
20231228,11:53:00,12.9,50,55350
20231228,11:53:08,13.0,50,55350
20231228,11:55:54,13.05,1950,55800
20231228,11:56:03,13.1,150,55800
20231228,11:56:54,13.2,100,55800
20231228,11:57:02,13.1,500,55800
20231228,11:57:51,13.05,600,55900
20231228,11:58:33,13.2,150,55900
20231228,11:59:13,13.1,400,55900
20231228,11:59:38,13.05,1800,55900
20231228,12:01:59,12.75,1400,56700
20231228,12:02:32,12.85,450,56700
20231228,12:02:59,12.85,50,56700
20231228,12:04:24,12.9,700,57750
20231228,12:04:32,12.85,1100,57750
20231228,12:05:41,13.1,250,57750
20231228,12:05:49,13.1,600,57750
20231228,12:05:58,13.0,1150,57750
20231228,12:06:15,13.0,100,57750
20231228,12:06:31,12.95,450,58250
20231228,12:07:46,12.95,3750,58250
20231228,12:08:03,12.85,1800,58250
20231228,12:08:36,12.8,1800,58250
20231228,12:08:44,12.85,600,58250
20231228,12:08:53,12.8,2100,58250
20231228,12:09:01,12.7,3700,58250
20231228,12:09:09,12.7,1800,58250
20231228,12:09:27,12.7,100,58250
20231228,12:09:35,12.7,450,64100
20231228,12:09:44,12.7,200,64100
20231228,12:10:09,12.8,50,64100
20231228,12:10:16,12.8,500,64100
20231228,12:10:24,12.7,300,64100
20231228,12:10:40,12.65,300,64100
20231228,12:10:48,12.6,550,64100
20231228,12:11:05,12.55,650,64100
20231228,12:11:21,12.55,1800,64100
20231228,12:12:04,12.7,50,64100
20231228,12:12:38,12.5,900,68200
20231228,12:12:47,12.5,250,68200
20231228,12:12:55,12.45,450,68200
20231228,12:14:11,12.4,1250,68200
20231228,12:14:27,12.4,250,68200
20231228,12:14:35,12.4,300,68200
20231228,12:15:08,12.5,300,68200
20231228,12:15:25,12.5,500,68200
20231228,12:15:33,12.45,1100,70750
20231228,12:15:49,12.45,250,70750
20231228,12:16:05,12.45,250,70750
20231228,12:16:21,12.4,500,70750
20231228,12:16:29,12.5,800,70750
20231228,12:17:33,12.35,750,70750
20231228,12:17:41,12.35,400,70750
20231228,12:17:57,12.3,650,70750
20231228,12:18:59,12.4,500,73750
20231228,12:19:16,12.35,400,73750
20231228,12:19:23,12.35,450,73750
20231228,12:19:31,12.3,500,73750
20231228,12:19:45,12.35,250,73750
20231228,12:19:53,12.35,200,73750
20231228,12:21:00,12.45,100,73750
20231228,12:21:16,12.5,800,73750
20231228,12:21:42,12.55,400,74300
20231228,12:22:00,12.6,550,74300
20231228,12:22:44,12.6,500,74300
20231228,12:23:18,12.75,100,74300
20231228,12:23:35,12.75,200,74300
20231228,12:23:52,12.8,300,74300
20231228,12:24:13,12.8,250,74300
20231228,12:24:23,12.85,600,74300
20231228,12:24:42,12.9,250,71750
20231228,12:25:00,12.95,1000,71750
20231228,12:25:18,13.0,200,71750
20231228,12:25:27,13.0,350,71750
20231228,12:26:54,13.0,250,71750
20231228,12:28:04,13.05,1750,71250
20231228,12:28:14,13.05,950,71250
20231228,12:28:24,13.0,100,71250
20231228,12:28:44,13.15,1300,71250
20231228,12:29:13,13.4,500,71250
20231228,12:29:32,13.5,150,71250
20231228,12:29:51,13.6,300,71250
20231228,12:30:00,13.65,250,71250
20231228,12:30:10,13.75,50,71250
20231228,12:30:19,13.55,250,71250
20231228,12:32:25,13.7,250,71000
20231228,12:32:43,13.65,50,71000
20231228,12:32:52,13.65,500,71000
20231228,12:35:01,13.5,450,70750
20231228,12:35:30,13.5,250,70750
20231228,12:35:50,13.35,250,70750
20231228,12:36:07,13.3,250,70750
20231228,12:37:19,13.35,150,70500
20231228,12:38:04,13.45,700,70500
20231228,12:38:13,13.4,100,70500
20231228,12:38:48,13.4,1200,70500
20231228,12:39:23,13.4,250,70500
20231228,12:40:06,13.4,250,70300
20231228,12:41:25,13.4,350,70300
20231228,12:44:55,13.5,50,70300
20231228,12:45:13,13.55,1100,70300
20231228,12:45:40,13.6,2300,70850
20231228,12:46:49,13.6,400,70850
20231228,12:46:59,13.65,650,70850
20231228,12:48:03,13.75,50,70850
20231228,12:48:30,13.6,150,70850
20231228,12:49:05,13.55,350,71950
20231228,12:49:14,13.55,700,71950
20231228,12:49:30,13.5,400,71950
20231228,12:49:47,13.5,150,71950
20231228,12:49:55,13.5,450,71950
20231228,12:50:31,13.15,800,71950
20231228,12:50:42,13.1,750,71950
20231228,12:51:21,12.9,250,71950
20231228,12:51:30,12.9,250,71950
20231228,12:52:34,12.9,350,71900
20231228,12:53:18,12.9,100,71900
20231228,12:54:45,13.2,50,72000
20231228,12:55:53,13.2,50,72000
20231228,12:56:28,13.3,150,72000
20231228,12:57:28,13.45,50,72000
20231228,12:58:03,13.55,50,72050
20231228,12:58:11,13.6,500,72050
20231228,12:58:20,13.4,400,72050
20231228,12:58:28,13.5,1500,72050
20231228,13:00:33,13.2,1950,72550
20231228,13:00:42,13.2,450,72550
20231228,13:01:25,13.3,600,72550
20231228,13:04:30,13.25,250,70650
20231228,13:05:20,13.2,300,70650
20231228,13:07:06,13.3,50,70900
20231228,13:07:13,13.1,200,70900
20231228,13:08:59,13.3,50,70900
20231228,13:11:30,13.2,1000,71000
20231228,13:11:39,13.25,550,71000
20231228,13:11:55,13.3,50,71000
20231228,13:12:19,13.35,550,71000
20231228,13:12:27,13.4,100,71000
20231228,13:12:36,13.55,100,71900
20231228,13:13:30,13.8,350,71900
20231228,13:14:08,13.8,50,71900
20231228,13:15:45,13.6,250,71550
20231228,13:15:53,13.55,50,71550
20231228,13:16:02,13.4,50,71550
20231228,13:18:10,13.3,200,71550
20231228,13:18:19,13.3,300,71550
20231228,13:18:45,13.35,50,71850
20231228,13:19:10,13.35,100,71850
20231228,13:19:35,13.4,100,71850
20231228,13:21:12,13.5,200,71850
20231228,13:22:08,13.75,4200,71950
20231228,13:22:15,13.65,1100,71950
20231228,13:22:47,13.7,400,71950
20231228,13:23:20,13.65,200,71950
20231228,13:23:27,13.65,500,71950
20231228,13:23:50,13.65,100,71950
20231228,13:23:59,13.5,850,71950
20231228,13:24:42,13.5,650,78050
20231228,13:24:50,13.45,1350,78050
20231228,13:25:16,13.45,850,78050
20231228,13:25:25,13.45,50,78050
20231228,13:27:39,13.3,50,79950
20231228,13:27:48,13.3,50,79950
20231228,13:28:18,13.0,50,79950
20231228,13:29:30,13.05,50,79950
20231228,13:30:07,13.2,50,79950
20231228,13:31:06,13.1,1150,79900
20231228,13:32:38,13.05,50,79900
20231228,13:33:29,13.0,1800,79900
20231228,13:33:47,12.95,50,79900
20231228,13:34:05,13.05,500,79900
20231228,13:34:22,13.0,750,79900
20231228,13:34:47,12.85,1800,79900
20231228,13:35:04,12.85,100,79900
20231228,13:35:46,12.85,100,79900
20231228,13:36:45,12.75,100,79650
20231228,13:37:38,12.9,250,79650
20231228,13:37:46,12.95,100,79650
20231228,13:37:55,12.95,550,79650
20231228,13:38:11,13.0,250,79650
20231228,13:39:02,12.9,50,79650
20231228,13:40:41,12.9,50,79400
20231228,13:42:27,13.1,100,79400
20231228,13:42:52,13.1,150,79350
20231228,13:43:43,13.15,500,79350
20231228,13:46:03,13.0,400,79300
20231228,13:47:13,13.05,300,79300
20231228,13:47:40,13.0,100,79300
20231228,13:47:57,13.0,50,79300
20231228,13:48:13,12.95,50,79300
20231228,13:48:30,12.95,250,79300
20231228,13:48:45,13.1,50,78900
20231228,13:49:55,12.9,1000,78900
20231228,13:52:07,12.95,200,79900
20231228,13:52:56,12.95,100,79900
20231228,13:55:35,12.95,200,80000
20231228,13:59:11,12.8,50,79950
20231228,14:00:24,12.85,250,79950
20231228,14:02:50,12.95,500,79950
20231228,14:03:18,13.0,150,79950
20231228,14:04:31,13.3,200,80100
20231228,14:05:33,13.2,150,80100
20231228,14:05:42,13.25,250,80100
20231228,14:06:46,13.25,50,80100
20231228,14:07:02,13.25,300,80100
20231228,14:07:27,13.25,500,80100
20231228,14:07:35,13.25,300,80100
20231228,14:08:24,13.3,400,80100
20231228,14:09:21,13.3,50,80100
20231228,14:09:38,13.2,100,80100
20231228,14:09:46,13.3,50,80800
20231228,14:10:16,13.2,100,80800
20231228,14:10:50,13.05,500,80800
20231228,14:11:58,13.15,200,80800
20231228,14:12:07,12.95,250,80800
20231228,14:12:15,13.15,1400,80800
20231228,14:13:04,13.0,150,81150
20231228,14:13:12,12.95,100,81150
20231228,14:13:29,12.95,350,81150
20231228,14:14:46,12.95,50,81150
20231228,14:14:55,12.9,50,81150
20231228,14:16:27,12.7,100,80850
20231228,14:16:35,12.65,50,80850
20231228,14:17:08,12.85,50,80850
20231228,14:17:41,12.75,50,80850
20231228,14:17:49,12.75,150,80850
20231228,14:17:58,12.75,850,80850
20231228,14:18:15,12.65,350,80850
20231228,14:19:09,12.4,500,81050
20231228,14:19:55,12.25,150,81050
20231228,14:20:04,12.1,50,81050
20231228,14:20:22,12.2,100,81050
20231228,14:20:56,12.4,1500,81050
20231228,14:21:21,12.4,1500,81050
20231228,14:21:38,12.35,50,81050
20231228,14:21:46,12.2,1450,82250
20231228,14:22:02,12.25,100,82250
20231228,14:22:10,12.25,50,82250
20231228,14:22:44,12.4,100,82250
20231228,14:23:32,12.3,100,82250
20231228,14:23:41,12.5,50,82250
20231228,14:23:49,12.3,900,82250
20231228,14:25:02,12.4,50,81850
20231228,14:25:42,12.5,550,81850
20231228,14:26:06,12.55,50,81850
20231228,14:27:25,12.6,100,81850
20231228,14:27:41,12.6,100,81850
20231228,14:28:39,13.0,250,81600
20231228,14:31:04,12.45,250,81600
20231228,14:31:28,12.4,150,81600
20231228,14:31:45,12.35,500,81600
20231228,14:31:53,12.35,900,81600
20231228,14:33:42,12.3,600,81600
20231228,14:33:59,12.25,200,83550
20231228,14:34:33,12.3,250,83550
20231228,14:34:49,12.5,1400,83550
20231228,14:35:06,12.4,100,83550
20231228,14:36:21,12.2,100,83550
20231228,14:36:53,12.3,300,84600
20231228,14:38:09,12.25,50,84600
20231228,14:38:26,12.2,50,84600
20231228,14:38:44,12.15,50,84600
20231228,14:38:53,12.25,50,84600
20231228,14:39:52,12.35,1400,84650
20231228,14:40:00,12.25,150,84650
20231228,14:40:08,12.15,850,84650
20231228,14:40:26,12.0,800,84650
20231228,14:41:09,11.95,50,84650
20231228,14:41:18,11.95,100,84650
20231228,14:41:35,12.0,400,84650
20231228,14:41:43,12.0,500,84650
20231228,14:41:52,12.0,400,84650
20231228,14:43:31,12.2,500,86700
20231228,14:43:57,12.2,50,86700
20231228,14:44:23,12.2,400,86700
20231228,14:45:21,12.2,200,86700
20231228,14:46:52,12.1,200,86650
20231228,14:47:01,12.1,150,86650
20231228,14:47:26,12.1,150,86650
20231228,14:47:43,12.0,150,86650
20231228,14:47:51,12.0,200,86650
20231228,14:48:08,12.0,50,86650
20231228,14:48:58,11.5,3950,86850
20231228,14:49:39,11.5,50,86850
20231228,14:49:48,11.65,800,86850
20231228,14:49:57,11.55,2000,86850
20231228,14:50:06,11.55,950,86850
20231228,14:50:15,11.5,1000,86850
20231228,14:50:24,11.45,450,86850
20231228,14:50:33,11.35,1650,86850
20231228,14:50:42,11.35,750,86850
20231228,14:50:51,11.3,250,86850
20231228,14:50:59,11.25,1100,86850
20231228,14:51:52,11.15,1000,86850
20231228,14:51:59,11.15,650,96000
20231228,14:52:07,11.2,550,96000
20231228,14:52:15,11.15,550,96000
20231228,14:52:23,11.0,2550,96000
20231228,14:52:32,11.0,100,96000
20231228,14:52:40,11.0,1100,96000
20231228,14:52:49,10.95,100,96000
20231228,14:52:57,10.95,1250,96000
20231228,14:53:06,10.95,100,96000
20231228,14:53:14,10.95,500,96000
20231228,14:53:31,11.05,800,96000
20231228,14:53:39,10.95,250,96000
20231228,14:53:56,10.85,50,96000
20231228,14:54:04,10.85,50,96000
20231228,14:54:22,10.85,550,96000
20231228,14:54:31,10.85,50,96000
20231228,14:54:39,10.8,500,96000
20231228,14:54:48,10.8,400,96000
20231228,14:55:03,11.0,1050,100000
20231228,14:55:22,11.0,1250,100000
20231228,14:55:31,11.0,450,100000
20231228,14:56:42,10.9,1050,100000
20231228,14:56:50,10.95,250,100000
20231228,14:56:58,10.95,50,100000
20231228,14:57:26,10.9,50,100000
20231228,14:57:35,11.15,3050,100000
20231228,14:57:45,11.0,200,100000
20231228,14:57:54,10.95,100,101600
20231228,14:58:22,10.95,100,101600
20231228,14:58:31,11.0,500,101600
20231228,14:58:40,11.15,800,101600
20231228,14:58:48,11.15,50,101600
20231228,14:58:57,11.2,700,101600
20231228,14:59:24,11.2,300,101600
20231228,14:59:49,11.15,50,101600
20231228,15:00:16,11.3,1000,101600
20231228,15:00:26,11.3,2400,101600
20231228,15:01:13,11.15,150,103650
20231228,15:01:32,11.05,450,103650
20231228,15:01:41,11.05,150,103650
20231228,15:01:51,11.0,50,103650
20231228,15:02:47,11.1,150,103650
20231228,15:03:04,11.0,300,103650
20231228,15:03:22,10.75,1500,103650
20231228,15:03:39,10.75,350,103650
20231228,15:03:47,10.9,450,103650
20231228,15:04:05,11.05,750,105550
20231228,15:04:32,11.2,300,105550
20231228,15:04:50,11.15,250,105550
20231228,15:04:59,11.25,1600,105550
20231228,15:05:07,11.2,1750,105550
20231228,15:05:17,11.15,700,105550
20231228,15:05:28,11.0,1550,105550
20231228,15:05:39,11.05,1000,105550
20231228,15:05:49,11.2,200,105550
20231228,15:05:58,11.15,200,105550
20231228,15:06:26,11.1,750,105550
20231228,15:06:35,11.1,700,105550
20231228,15:07:27,11.15,150,104300
20231228,15:07:45,11.2,1000,104300
20231228,15:07:54,11.15,950,104300
20231228,15:08:04,11.1,450,104300
20231228,15:09:29,11.05,550,104300
20231228,15:09:48,11.0,200,104300
20231228,15:09:58,10.85,300,103000
20231228,15:10:38,10.7,850,103000
20231228,15:10:55,10.65,50,103000
20231228,15:11:04,10.65,250,103000
20231228,15:11:13,10.7,1750,103000
20231228,15:11:22,10.7,350,103000
20231228,15:11:40,10.7,150,103000
20231228,15:11:48,10.65,200,103000
20231228,15:11:57,10.75,1700,103000
20231228,15:12:06,10.65,250,103000
20231228,15:12:15,10.65,50,103000
20231228,15:12:24,10.65,150,103000
20231228,15:12:33,10.65,650,103000
20231228,15:12:59,10.7,100,98950
20231228,15:13:08,10.55,50,98950
20231228,15:13:26,10.3,150,98950
20231228,15:13:35,10.0,2850,98950
20231228,15:14:11,10.0,250,98950
20231228,15:14:22,9.8,750,98950
20231228,15:14:32,10.0,250,98950
20231228,15:14:41,10.0,250,98950
20231228,15:14:51,10.1,1350,98950
20231228,15:15:09,10.15,200,98950
20231228,15:15:37,10.3,300,98950
20231228,15:15:46,10.35,1200,98950
20231228,15:15:56,10.3,400,102800
20231228,15:16:14,10.25,50,102800
20231228,15:16:52,10.3,300,102800
20231228,15:17:13,10.1,50,102800
20231228,15:17:23,10.0,150,102800
20231228,15:17:32,10.1,100,102800
20231228,15:18:09,10.05,200,102800
20231228,15:18:57,10.3,100,102800
20231228,15:19:07,10.2,650,102800
20231228,15:19:18,10.2,550,102800
20231228,15:19:46,10.2,50,102800
20231228,15:19:54,10.35,50,102800
20231228,15:20:16,10.35,150,102800
20231228,15:20:46,10.4,500,102800
20231228,15:20:54,10.45,50,102800
20231228,15:21:03,10.4,300,102800
20231228,15:21:11,10.35,650,102800
20231228,15:21:22,10.35,1200,102800
20231228,15:21:43,10.3,550,102800
20231228,15:21:52,10.25,150,101300
20231228,15:22:03,10.35,200,101300
20231228,15:22:13,10.4,100,101300
20231228,15:22:47,10.45,250,101300
20231228,15:22:58,10.25,100,101300
20231228,15:23:09,10.3,250,101300
20231228,15:23:20,10.4,200,101300
20231228,15:23:44,10.2,100,101300
20231228,15:23:55,10.3,5650,101300
20231228,15:24:07,10.25,1750,101300
20231228,15:24:17,10.15,2900,101300
20231228,15:24:29,10.2,2650,101300
20231228,15:24:50,10.1,2050,101300
20231228,15:25:02,10.3,400,94800
20231228,15:25:13,10.4,450,94800
20231228,15:25:25,10.45,150,94800
20231228,15:25:35,10.45,350,94800
20231228,15:25:44,9.3,100,94800
20231228,15:25:53,9.3,1350,94800
20231228,15:26:02,10.5,100,94800
20231228,15:26:13,10.6,550,94800
20231228,15:26:23,10.7,1050,94800
20231228,15:26:34,10.55,1200,94800
20231228,15:26:45,10.0,300,94800
20231228,15:26:55,10.65,50,94800
20231228,15:27:27,10.65,100,94800
20231228,15:27:39,10.65,450,94800
20231228,15:28:59,10.5,200,92000
20231228,15:29:09,10.65,100,92000
20231228,15:29:19,10.65,200,92000
20231228,15:29:29,10.7,1200,92000
20231228,15:29:38,10.65,400,92000
20231228,15:29:46,10.7,200,92000
20231228,15:29:55,10.8,600,92000
20231229,09:15:04,10.95,1,92950
20231229,09:15:04,10.55,1,92950
20231229,09:15:04,10.9,2250,92950
20231229,09:15:08,12.05,50,92950
20231229,09:15:12,12.05,700,92950
20231229,09:15:17,10.8,300,92950
20231229,09:15:21,10.8,1300,92950
20231229,09:15:24,10.6,1500,92950
20231229,09:15:28,10.8,50,92950
20231229,09:15:32,10.6,1850,92950
20231229,09:15:35,9.75,3650,92950
20231229,09:15:39,9.85,4150,92950
20231229,09:15:43,9.95,150,92950
20231229,09:15:47,10.0,2350,92950
20231229,09:15:50,9.85,1050,92950
20231229,09:15:54,10.0,800,92950
20231229,09:15:58,9.85,200,92950
20231229,09:16:05,9.95,2350,92950
20231229,09:16:09,10.05,400,92950
20231229,09:16:13,10.0,1200,92950
20231229,09:16:17,10.1,700,92950
20231229,09:16:20,10.0,200,92950
20231229,09:16:28,10.0,1500,92950
20231229,09:16:32,10.0,250,92950
20231229,09:16:35,9.9,3450,92950
20231229,09:16:39,9.9,2250,92950
20231229,09:16:43,9.9,200,92950
20231229,09:16:46,9.85,1450,92950
20231229,09:16:50,9.85,1900,92950
20231229,09:16:54,9.9,50,92950
20231229,09:16:57,9.9,50,92950
20231229,09:17:01,9.65,3000,92950
20231229,09:17:05,9.65,250,92950
20231229,09:17:08,9.8,1000,114500
20231229,09:17:12,9.65,50,114500
20231229,09:17:16,9.75,1000,114500
20231229,09:17:24,9.75,100,114500
20231229,09:17:35,9.75,200,114500
20231229,09:17:42,9.6,2400,114500
20231229,09:17:45,9.65,1400,114500
20231229,09:17:48,9.65,1450,114500
20231229,09:17:56,9.55,1950,114500
20231229,09:17:57,9.5,1050,114500
20231229,09:18:02,9.5,250,114500
20231229,09:18:07,9.45,500,114500
20231229,09:18:14,9.4,50,114500
20231229,09:18:21,9.35,600,114500
20231229,09:18:27,9.3,1800,114500
20231229,09:18:37,9.3,900,114500
20231229,09:18:49,9.3,150,114500
20231229,09:18:56,9.35,1100,114500
20231229,09:18:57,9.4,1800,114500
20231229,09:18:59,9.35,50,114500
20231229,09:19:01,9.4,200,114500
20231229,09:19:04,9.3,150,114500
20231229,09:19:06,9.35,100,114500
20231229,09:19:09,9.3,50,114500
20231229,09:19:12,9.3,850,114500
20231229,09:19:14,9.3,100,114500
20231229,09:19:22,9.35,500,114500
20231229,09:19:24,9.35,200,114500
20231229,09:19:25,9.35,100,114500
20231229,09:19:29,9.35,1500,114500
20231229,09:19:39,9.35,100,114500
20231229,09:19:44,9.3,50,114500
20231229,09:19:52,9.35,100,114500
20231229,09:19:54,9.35,50,114500
20231229,09:20:10,9.35,50,115350
20231229,09:20:14,9.2,1750,115350
20231229,09:20:15,9.2,600,115350
20231229,09:20:20,9.2,600,115350
20231229,09:20:30,9.45,1050,115350
20231229,09:20:32,9.45,900,115350
20231229,09:20:49,9.3,750,115350
20231229,09:21:01,9.1,1550,115350
20231229,09:21:02,9.1,150,115350
20231229,09:21:11,9.3,500,115350
20231229,09:21:15,9.3,2850,115350
20231229,09:21:17,9.3,1300,115350
20231229,09:21:19,9.3,150,115350
20231229,09:21:22,9.2,50,115350
20231229,09:21:24,9.2,50,115350
20231229,09:21:30,9.2,100,115350
20231229,09:21:34,9.2,50,115350
20231229,09:21:37,9.2,1650,115350
20231229,09:21:39,9.25,700,115350
20231229,09:21:42,9.2,1100,115350
20231229,09:21:44,9.05,1400,115350
20231229,09:21:45,9.05,350,115350
20231229,09:21:47,9.05,350,115350
20231229,09:21:49,9.05,650,115350
20231229,09:21:50,9.0,200,115350
20231229,09:21:52,9.0,4850,115350
20231229,09:21:54,9.0,550,115350
20231229,09:21:57,8.95,200,115350
20231229,09:21:59,8.95,600,115350
20231229,09:22:04,8.9,450,115350
20231229,09:22:09,8.95,50,115350
20231229,09:22:10,9.0,100,115350
20231229,09:22:14,8.95,250,115350
20231229,09:22:15,8.95,150,115350
20231229,09:22:19,8.95,150,115350
20231229,09:22:20,8.95,50,115350
20231229,09:22:29,8.95,50,115350
20231229,09:22:30,8.95,50,115350
20231229,09:22:32,8.95,350,115350
20231229,09:22:37,8.9,1800,115350
20231229,09:22:52,9.0,250,115350
20231229,09:22:54,8.9,400,115350
20231229,09:23:12,9.0,200,116400
20231229,09:23:35,8.95,300,116400
20231229,09:23:39,8.95,300,116400
20231229,09:23:42,8.9,50,116400
20231229,09:23:44,8.95,300,116400
20231229,09:23:49,8.8,1800,116400
20231229,09:23:56,8.8,300,116400
20231229,09:24:11,8.95,200,116400
20231229,09:24:24,9.0,450,116400
20231229,09:24:31,9.05,2300,116400
20231229,09:24:37,9.0,3600,116400
20231229,09:24:43,8.95,300,116400
20231229,09:25:13,9.05,100,116400
20231229,09:25:23,9.15,350,116400
20231229,09:25:25,9.15,350,116400
20231229,09:25:33,9.2,900,116400
20231229,09:25:35,9.15,250,116400
20231229,09:25:37,9.15,50,116400
20231229,09:25:42,9.15,50,116400
20231229,09:25:48,9.15,50,116400
20231229,09:26:07,9.15,50,116400
20231229,09:26:13,9.15,800,112450
20231229,09:26:51,9.25,150,112450
20231229,09:26:58,9.25,3800,112450
20231229,09:27:05,9.3,1200,112450
20231229,09:27:11,9.3,350,112450
20231229,09:27:17,9.2,250,112450
20231229,09:27:37,9.3,250,112450
20231229,09:27:44,9.3,100,112450
20231229,09:27:56,9.3,1300,112450
20231229,09:28:02,9.3,150,112450
20231229,09:28:08,9.25,2800,112450
20231229,09:28:15,9.3,50,112450
20231229,09:28:22,9.25,350,112450
20231229,09:28:41,9.3,500,112450
20231229,09:28:47,9.3,600,112450
20231229,09:28:53,9.3,50,112450
20231229,09:29:00,9.4,50,112450
20231229,09:29:07,9.3,800,112450
20231229,09:29:32,9.35,50,121400
20231229,09:29:38,9.35,50,121400
20231229,09:29:44,9.25,300,121400
20231229,09:29:51,9.3,450,121400
20231229,09:29:57,9.3,600,121400
20231229,09:30:04,9.25,200,121400
20231229,09:30:17,9.15,500,121400
20231229,09:30:43,9.25,100,121400
20231229,09:30:50,9.25,200,121400
20231229,09:31:24,9.3,200,121400
20231229,09:31:31,9.35,100,121400
20231229,09:31:38,9.35,1000,121400
20231229,09:31:58,9.25,100,121400
20231229,09:32:17,9.25,100,124450
20231229,09:32:23,9.2,50,124450
20231229,09:33:04,9.15,50,124450
20231229,09:33:10,9.2,550,124450
20231229,09:33:24,9.1,250,124450
20231229,09:33:30,9.1,100,124450
20231229,09:33:36,9.0,250,124450
20231229,09:33:49,8.85,1000,124450
20231229,09:33:55,9.0,1000,124450
20231229,09:34:03,9.15,450,124450
20231229,09:34:05,9.15,1000,124450
20231229,09:34:20,9.05,50,124450
20231229,09:34:21,9.05,150,124450
20231229,09:34:33,9.1,50,124450
20231229,09:34:36,9.1,50,124450
20231229,09:34:57,9.1,150,124450
20231229,09:35:03,9.05,100,124450
20231229,09:35:17,9.15,50,122300
20231229,09:35:30,9.25,350,122300
20231229,09:35:57,9.05,250,122300
20231229,09:36:03,9.1,250,122300
20231229,09:36:10,9.05,300,122300
20231229,09:36:17,9.1,400,122300
20231229,09:36:24,9.1,600,122300
20231229,09:37:04,9.2,50,122300
20231229,09:37:30,9.15,450,122300
20231229,09:37:43,9.15,50,122300
20231229,09:38:10,9.0,850,122300
20231229,09:38:37,8.95,150,122450
20231229,09:38:43,9.0,50,122450
20231229,09:38:50,9.0,250,122450
20231229,09:38:57,9.05,150,122450
20231229,09:39:04,9.0,250,122450
20231229,09:39:11,9.0,900,122450
20231229,09:39:18,9.05,1200,122450
20231229,09:39:24,9.05,50,122450
20231229,09:39:44,8.95,600,122450
20231229,09:39:51,8.95,450,122450
20231229,09:40:04,8.9,1200,122450
20231229,09:40:11,8.8,1800,122450
20231229,09:40:18,8.75,3900,122450
20231229,09:40:25,8.75,2250,122450
20231229,09:40:54,8.85,550,122450
20231229,09:41:02,8.85,950,122450
20231229,09:41:09,8.85,250,122450
20231229,09:41:37,8.85,50,130650
20231229,09:41:43,8.85,100,130650
20231229,09:42:18,8.7,50,130650
20231229,09:42:25,8.7,100,130650
20231229,09:42:50,8.85,1200,130650
20231229,09:43:37,8.85,250,130650
20231229,09:43:55,8.9,900,130650
20231229,09:44:07,8.9,100,130650
20231229,09:44:26,8.8,500,129350
20231229,09:44:38,8.85,50,129350
20231229,09:44:44,8.85,450,129350
20231229,09:44:51,8.8,250,129350
20231229,09:44:58,8.75,50,129350
20231229,09:45:05,8.85,50,129350
20231229,09:45:12,8.8,450,129350
20231229,09:45:18,8.75,800,129350
20231229,09:45:56,8.8,250,129350
20231229,09:46:40,8.8,150,129350
20231229,09:47:19,8.75,50,128950
20231229,09:47:25,8.7,500,128950
20231229,09:47:38,8.75,250,128950
20231229,09:47:55,8.75,50,128950
20231229,09:48:07,8.75,150,128950
20231229,09:48:20,8.9,250,128950
20231229,09:49:15,8.85,250,128950
20231229,09:50:31,8.95,4300,128750
20231229,09:50:43,8.95,50,128750
20231229,09:50:55,8.9,250,128750
20231229,09:51:32,8.9,500,128750
20231229,09:51:38,8.9,1050,128750
20231229,09:51:51,8.95,1000,128750
20231229,09:51:58,8.95,100,128750
20231229,09:52:05,8.95,150,128750
20231229,09:52:11,8.9,50,128750
20231229,09:52:38,8.9,550,128750
20231229,09:53:16,8.95,550,131850
20231229,09:53:30,9.05,150,131850
20231229,09:54:16,9.05,50,131850
20231229,09:54:57,9.0,100,131850
20231229,09:55:05,9.0,400,131850
20231229,09:55:26,9.0,250,131850
20231229,09:55:47,8.95,100,131850
20231229,09:55:53,8.95,100,131850
20231229,09:56:00,8.9,250,131850
20231229,09:56:06,8.9,150,131850
20231229,09:56:13,8.9,100,131850
20231229,09:56:51,8.8,1650,132800
20231229,09:56:58,8.85,100,132800
20231229,09:57:11,8.8,100,132800
20231229,09:57:30,8.8,100,132800
20231229,09:57:37,8.8,50,132800
20231229,09:57:56,8.75,100,132800
20231229,09:58:15,8.7,100,132800
20231229,09:59:01,8.7,100,132800
20231229,09:59:13,8.7,350,134550
20231229,09:59:27,8.7,50,134550
20231229,09:59:33,8.7,50,134550
20231229,09:59:45,8.65,150,134550
20231229,10:00:12,8.65,1000,134550
20231229,10:00:18,8.7,150,134550
20231229,10:00:31,8.75,50,134550
20231229,10:00:43,8.85,1850,134550
20231229,10:00:57,8.9,50,134550
20231229,10:01:17,8.85,1500,134550
20231229,10:01:23,8.8,4700,134550
20231229,10:01:30,8.85,350,134550
20231229,10:02:26,8.85,100,140700
20231229,10:02:32,8.8,450,140700
20231229,10:02:38,8.8,1550,140700
20231229,10:02:44,8.85,350,140700
20231229,10:02:50,8.85,150,140700
20231229,10:02:56,8.9,50,140700
20231229,10:03:03,8.85,150,140700
20231229,10:03:09,8.8,100,140700
20231229,10:03:22,8.85,200,140700
20231229,10:03:33,8.85,250,140700
20231229,10:03:59,8.9,50,140700
20231229,10:04:05,8.8,2300,140700
20231229,10:04:11,8.8,5100,140700
20231229,10:04:17,8.8,750,140700
20231229,10:04:23,8.8,350,140700
20231229,10:04:30,8.8,3900,140700
20231229,10:04:47,8.75,1050,140700
20231229,10:04:53,8.75,450,140700
20231229,10:04:59,8.65,750,140700
20231229,10:05:05,8.7,1050,140700
20231229,10:05:23,8.65,150,154700
20231229,10:05:35,8.6,300,154700
20231229,10:06:26,8.5,150,154700
20231229,10:06:43,8.5,250,154700
20231229,10:07:00,8.5,250,154700
20231229,10:07:18,8.5,250,154700
20231229,10:07:35,8.35,250,154700
20231229,10:07:41,8.3,650,154700
20231229,10:07:48,8.25,600,154700
20231229,10:07:55,8.2,450,154700
20231229,10:08:02,8.15,2500,154700
20231229,10:08:09,8.05,2700,154700
20231229,10:08:16,8.05,200,154700
20231229,10:08:22,8.15,1000,161850
20231229,10:08:34,7.9,1650,161850
20231229,10:08:41,7.85,300,161850
20231229,10:08:59,7.85,50,161850
20231229,10:09:23,7.9,100,161850
20231229,10:09:35,8.0,200,161850
20231229,10:09:41,8.0,600,161850
20231229,10:09:47,8.0,150,161850
20231229,10:10:25,7.85,1950,161850
20231229,10:10:31,7.9,1800,161850
20231229,10:10:37,8.0,1600,161850
20231229,10:11:02,7.85,500,161850
20231229,10:11:09,7.7,200,161850
20231229,10:11:16,7.65,1500,161850
20231229,10:11:23,7.65,550,167950
20231229,10:11:41,7.65,150,167950
20231229,10:11:47,7.6,200,167950
20231229,10:12:50,7.6,200,167950
20231229,10:13:09,7.65,50,167950
20231229,10:13:15,7.75,2950,167950
20231229,10:13:21,7.65,100,167950
20231229,10:13:28,7.65,250,167950
20231229,10:13:54,7.65,50,167950
20231229,10:14:13,7.6,300,167950
20231229,10:14:26,7.65,150,164350
20231229,10:14:54,7.45,250,164350
20231229,10:15:01,7.45,600,164350
20231229,10:15:08,7.45,100,164350
20231229,10:15:15,7.45,450,164350
20231229,10:15:22,7.55,200,164350
20231229,10:15:28,7.5,150,164350
20231229,10:16:15,7.5,200,164350
20231229,10:16:22,7.5,1200,164350
20231229,10:16:29,7.5,50,164350
20231229,10:16:35,7.5,200,164350
20231229,10:16:48,7.45,1300,164350
20231229,10:17:01,7.5,350,164350
20231229,10:17:15,7.6,50,164350
20231229,10:17:28,7.5,50,167400
20231229,10:17:34,7.45,500,167400
20231229,10:17:41,7.45,500,167400
20231229,10:17:47,7.45,400,167400
20231229,10:17:53,7.45,200,167400
20231229,10:18:00,7.55,250,167400
20231229,10:18:06,7.5,1300,167400
20231229,10:18:31,7.4,100,167400
20231229,10:18:38,7.4,250,167400
20231229,10:18:44,7.45,250,167400
20231229,10:18:51,7.45,50,167400
20231229,10:19:03,7.45,1050,167400
20231229,10:19:10,7.5,200,167400
20231229,10:20:13,7.45,50,167400
20231229,10:20:18,7.45,250,170650
20231229,10:20:46,7.4,100,170650
20231229,10:21:10,7.45,50,170650
20231229,10:21:49,7.45,350,170650
20231229,10:21:58,7.4,250,170650
20231229,10:22:08,7.45,500,170650
20231229,10:22:13,7.45,1950,170650
20231229,10:22:18,7.45,350,170650
20231229,10:22:27,7.5,50,170650
20231229,10:22:37,7.5,50,170650
20231229,10:22:42,7.5,1800,170650
20231229,10:22:52,7.5,50,170650
20231229,10:23:06,7.4,500,170650
20231229,10:24:13,7.65,7050,171050
20231229,10:24:20,7.65,1950,171050
20231229,10:24:26,7.65,50,171050
20231229,10:25:13,7.6,200,171050
20231229,10:26:43,7.55,250,164650
20231229,10:28:09,7.55,200,164650
20231229,10:28:15,7.5,2950,164650
20231229,10:28:40,7.4,100,164650
20231229,10:29:17,7.4,200,164650
20231229,10:29:37,7.45,100,164700
20231229,10:30:01,7.4,50,164700
20231229,10:30:18,7.4,50,164700
20231229,10:31:52,7.35,50,164700
20231229,10:32:45,7.35,200,164800
20231229,10:33:28,7.4,50,164800
20231229,10:33:40,7.4,150,164800
20231229,10:33:57,7.4,5550,164800
20231229,10:34:03,7.4,300,164800
20231229,10:35:14,7.4,50,164800
20231229,10:35:31,7.5,150,159550
20231229,10:37:08,7.5,50,159550
20231229,10:37:25,7.55,50,159550
20231229,10:38:14,7.5,150,159550
20231229,10:38:36,7.45,1050,159750
20231229,10:38:47,7.45,300,159750
20231229,10:39:13,7.55,3300,159750
20231229,10:39:23,7.55,600,159750
20231229,10:39:45,7.55,150,159750
20231229,10:39:51,7.6,200,159750
20231229,10:40:03,7.5,200,159750
20231229,10:40:08,7.55,300,159750
20231229,10:41:19,7.4,1100,165650
20231229,10:41:30,7.45,200,165650
20231229,10:41:59,7.5,100,165650
20231229,10:42:22,7.5,350,165650
20231229,10:42:27,7.55,600,165650
20231229,10:42:31,7.55,250,165650
20231229,10:42:41,7.6,50,165650
20231229,10:42:50,7.6,50,165650
20231229,10:43:13,7.6,250,165650
20231229,10:43:18,7.55,200,165650
20231229,10:43:40,7.65,200,165650
20231229,10:43:45,7.65,200,165650
20231229,10:44:27,7.75,50,167350
20231229,10:44:37,7.65,200,167350
20231229,10:47:19,7.75,50,167350
20231229,10:47:51,7.8,250,167350
20231229,10:48:10,7.8,100,167350
20231229,10:48:33,7.8,100,167350
20231229,10:50:39,7.7,50,167400
20231229,10:51:45,7.7,50,167400
20231229,10:51:59,7.7,50,167400
20231229,10:54:11,7.6,50,167400
20231229,10:54:24,7.65,100,167400
20231229,10:54:55,7.65,1500,167400
20231229,10:55:17,7.65,250,167400
20231229,10:55:22,7.6,200,167400
20231229,10:55:40,7.65,1500,167400
20231229,10:57:10,7.55,300,170400
20231229,10:57:18,7.55,100,170400
20231229,10:58:30,7.5,300,170400
20231229,10:58:38,7.5,200,170400
20231229,10:58:42,7.5,1450,170400
20231229,10:59:42,7.4,250,171900
20231229,10:59:46,7.35,1000,171900
20231229,11:00:00,7.4,1000,171900
20231229,11:00:04,7.35,400,171900
20231229,11:00:08,7.45,100,171900
20231229,11:00:18,7.4,300,171900
20231229,11:00:23,7.4,150,171900
20231229,11:01:18,7.25,1000,171900
20231229,11:01:49,7.25,100,171900
20231229,11:01:54,7.25,1050,171900
20231229,11:01:59,7.25,350,171900
20231229,11:02:49,7.25,100,176350
20231229,11:03:03,7.25,1750,176350
20231229,11:03:25,7.25,1300,176350
20231229,11:03:30,7.25,200,176350
20231229,11:03:46,7.25,100,176350
20231229,11:04:49,7.25,500,176350
20231229,11:05:03,7.25,500,176350
20231229,11:06:22,7.2,100,180350
20231229,11:06:26,7.15,2000,180350
20231229,11:06:36,7.15,250,180350
20231229,11:06:45,7.2,1750,180350
20231229,11:06:58,7.2,500,180350
20231229,11:07:42,7.2,900,180350
20231229,11:09:03,7.2,250,182850
20231229,11:09:07,7.2,100,182850
20231229,11:11:51,7.25,300,182850
20231229,11:11:59,7.2,300,182850
20231229,11:12:02,7.2,50,182850
20231229,11:12:06,7.25,200,182850
20231229,11:14:00,7.3,2500,182850
20231229,11:14:22,7.3,250,182850
20231229,11:14:27,7.25,300,184650
20231229,11:14:32,7.3,250,184650
20231229,11:15:19,7.3,250,184650
20231229,11:15:40,7.3,250,184650
20231229,11:15:49,7.25,550,184650
20231229,11:16:28,7.3,100,184650
20231229,11:16:33,7.3,150,184650
20231229,11:16:43,7.3,50,184650
20231229,11:16:49,7.3,100,184650
20231229,11:17:13,7.25,50,184650
20231229,11:17:19,7.3,100,184650
20231229,11:18:26,7.3,150,186150
20231229,11:18:31,7.35,10000,186150
20231229,11:18:36,7.4,200,186150
20231229,11:18:51,7.45,250,186150
20231229,11:19:23,7.4,50,186150
20231229,11:20:41,7.6,1000,186950
20231229,11:20:45,7.55,250,186950
20231229,11:21:20,7.5,750,186950
20231229,11:21:24,7.45,500,186950
20231229,11:21:33,7.45,250,186950
20231229,11:22:43,7.4,50,186950
20231229,11:23:05,7.3,250,186950
20231229,11:23:11,7.3,250,186950
20231229,11:23:15,7.3,50,186950
20231229,11:23:36,7.3,50,187650
20231229,11:23:42,7.35,200,187650
20231229,11:24:54,7.35,550,187650
20231229,11:25:29,7.3,1000,187650
20231229,11:25:40,7.35,100,187650
20231229,11:25:54,7.35,50,187650
20231229,11:27:09,7.3,250,188650
20231229,11:29:41,7.3,250,188650
20231229,11:30:38,7.25,150,188650
20231229,11:33:54,7.55,50,188800
20231229,11:34:17,7.55,600,188800
20231229,11:34:53,7.85,150,188800
20231229,11:35:43,7.95,100,188050
20231229,11:35:55,7.8,100,188050
20231229,11:37:01,7.85,1950,188050
20231229,11:38:24,7.95,50,188050
20231229,11:38:53,8.0,4500,186500
20231229,11:38:57,7.9,7400,186500
20231229,11:39:01,7.9,200,186500
20231229,11:39:05,7.9,4950,186500
20231229,11:40:12,7.75,500,186500
20231229,11:40:29,7.75,250,186500
20231229,11:40:47,7.7,500,186500
20231229,11:41:28,7.75,500,186500
20231229,11:41:32,7.7,50,200150
20231229,11:41:49,7.85,1800,200150
20231229,11:42:47,7.85,1800,200150
20231229,11:44:14,7.8,100,200150
20231229,11:44:23,7.8,1800,200150
20231229,11:44:29,7.75,1150,195150
20231229,11:45:46,7.65,250,195150
20231229,11:46:39,7.7,1800,195150
20231229,11:46:57,7.75,50,195150
20231229,11:48:41,7.75,1000,194550
20231229,11:48:44,7.75,50,194550
20231229,11:48:58,7.65,50,194550
20231229,11:49:35,7.65,500,194550
20231229,11:49:38,7.65,250,194550
20231229,11:50:00,7.7,500,194550
20231229,11:50:27,7.65,1050,194550
20231229,11:51:24,7.65,250,193350
20231229,11:51:54,7.7,1250,193350
20231229,11:52:12,7.7,250,193350
20231229,11:52:15,7.7,50,193350
20231229,11:52:54,7.7,500,193350
20231229,11:53:39,7.75,850,191050
20231229,11:53:42,7.8,500,191050
20231229,11:55:10,7.7,250,191050
20231229,11:55:25,7.75,1250,191050
20231229,11:55:30,7.75,600,191050
20231229,11:55:36,7.7,250,191050
20231229,11:55:48,7.7,1200,191050
20231229,11:55:52,7.7,100,191050
20231229,11:56:10,7.75,1300,191050
20231229,11:56:34,7.75,2000,187150
20231229,11:57:10,7.8,350,187150
20231229,11:58:49,7.8,200,187150
20231229,11:58:54,7.8,600,187150
20231229,11:59:19,7.75,400,187150
20231229,11:59:25,7.7,100,187150
20231229,11:59:30,7.75,300,187150
20231229,11:59:56,7.7,700,187950
20231229,12:01:14,7.75,100,187950
20231229,12:01:17,7.65,350,187950
20231229,12:01:30,7.6,450,187950
20231229,12:01:33,7.6,200,187950
20231229,12:01:46,7.5,150,187950
20231229,12:01:56,7.45,850,187950
20231229,12:03:16,7.35,550,188950
20231229,12:04:29,7.4,250,188950
20231229,12:04:45,7.3,50,188950
20231229,12:04:49,7.35,250,188950
20231229,12:04:53,7.35,1050,188950
20231229,12:04:56,7.35,2200,188950
20231229,12:05:10,7.3,300,188950
20231229,12:07:47,7.35,100,185950
20231229,12:11:42,7.4,300,185950
20231229,12:11:46,7.45,50,185950
20231229,12:12:15,7.5,50,185950
20231229,12:13:07,7.35,500,185950
20231229,12:13:27,7.35,50,185950
20231229,12:13:30,7.35,100,185950
20231229,12:13:33,7.35,50,185950
20231229,12:13:36,7.35,50,185950
20231229,12:14:08,7.35,350,185950
20231229,12:15:06,7.3,600,186450
20231229,12:15:09,7.3,50,186450
20231229,12:15:21,7.3,100,186450
20231229,12:15:24,7.3,50,186450
20231229,12:15:38,7.3,150,186450
20231229,12:16:35,7.3,700,186450
20231229,12:16:37,7.3,300,186450
20231229,12:17:15,7.3,100,186450
20231229,12:17:18,7.3,150,186450
20231229,12:18:09,7.25,150,188450
20231229,12:18:38,7.35,50,188450
20231229,12:18:41,7.35,50,188450
20231229,12:20:10,7.3,250,188450
20231229,12:20:52,7.3,150,188600
20231229,12:20:55,7.3,100,188600
20231229,12:20:58,7.3,50,188600
20231229,12:21:04,7.35,50,188600
20231229,12:21:24,7.35,100,188600
20231229,12:21:28,7.3,400,188600
20231229,12:21:35,7.3,150,188600
20231229,12:21:49,7.35,50,188600
20231229,12:21:53,7.35,150,188600
20231229,12:21:59,7.3,50,188600
20231229,12:22:02,7.3,150,188600
20231229,12:23:06,7.35,50,188600
20231229,12:23:09,7.35,1650,188600
20231229,12:23:18,7.35,150,188600
20231229,12:23:47,7.35,250,187350
20231229,12:24:39,7.35,50,187350
20231229,12:24:59,7.4,1800,187350
20231229,12:25:02,7.45,50,187350
20231229,12:25:14,7.45,50,187350
20231229,12:25:16,7.45,50,187350
20231229,12:25:28,7.4,50,187350
20231229,12:26:11,7.35,1350,187350
20231229,12:26:39,7.35,450,186100
20231229,12:27:34,7.4,50,186100
20231229,12:28:12,7.3,750,186100
20231229,12:28:54,7.25,250,186100
20231229,12:28:57,7.2,100,186100
20231229,12:29:19,7.2,200,186100
20231229,12:29:57,7.2,100,186100
20231229,12:30:12,7.1,50,186100
20231229,12:30:48,7.05,50,186100
20231229,12:30:57,7.0,850,186100
20231229,12:31:27,7.0,200,186100
20231229,12:31:30,7.0,150,186100
20231229,12:31:41,6.9,50,186100
20231229,12:31:47,6.9,150,186100
20231229,12:32:16,7.0,250,186100
20231229,12:34:31,7.0,1450,186100
20231229,12:35:08,7.05,300,186100
20231229,12:35:59,7.0,200,186150
20231229,12:36:11,7.0,200,186150
20231229,12:36:57,6.95,200,186150
20231229,12:38:10,6.9,350,186150
20231229,12:38:18,6.9,150,186150
20231229,12:39:07,6.8,150,186650
20231229,12:39:32,6.8,250,186650
20231229,12:40:50,6.7,150,186650
20231229,12:41:47,6.7,100,186650
20231229,12:44:08,6.65,800,186650
20231229,12:45:08,6.65,50,185750
20231229,12:45:12,6.65,750,185750
20231229,12:45:16,6.65,200,185750
20231229,12:45:23,6.65,200,185750
20231229,12:45:27,6.65,200,185750
20231229,12:45:44,6.6,250,185750
20231229,12:45:48,6.5,2200,185750
20231229,12:46:29,6.5,600,185750
20231229,12:46:38,6.45,2250,185750
20231229,12:47:43,6.35,250,185750
20231229,12:51:14,6.35,500,187400
20231229,12:51:17,6.5,150,187400
20231229,12:51:39,6.35,250,187400
20231229,12:51:47,6.35,250,187400
20231229,12:52:18,6.45,200,187400
20231229,12:53:02,6.35,400,187400
20231229,12:55:08,6.5,250,187250
20231229,12:55:54,6.4,150,187250
20231229,12:59:57,6.35,300,187100
20231229,13:02:51,6.4,200,186900
20231229,13:03:06,6.35,300,186900
20231229,13:03:38,6.5,50,186900
20231229,13:03:47,6.5,50,186900
20231229,13:04:06,6.55,50,186900
20231229,13:04:25,6.55,250,186900
20231229,13:04:34,6.55,50,186900
20231229,13:07:26,6.45,1000,186850
20231229,13:07:52,6.5,600,186850
20231229,13:14:07,6.35,400,187250
20231229,13:15:40,6.5,150,187150
20231229,13:17:19,6.45,250,187150
20231229,13:17:45,6.55,250,187150
20231229,13:18:03,6.55,150,187150
20231229,13:19:37,6.35,500,187150
20231229,13:21:05,6.45,50,186400
20231229,13:22:41,6.35,50,186400
20231229,13:25:00,6.4,50,186400
20231229,13:25:34,6.45,50,186400
20231229,13:25:46,6.45,350,186400
20231229,13:27:13,6.45,100,186400
20231229,13:27:57,6.4,50,186400
20231229,13:28:05,6.4,1000,186400
20231229,13:28:35,6.4,700,186400
20231229,13:28:54,6.4,300,186400
20231229,13:29:37,6.3,150,186400
20231229,13:30:59,6.3,50,186300
20231229,13:31:43,6.4,250,186300
20231229,13:32:46,6.35,50,186000
20231229,13:34:01,6.35,800,186000
20231229,13:36:01,6.35,50,185200
20231229,13:36:26,6.35,50,185200
20231229,13:36:46,6.35,50,185200
20231229,13:36:49,6.25,200,185200
20231229,13:37:49,6.25,50,185200
20231229,13:38:22,6.35,150,185200
20231229,13:39:00,6.3,150,185200
20231229,13:40:12,6.2,200,185150
20231229,13:40:55,6.2,5050,185150
20231229,13:41:26,6.15,100,185150
20231229,13:41:34,6.15,200,185150
20231229,13:43:58,6.2,150,184550
20231229,13:45:17,6.2,250,184550
20231229,13:45:21,6.15,4600,184550
20231229,13:45:32,6.2,50,184550
20231229,13:46:10,6.15,250,184550
20231229,13:46:21,6.15,700,184550
20231229,13:46:53,6.2,950,184550
20231229,13:46:57,6.25,150,184550
20231229,13:47:22,6.25,50,184550
20231229,13:47:27,6.2,450,184550
20231229,13:47:34,6.15,400,184550
20231229,13:49:29,6.1,750,182250
20231229,13:49:47,6.25,1000,182250
20231229,13:49:51,6.2,150,182250
20231229,13:50:02,6.2,150,182250
20231229,13:50:06,6.2,300,182250
20231229,13:50:32,6.25,150,182250
20231229,13:52:01,6.25,500,180000
20231229,13:55:25,6.2,300,179500
20231229,13:55:36,6.1,250,179500
20231229,13:57:20,6.15,500,179750
20231229,13:57:53,6.15,500,179750
20231229,14:00:30,6.15,200,180750
20231229,14:00:54,6.15,200,180750
20231229,14:02:12,6.15,150,180750
20231229,14:02:24,6.15,150,180750
20231229,14:02:30,6.15,150,180750
20231229,14:02:34,6.15,300,180750
20231229,14:03:05,6.15,50,180250
20231229,14:03:17,6.15,150,180250
20231229,14:03:23,6.15,300,180250
20231229,14:03:29,6.1,1050,180250
20231229,14:03:32,6.1,450,180250
20231229,14:03:58,6.2,300,180250
20231229,14:04:15,6.2,300,180250
20231229,14:04:24,6.15,750,180250
20231229,14:04:29,6.15,300,180250
20231229,14:04:33,6.05,100,180250
20231229,14:05:28,6.05,600,180250
20231229,14:05:31,6.15,600,180250
20231229,14:05:38,6.2,150,180250
20231229,14:05:44,6.25,900,180250
20231229,14:06:06,6.15,600,175600
20231229,14:06:12,6.15,450,175600
20231229,14:06:15,6.2,300,175600
20231229,14:06:25,6.1,900,175600
20231229,14:06:46,6.1,1050,175600
20231229,14:06:49,6.1,750,175600
20231229,14:07:31,6.0,2050,175600
20231229,14:09:43,6.0,250,176500
20231229,14:09:46,6.0,250,176500
20231229,14:11:57,5.95,300,176500
20231229,14:13:56,5.8,100,176500
20231229,14:14:29,5.8,50,176500
20231229,14:16:31,5.75,650,176350
20231229,14:16:36,5.75,100,176350
20231229,14:16:48,5.85,1500,176350
20231229,14:16:54,5.85,3800,176350
20231229,14:17:11,5.85,1200,176350
20231229,14:17:58,5.8,300,172400
20231229,14:18:18,5.8,300,172400
20231229,14:18:22,5.85,300,172400
20231229,14:18:27,5.85,700,172400
20231229,14:18:44,5.8,1500,172400
20231229,14:18:53,5.8,500,172400
20231229,14:19:10,5.75,250,172400
20231229,14:19:17,5.75,250,172400
20231229,14:19:23,5.75,250,172400
20231229,14:19:29,5.75,250,172400
20231229,14:19:36,5.8,350,172400
20231229,14:24:46,5.7,200,170800
20231229,14:25:06,5.7,9950,170800
20231229,14:25:12,5.95,21950,170800
20231229,14:25:18,6.0,1850,170800
20231229,14:25:24,6.0,700,170800
20231229,14:25:30,6.0,800,170800
20231229,14:25:36,6.0,700,170800
20231229,14:25:42,6.0,500,170800
20231229,14:25:48,6.05,250,170800
20231229,14:25:53,6.05,1150,170800
20231229,14:26:05,6.05,150,170800
20231229,14:26:09,6.2,6800,170800
20231229,14:26:14,6.3,4450,170800
20231229,14:26:19,6.35,2850,170800
20231229,14:26:43,6.25,400,170800
20231229,14:26:48,6.25,200,170800
20231229,14:26:58,6.2,100,196550
20231229,14:27:23,6.2,100,196550
20231229,14:27:27,6.3,600,196550
20231229,14:27:50,6.2,1150,196550
20231229,14:28:05,6.15,100,196550
20231229,14:28:10,6.15,100,196550
20231229,14:28:14,6.1,100,196550
20231229,14:28:19,6.1,100,196550
20231229,14:28:24,6.1,200,196550
20231229,14:29:38,6.2,600,196550
20231229,14:29:43,6.2,300,196550
20231229,14:30:00,6.15,250,196650
20231229,14:30:10,6.2,150,196650
20231229,14:30:19,6.2,700,196650
20231229,14:31:06,6.25,50,196650
20231229,14:31:57,6.2,100,196650
20231229,14:33:08,6.25,450,195600
20231229,14:33:13,6.3,150,195600
20231229,14:33:31,6.35,200,195600
20231229,14:33:38,6.35,200,195600
20231229,14:34:49,6.3,250,195600
20231229,14:34:59,6.3,250,195600
20231229,14:35:43,6.35,200,195600
20231229,14:36:04,6.4,250,187500
20231229,14:36:23,6.3,200,187500
20231229,14:36:42,6.3,250,187500
20231229,14:36:51,6.35,50,187500
20231229,14:37:06,6.4,500,187500
20231229,14:37:12,6.4,300,187500
20231229,14:37:27,6.4,250,187500
20231229,14:37:31,6.35,3250,187500
20231229,14:37:36,6.35,1750,187500
20231229,14:39:36,6.35,50,183400
20231229,14:39:48,6.25,100,183400
20231229,14:40:15,6.3,1500,183400
20231229,14:41:29,6.3,1850,183400
20231229,14:41:33,6.25,800,183400
20231229,14:41:38,6.25,100,183400
20231229,14:42:00,6.3,200,186250
20231229,14:42:14,6.25,800,186250
20231229,14:42:17,6.3,500,186250
20231229,14:42:21,6.3,50,186250
20231229,14:42:29,6.25,500,186250
20231229,14:42:37,6.25,750,186250
20231229,14:42:49,6.25,1300,186250
20231229,14:43:16,6.25,200,186250
20231229,14:43:27,6.25,500,186250
20231229,14:44:01,6.2,350,186250
20231229,14:44:06,6.2,1250,186250
20231229,14:44:42,6.25,500,186250
20231229,14:44:54,6.45,29700,186250
20231229,14:45:39,6.4,1250,214700
20231229,14:46:03,6.4,1600,214700
20231229,14:46:08,6.35,3000,214700
20231229,14:46:11,6.35,250,214700
20231229,14:47:01,6.4,50,214700
20231229,14:47:05,6.4,150,214700
20231229,14:47:49,6.4,1800,214700
20231229,14:47:53,6.35,1000,214700
20231229,14:49:08,6.35,250,216200
20231229,14:49:15,6.35,250,216200
20231229,14:49:29,6.35,50,216200
20231229,14:49:42,6.3,100,216200
20231229,14:49:57,6.3,50,216200
20231229,14:50:10,6.3,300,216200
20231229,14:50:46,6.3,50,216200
20231229,14:51:15,6.25,100,216950
20231229,14:51:34,6.25,2200,216950
20231229,14:51:42,6.3,50,216950
20231229,14:51:50,6.3,50,216950
20231229,14:52:14,6.3,350,216950
20231229,14:52:26,6.3,50,216950
20231229,14:52:31,6.3,250,216950
20231229,14:52:36,6.3,850,216950
20231229,14:52:42,6.4,2050,216950
20231229,14:52:48,6.4,1900,216950
20231229,14:52:54,6.4,1150,216950
20231229,14:53:00,6.5,300,216950
20231229,14:53:16,6.45,50,216950
20231229,14:53:32,6.45,1000,216950
20231229,14:53:47,6.5,50,216950
20231229,14:54:09,6.5,200,222450
20231229,14:54:25,6.5,400,222450
20231229,14:54:40,6.5,350,222450
20231229,14:55:21,6.6,1250,222450
20231229,14:55:32,6.65,1350,222450
20231229,14:55:55,6.7,500,222450
20231229,14:56:54,6.7,1600,222450
20231229,14:56:59,6.7,500,224000
20231229,14:57:04,6.7,250,224000
20231229,14:57:13,6.7,250,224000
20231229,14:57:18,6.8,1300,224000
20231229,14:57:32,6.9,200,224000
20231229,14:57:37,6.9,500,224000
20231229,14:58:22,7.05,2400,224000
20231229,14:58:45,7.1,400,224000
20231229,14:58:55,7.1,250,224000
20231229,14:59:01,7.1,1000,224000
20231229,14:59:08,7.15,300,224000
20231229,14:59:13,7.1,550,224000
20231229,14:59:19,7.15,1800,224000
20231229,14:59:24,7.1,1650,224000
20231229,15:00:12,7.25,100,230750
20231229,15:00:20,7.25,50,230750
20231229,15:00:36,7.2,1000,230750
20231229,15:01:10,7.25,1150,230750
20231229,15:01:17,7.3,100,230750
20231229,15:01:37,7.35,2750,230750
20231229,15:01:46,7.05,31750,230750
20231229,15:02:52,6.9,500,230750
20231229,15:03:05,7.0,1600,224050
20231229,15:03:34,7.1,50,224050
20231229,15:03:40,7.05,1800,224050
20231229,15:04:07,7.15,50,224050
20231229,15:04:24,7.0,1400,224050
20231229,15:04:39,7.0,100,224050
20231229,15:04:45,7.0,50,224050
20231229,15:05:28,7.0,2400,224050
20231229,15:06:04,6.95,250,225250
20231229,15:06:17,6.9,50,225250
20231229,15:07:11,6.85,1800,225250
20231229,15:09:21,6.6,200,227200
20231229,15:09:29,6.7,3150,227200
20231229,15:09:36,6.75,600,227200
20231229,15:10:50,6.75,250,227200
20231229,15:11:42,6.75,1500,227200
20231229,15:11:46,6.65,400,227200
20231229,15:12:15,6.7,50,226000
20231229,15:12:29,6.6,100,226000
20231229,15:12:59,6.5,200,226000
20231229,15:13:06,6.55,50,226000
20231229,15:13:32,6.45,1400,226000
20231229,15:13:48,6.5,1500,226000
20231229,15:13:52,6.5,5000,226000
20231229,15:13:56,6.45,750,226000
20231229,15:14:22,6.45,400,226000
20231229,15:14:26,6.45,900,226000
20231229,15:14:47,6.5,50,226000
20231229,15:14:59,6.4,200,226500
20231229,15:15:04,6.45,500,226500
20231229,15:15:09,6.45,500,226500
20231229,15:15:18,6.5,3300,226500
20231229,15:15:24,6.5,1750,226500
20231229,15:15:35,6.45,1250,226500
20231229,15:16:31,6.55,250,226500
20231229,15:16:35,6.55,250,226500
20231229,15:17:02,6.5,250,226500
20231229,15:17:06,6.5,250,226500
20231229,15:17:28,6.5,150,226500
20231229,15:17:44,6.45,200,226500
20231229,15:17:48,6.45,250,226500
20231229,15:17:53,6.5,250,226500
20231229,15:18:01,6.5,50,221650
20231229,15:18:32,6.5,50,221650
20231229,15:18:45,6.45,50,221650
20231229,15:18:49,6.45,50,221650
20231229,15:19:21,6.4,400,221650
20231229,15:20:04,6.4,550,221650
20231229,15:20:09,6.4,450,221650
20231229,15:20:35,6.35,150,221650
20231229,15:20:49,6.3,50,221650
20231229,15:21:17,6.25,100,222300
20231229,15:21:27,6.25,1500,222300
20231229,15:21:47,6.2,150,222300
20231229,15:21:55,6.2,600,222300
20231229,15:22:03,6.2,250,222300
20231229,15:22:16,6.2,150,222300
20231229,15:22:40,6.2,50,222300
20231229,15:22:44,6.15,950,222300
20231229,15:22:48,6.1,1500,222300
20231229,15:22:51,6.1,200,222300
20231229,15:22:55,6.05,2050,222300
20231229,15:23:14,6.15,50,222300
20231229,15:23:19,6.1,100,222300
20231229,15:23:24,6.1,450,222300
20231229,15:23:35,6.1,350,222300
20231229,15:23:55,6.1,200,222300
20231229,15:24:05,6.15,200,227750
20231229,15:24:20,6.15,100,227750
20231229,15:24:49,6.1,250,227750
20231229,15:25:17,6.1,50,227750
20231229,15:25:26,6.15,100,227750
20231229,15:25:31,6.0,1600,227750
20231229,15:25:37,5.8,250,227750
20231229,15:25:43,5.85,500,227750
20231229,15:25:48,5.8,700,227750
20231229,15:26:09,5.8,450,227750
20231229,15:26:20,5.85,250,227750
20231229,15:26:30,5.85,750,227750
20231229,15:26:35,5.85,250,227750
20231229,15:26:40,5.85,750,227750
20231229,15:26:46,5.8,100,227750
20231229,15:27:08,5.85,500,224450
20231229,15:27:14,5.85,300,224450
20231229,15:27:19,5.8,100,224450
20231229,15:27:31,5.8,900,224450
20231229,15:27:37,5.85,4550,224450
20231229,15:27:43,5.85,900,224450
20231229,15:27:59,6.2,1800,224450
20231229,15:28:11,6.15,100,224450
20231229,15:28:17,6.1,200,224450
20231229,15:28:23,6.2,450,224450
20231229,15:28:29,6.15,300,224450
20231229,15:28:51,6.1,100,224450
20231229,15:29:15,6.0,750,224450
20231229,15:29:21,6.0,950,224450
20231229,15:29:27,5.95,100,224450
20231229,15:29:34,5.9,300,224450
20231229,15:29:41,5.9,1050,224450
20231229,15:29:47,5.8,450,224450
20231229,15:29:54,5.95,500,224450
20240101,09:15:02,6.5,1,213250
20240101,09:15:02,5.95,150,213250
20240101,09:15:14,5.45,700,213250
20240101,09:15:25,5.3,850,213250
20240101,09:15:35,5.3,300,213250
20240101,09:15:53,4.9,12400,213250
20240101,09:16:03,4.85,2150,213250
20240101,09:16:10,4.9,100,213250
20240101,09:16:18,4.75,1800,213250
20240101,09:16:25,4.7,1600,213250
20240101,09:16:32,4.6,2450,213250
20240101,09:16:40,4.8,200,213250
20240101,09:16:50,4.75,2900,213250
20240101,09:16:59,4.75,50,213250
20240101,09:17:10,4.85,450,213250
20240101,09:17:17,4.9,50,225600
20240101,09:17:34,4.8,300,225600
20240101,09:17:43,4.8,1500,225600
20240101,09:17:59,4.7,950,225600
20240101,09:18:02,4.7,1900,225600
20240101,09:18:09,4.7,600,225600
20240101,09:18:32,4.75,200,225600
20240101,09:19:05,4.7,150,225600
20240101,09:19:11,4.7,1300,225600
20240101,09:19:52,4.7,1700,225600
20240101,09:19:59,4.75,2500,225600
20240101,09:20:06,4.75,2450,225600
20240101,09:20:13,4.6,1900,225600
20240101,09:20:23,4.6,750,223400
20240101,09:20:32,4.6,250,223400
20240101,09:20:41,4.6,50,223400
20240101,09:20:50,4.6,3050,223400
20240101,09:21:08,4.65,2050,223400
20240101,09:21:32,4.6,1750,223400
20240101,09:21:54,4.6,450,223400
20240101,09:22:02,4.65,400,223400
20240101,09:22:09,4.7,100,223400
20240101,09:22:17,4.65,1800,223400
20240101,09:22:32,4.6,300,223400
20240101,09:22:39,4.6,300,223400
20240101,09:23:07,4.7,100,223400
20240101,09:23:20,4.65,1500,221400
20240101,09:23:39,4.7,150,221400
20240101,09:24:53,4.7,50,221400
20240101,09:25:06,4.6,700,221400
20240101,09:26:14,4.55,200,221400
20240101,09:27:02,4.5,3100,221900
20240101,09:27:16,4.45,50,221900
20240101,09:27:36,4.45,100,221900
20240101,09:27:51,4.5,200,221900
20240101,09:27:59,4.55,1900,221900
20240101,09:28:06,4.5,200,221900
20240101,09:28:19,4.5,1000,221900
20240101,09:29:21,4.4,1000,224050
20240101,09:30:51,4.4,100,224050
20240101,09:31:11,4.35,1250,224050
20240101,09:31:39,4.35,50,224050
20240101,09:31:45,4.35,600,224050
20240101,09:31:52,4.35,350,224050
20240101,09:32:06,4.4,100,224050
20240101,09:32:32,4.4,100,224400
20240101,09:33:04,4.45,100,224400
20240101,09:33:11,4.45,100,224400
20240101,09:33:18,4.4,1450,224400
20240101,09:33:32,4.45,400,224400
20240101,09:34:35,4.4,3600,224400
20240101,09:34:49,4.35,350,224400
20240101,09:34:55,4.35,1400,224400
20240101,09:35:02,4.4,1600,224400
20240101,09:35:17,4.35,1750,224400
20240101,09:35:24,4.3,1600,218950
20240101,09:35:32,4.3,1500,218950
20240101,09:35:47,4.3,250,218950
20240101,09:35:55,4.3,800,218950
20240101,09:36:02,4.3,100,218950
20240101,09:36:16,4.3,200,218950
20240101,09:36:23,4.3,1500,218950
20240101,09:36:30,4.25,1800,218950
20240101,09:36:53,4.25,100,218950
20240101,09:37:14,4.3,50,218950
20240101,09:37:21,4.3,2100,218950
20240101,09:37:28,4.3,350,218950
20240101,09:37:35,4.3,700,218950
20240101,09:37:43,4.25,950,218950
20240101,09:37:50,4.3,1750,218950
20240101,09:38:04,4.35,900,218950
20240101,09:38:11,4.35,450,218950
20240101,09:38:18,4.25,2450,218950
20240101,09:38:32,4.25,2500,215700
20240101,09:39:06,4.3,3750,215700
20240101,09:39:19,4.3,2000,215700
20240101,09:39:26,4.35,500,215700
20240101,09:39:51,4.35,150,215700
20240101,09:40:18,4.25,450,215700
20240101,09:40:25,4.35,700,215700
20240101,09:41:02,4.35,1550,215700
20240101,09:41:08,4.4,1150,215700
20240101,09:41:14,4.4,1750,215700
20240101,09:41:26,4.35,400,212150
20240101,09:42:21,4.35,500,212150
20240101,09:42:33,4.35,1000,212150
20240101,09:42:46,4.4,250,212150
20240101,09:43:05,4.4,450,212150
20240101,09:43:12,4.4,250,212150
20240101,09:43:19,4.4,50,212150
20240101,09:43:25,4.4,500,212150
20240101,09:44:37,4.4,1200,210800
20240101,09:44:44,4.4,150,210800
20240101,09:44:51,4.45,50,210800
20240101,09:45:19,4.45,100,210800
20240101,09:45:25,4.45,50,210800
20240101,09:46:37,4.4,100,210800
20240101,09:46:59,4.4,100,210800
20240101,09:48:09,4.35,800,209550
20240101,09:48:29,4.45,27100,209550
20240101,09:48:42,4.4,900,209550
20240101,09:48:48,4.3,600,209550
20240101,09:49:15,4.4,50,209550
20240101,09:52:09,4.4,700,231950
20240101,09:52:36,4.4,300,231950
20240101,09:52:46,4.4,450,231950
20240101,09:53:03,4.4,300,231950
20240101,09:53:12,4.4,800,231950
20240101,09:53:20,4.4,50,231950
20240101,09:53:49,4.4,100,232150
20240101,09:54:28,4.45,1500,232150
20240101,09:54:55,4.45,450,232150
20240101,09:55:03,4.45,850,232150
20240101,09:55:49,4.4,2850,232150
20240101,09:55:57,4.4,1650,232150
20240101,09:56:06,4.35,1500,232150
20240101,09:56:33,4.5,500,232150
20240101,09:56:51,4.4,250,232150
20240101,09:57:00,4.4,50,232150
20240101,09:57:27,4.4,150,232150
20240101,09:58:03,4.4,3900,232150
20240101,09:58:57,4.6,1800,232150
20240101,09:59:37,4.6,150,235000
20240101,10:03:37,4.6,100,235050
20240101,10:03:44,4.55,2500,235050
20240101,10:04:08,4.5,1300,235050
20240101,10:04:48,4.5,1250,235050
20240101,10:05:11,4.5,250,235050
20240101,10:05:19,4.5,1100,235050
20240101,10:06:30,4.35,2500,238850
20240101,10:06:46,4.35,150,238850
20240101,10:06:54,4.35,1800,238850
20240101,10:07:01,4.35,1350,238850
20240101,10:07:09,4.35,100,238850
20240101,10:07:25,4.3,100,238850
20240101,10:07:57,4.25,1000,238850
20240101,10:08:05,4.3,500,238850
20240101,10:08:13,4.25,100,238850
20240101,10:09:01,4.25,150,241200
20240101,10:09:08,4.0,27900,241200
20240101,10:09:24,4.15,1200,241200
20240101,10:09:31,4.15,1600,241200
20240101,10:09:45,4.25,1800,241200
20240101,10:11:12,4.1,250,241200
20240101,10:12:25,4.05,450,234750
20240101,10:13:12,4.1,900,234750
20240101,10:13:35,4.1,150,234750
20240101,10:14:22,4.15,250,234750
20240101,10:14:30,4.15,50,234700
20240101,10:14:45,4.25,2000,234700
20240101,10:14:52,4.15,50,234700
20240101,10:15:08,4.25,50,234700
20240101,10:15:15,4.25,50,234700
20240101,10:15:39,4.15,100,234700
20240101,10:17:13,4.25,50,234700
20240101,10:17:36,4.2,50,234500
20240101,10:18:59,4.15,800,234500
20240101,10:19:45,4.15,850,234500
20240101,10:19:53,4.15,750,234500
20240101,10:21:18,4.2,1300,233050
20240101,10:21:33,4.2,200,233050
20240101,10:21:41,4.2,100,233050
20240101,10:21:57,4.25,500,233050
20240101,10:22:41,4.05,50,233050
20240101,10:22:57,4.1,50,233050
20240101,10:23:05,4.2,200,233050
20240101,10:23:13,4.2,200,233050
20240101,10:23:20,4.15,300,233050
20240101,10:23:28,4.2,350,232800
20240101,10:23:36,4.15,750,232800
20240101,10:23:44,4.2,150,232800
20240101,10:23:51,4.15,400,232800
20240101,10:23:59,4.2,400,232800
20240101,10:24:08,4.2,150,232800
20240101,10:24:24,4.2,450,232800
20240101,10:24:39,4.15,100,232800
20240101,10:24:56,4.1,50,232800
20240101,10:25:29,4.2,350,232800
20240101,10:25:37,4.2,1800,232800
20240101,10:25:52,4.2,50,232800
20240101,10:26:00,4.2,350,232800
20240101,10:26:08,4.2,150,232800
20240101,10:26:33,4.2,100,231250
20240101,10:26:57,4.2,50,231250
20240101,10:27:06,4.15,1500,231250
20240101,10:27:39,4.2,50,231250
20240101,10:27:46,4.15,400,231250
20240101,10:27:54,4.15,50,231250
20240101,10:28:01,4.15,750,231250
20240101,10:28:23,4.15,400,231250
20240101,10:28:47,4.05,100,231250
20240101,10:29:19,4.1,100,231250
20240101,10:29:27,4.05,300,231250
20240101,10:29:43,4.15,100,232050
20240101,10:29:59,4.15,50,232050
20240101,10:30:32,4.1,600,232050
20240101,10:30:48,4.15,200,232050
20240101,10:31:43,4.05,200,232050
20240101,10:32:04,4.15,300,232050
20240101,10:32:57,4.15,50,233150
20240101,10:33:39,4.15,300,233150
20240101,10:33:48,4.1,600,233150
20240101,10:34:55,4.1,1800,233150
20240101,10:36:42,4.15,600,232950
20240101,10:37:29,4.15,900,232950
20240101,10:37:38,4.15,900,232950
20240101,10:37:56,4.15,300,232950
20240101,10:38:04,4.15,1350,232950
20240101,10:38:55,4.1,1850,232400
20240101,10:41:12,4.15,50,232400
20240101,10:41:36,4.15,100,233450
20240101,10:41:51,4.15,100,233450
20240101,10:42:38,4.15,100,233450
20240101,10:43:28,4.15,100,233450
20240101,10:44:20,4.05,100,233450
20240101,10:44:26,4.05,200,233450
20240101,10:44:34,4.05,100,233750
20240101,10:44:51,4.05,100,233750
20240101,10:45:06,4.2,50,233750
20240101,10:45:14,4.2,50,233750
20240101,10:45:28,4.2,100,233750
20240101,10:45:35,4.2,50,233750
20240101,10:45:41,4.2,50,233750
20240101,10:46:00,4.2,50,233750
20240101,10:46:07,4.2,50,233750
20240101,10:47:20,4.2,50,233750
20240101,10:47:26,4.2,50,233750
20240101,10:48:02,4.2,250,233950
20240101,10:48:12,4.1,3000,233950
20240101,10:48:41,4.2,900,233950
20240101,10:48:48,4.1,450,233950
20240101,10:50:19,4.15,850,233950
20240101,10:51:44,4.1,200,234750
20240101,10:51:51,4.1,150,234750
20240101,10:51:57,4.1,100,234750
20240101,10:52:56,4.05,150,234750
20240101,10:53:51,4.05,600,234900
20240101,10:54:31,4.05,150,234900
20240101,10:58:06,3.95,600,235150
20240101,10:59:47,3.95,200,235150
20240101,11:00:55,4.0,150,235150
20240101,11:01:34,4.0,350,235150
20240101,11:02:14,4.05,50,235150
20240101,11:03:19,4.05,500,235350
20240101,11:03:26,4.0,500,235350
20240101,11:04:09,4.05,50,235350
20240101,11:07:27,4.05,1000,235450
20240101,11:07:36,4.0,450,235450
20240101,11:08:16,4.05,1300,235450
20240101,11:08:30,4.05,250,235450
20240101,11:08:51,4.05,250,233300
20240101,11:09:05,4.05,1050,233300
20240101,11:09:12,4.05,400,233300
20240101,11:09:44,4.1,250,233300
20240101,11:11:21,4.1,150,233300
20240101,11:12:14,4.1,1050,231850
20240101,11:12:20,4.05,50,231850
20240101,11:16:15,4.05,50,231850
20240101,11:16:21,4.05,50,230750
20240101,11:17:44,4.05,1350,230650
20240101,11:17:55,4.1,250,230650
20240101,11:19:16,4.1,3300,230650
20240101,11:19:23,4.1,50,230650
20240101,11:20:26,4.1,1000,230650
20240101,11:21:30,4.1,200,225750
20240101,11:21:36,4.1,50,225750
20240101,11:22:21,4.1,50,225750
20240101,11:22:31,4.1,250,225750
20240101,11:22:36,4.15,350,225750
20240101,11:23:25,4.05,2650,225750
20240101,11:23:30,4.05,1200,225750
20240101,11:23:40,4.05,200,221350
20240101,11:23:54,4.05,500,221350
20240101,11:24:59,4.05,1650,221350
20240101,11:25:33,4.1,1500,221350
20240101,11:25:39,4.1,1500,221350
20240101,11:25:44,4.1,1000,221350
20240101,11:27:10,4.1,50,218000
20240101,11:27:25,4.05,1350,218000
20240101,11:28:46,4.05,700,218000
20240101,11:29:06,4.1,50,218000
20240101,11:29:16,4.0,500,218000
20240101,11:31:25,4.1,250,217050
20240101,11:31:44,4.0,250,217050
20240101,11:33:35,4.05,900,217300
20240101,11:35:00,4.05,350,217300
20240101,11:35:04,4.1,50,217300
20240101,11:35:08,4.05,250,217300
20240101,11:35:35,4.05,50,217300
20240101,11:35:43,4.05,200,215850
20240101,11:38:58,4.0,50,215650
20240101,11:39:57,4.0,50,215650
20240101,11:41:08,3.9,50,215650
20240101,11:43:09,3.9,100,215700
20240101,11:43:53,4.0,400,215700
20240101,11:44:49,3.9,250,216200
20240101,11:46:25,3.9,250,216200
20240101,11:47:36,3.85,50,216200
20240101,11:48:00,3.85,300,215950
20240101,11:48:13,3.85,150,215950
20240101,11:48:58,3.8,50,215950
20240101,11:51:25,3.8,50,215900
20240101,11:53:33,3.8,100,215900
20240101,11:53:53,3.85,50,216000
20240101,11:54:31,3.85,50,216000
20240101,11:54:36,3.85,500,216000
20240101,11:55:54,3.7,1800,216000
20240101,11:56:29,3.7,1200,216000
20240101,11:58:10,3.7,1800,217900
20240101,11:58:18,3.75,200,217900
20240101,11:58:32,3.7,1800,217900
20240101,11:58:59,3.7,1800,217900
20240101,11:59:47,3.7,200,222250
20240101,12:00:12,3.65,750,222250
20240101,12:01:46,3.65,50,222250
20240101,12:03:32,3.65,50,223000
20240101,12:05:17,3.65,200,223000
20240101,12:05:29,3.65,200,223000
20240101,12:05:52,3.7,200,223000
20240101,12:06:16,3.75,50,223000
20240101,12:06:42,3.65,100,223000
20240101,12:07:27,3.7,50,223000
20240101,12:07:48,3.7,50,223000
20240101,12:08:16,3.75,500,223000
20240101,12:09:06,3.65,750,222600
20240101,12:09:11,3.6,600,222600
20240101,12:10:10,3.6,450,222600
20240101,12:10:37,3.7,50,222600
20240101,12:10:48,3.7,350,222600
20240101,12:12:25,3.6,300,222400
20240101,12:14:03,3.6,250,222400
20240101,12:14:38,3.6,250,222400
20240101,12:14:48,3.6,50,222400
20240101,12:14:59,3.6,300,221900
20240101,12:16:11,3.6,100,221900
20240101,12:16:37,3.6,200,221900
20240101,12:17:04,3.6,50,221900
20240101,12:17:09,3.6,100,221900
20240101,12:19:10,3.6,50,221200
20240101,12:19:54,3.6,450,221200
20240101,12:20:33,3.55,500,221200
20240101,12:20:42,3.5,500,221200
20240101,12:20:49,3.5,500,221050
20240101,12:21:02,3.5,50,221050
20240101,12:21:35,3.65,50,221050
20240101,12:23:35,3.65,250,221050
20240101,12:23:39,3.65,2050,221050
20240101,12:23:42,3.65,750,221050
20240101,12:23:55,3.65,50,222750
20240101,12:24:06,3.6,100,222750
20240101,12:24:16,3.65,50,222750
20240101,12:24:39,3.65,1750,222750
20240101,12:24:43,3.65,600,222750
20240101,12:24:50,3.65,150,222750
20240101,12:25:07,3.65,300,222750
20240101,12:25:27,3.65,2000,222750
20240101,12:26:11,3.65,300,222750
20240101,12:26:39,3.65,150,222750
20240101,12:26:55,3.65,100,219350
20240101,12:27:15,3.7,2750,219350
20240101,12:27:34,3.65,650,219350
20240101,12:27:41,3.65,400,219350
20240101,12:27:48,3.7,1200,219350
20240101,12:29:12,3.6,200,219350
20240101,12:30:41,3.6,100,217800
20240101,12:30:59,3.55,200,217800
20240101,12:31:52,3.6,50,217800
20240101,12:33:58,3.6,150,217850
20240101,12:34:22,3.45,1800,217850
20240101,12:35:31,3.45,1000,217850
20240101,12:35:53,3.45,200,219200
20240101,12:36:24,3.55,600,219200
20240101,12:36:44,3.45,400,219200
20240101,12:37:07,3.5,150,219200
20240101,12:38:35,3.5,500,219200
20240101,12:39:33,3.4,1100,219500
20240101,12:40:04,3.4,1250,219500
20240101,12:40:23,3.4,50,219500
20240101,12:42:42,3.4,500,220750
20240101,12:43:13,3.4,1800,220750
20240101,12:44:26,3.4,100,220750
20240101,12:46:35,3.4,50,222700
20240101,12:46:48,3.4,50,222700
20240101,12:47:03,3.4,1800,222700
20240101,12:49:26,3.45,300,224450
20240101,12:50:43,3.45,400,224450
20240101,12:51:33,3.55,250,224550
20240101,12:52:00,3.6,150,224550
20240101,12:52:27,3.6,50,224550
20240101,12:52:52,3.5,100,224550
20240101,12:53:33,3.5,1600,224550
20240101,12:54:04,3.5,400,224550
20240101,12:54:08,3.5,2550,224650
20240101,12:55:52,3.45,1700,224650
20240101,12:55:56,3.45,350,224650
20240101,12:56:03,3.4,250,224650
20240101,12:56:14,3.45,250,224650
20240101,12:56:18,3.5,3600,224650
20240101,12:56:24,3.5,5400,224650
20240101,12:56:29,3.45,50,224650
20240101,12:56:39,3.5,100,224650
20240101,12:56:50,3.5,100,224650
20240101,12:56:58,3.5,100,222600
20240101,12:57:06,3.45,150,222600
20240101,12:57:10,3.45,50,222600
20240101,12:57:16,3.45,150,222600
20240101,12:57:20,3.45,50,222600
20240101,12:57:23,3.45,100,222600
20240101,12:57:26,3.55,100,222600
20240101,12:57:47,3.5,50,222600
20240101,12:57:50,3.5,150,222600
20240101,12:59:02,3.5,150,222600
20240101,12:59:23,3.5,50,222600
20240101,12:59:38,3.5,50,222600
20240101,12:59:59,3.5,50,222600
20240101,13:00:35,3.5,100,221750
20240101,13:01:09,3.5,100,221750
20240101,13:02:01,3.5,300,221750
20240101,13:02:09,3.5,350,221750
20240101,13:02:13,3.5,50,221750
20240101,13:02:21,3.55,1100,221750
20240101,13:02:33,3.5,250,221750
20240101,13:04:04,3.45,100,221350
20240101,13:04:25,3.4,50,221350
20240101,13:04:28,3.4,50,221350
20240101,13:04:32,3.4,50,221350
20240101,13:04:47,3.4,450,221350
20240101,13:05:09,3.3,250,221350
20240101,13:05:24,3.25,400,221350
20240101,13:05:50,3.25,200,221400
20240101,13:06:12,3.25,50,221400
20240101,13:06:16,3.3,50,221400
20240101,13:06:24,3.35,600,221400
20240101,13:06:29,3.25,300,221400
20240101,13:06:32,3.2,1050,221400
20240101,13:06:37,3.2,1650,221400
20240101,13:06:58,3.2,100,221400
20240101,13:07:01,3.2,50,221400
20240101,13:07:43,3.15,50,221400
20240101,13:07:46,3.15,50,221400
20240101,13:07:56,3.15,350,221400
20240101,13:08:05,3.15,500,221400
20240101,13:08:58,3.1,250,223150
20240101,13:10:54,3.1,300,223150
20240101,13:13:35,3.1,50,223150
20240101,13:15:24,3.2,100,223100
20240101,13:15:45,3.1,1800,223100
20240101,13:16:09,3.15,250,223100
20240101,13:16:27,3.15,50,223100
20240101,13:16:56,3.15,600,223100
20240101,13:17:00,3.15,50,223100
20240101,13:18:30,3.15,250,224000
20240101,13:19:31,3.15,50,224000
20240101,13:21:02,3.15,1800,224250
20240101,13:22:00,3.15,1500,224250
20240101,13:22:37,3.15,900,224250
20240101,13:22:40,3.15,200,224250
20240101,13:26:21,3.1,50,221600
20240101,13:26:50,3.1,100,221600
20240101,13:27:07,3.15,600,221450
20240101,13:27:31,3.15,50,221450
20240101,13:30:52,3.15,150,221150
20240101,13:31:10,3.15,300,221150
20240101,13:32:39,3.15,50,221150
20240101,13:33:48,3.2,200,220850
20240101,13:34:24,3.15,50,220850
20240101,13:35:36,3.25,750,220850
20240101,13:36:26,3.15,1800,221750
20240101,13:36:59,3.2,50,221750
20240101,13:37:10,3.2,50,221750
20240101,13:37:25,3.15,1800,221750
20240101,13:37:30,3.15,50,221750
20240101,13:37:42,3.15,50,221750
20240101,13:38:01,3.2,250,221750
20240101,13:38:06,3.2,250,221750
20240101,13:38:36,3.2,100,221750
20240101,13:38:43,3.1,1000,221750
20240101,13:39:08,3.15,100,225050
20240101,13:40:44,3.15,100,225050
20240101,13:43:25,3.15,50,225000
20240101,13:43:31,3.15,50,225000
20240101,13:43:44,3.15,50,225000
20240101,13:44:02,3.15,200,225000
20240101,13:48:22,3.15,500,224650
20240101,13:48:54,3.15,50,224650
20240101,13:49:30,3.2,700,224650
20240101,13:49:35,3.15,50,224650
20240101,13:49:40,3.15,50,224650
20240101,13:50:17,3.1,2300,224650
20240101,13:51:07,3.05,400,225750
20240101,13:51:47,3.05,50,225750
20240101,13:53:27,3.05,250,225750
20240101,13:53:29,3.05,300,225750
20240101,13:53:51,3.05,50,225750
20240101,13:54:07,3.05,250,225750
20240101,13:57:32,3.05,1500,226000
20240101,13:58:14,3.0,800,226000
20240101,13:58:21,2.95,50,226000
20240101,13:58:33,2.95,1200,226000
20240101,13:58:44,2.95,50,226000
20240101,13:59:02,2.95,100,226000
20240101,13:59:21,2.95,150,226000
20240101,13:59:48,3.05,250,226000
20240101,14:00:39,3.0,100,223700
20240101,14:00:54,3.1,50,223700
20240101,14:01:13,3.05,1400,223700
20240101,14:02:02,3.05,750,223700
20240101,14:02:19,3.05,100,223700
20240101,14:02:27,3.05,100,223700
20240101,14:02:45,3.05,50,223700
20240101,14:02:54,3.05,150,223700
20240101,14:03:12,3.05,600,223900
20240101,14:03:19,3.05,2900,223900
20240101,14:03:25,3.05,250,223900
20240101,14:03:51,3.05,50,223900
20240101,14:03:56,3.05,250,223900
20240101,14:04:16,3.1,250,223900
20240101,14:04:22,3.05,700,223900
20240101,14:04:28,3.05,250,223900
20240101,14:04:34,3.05,550,223900
20240101,14:04:45,3.05,3250,223900
20240101,14:04:51,3.05,50,223900
20240101,14:04:56,3.1,1800,223900
20240101,14:05:02,3.05,1500,223900
20240101,14:05:07,3.05,300,223900
20240101,14:05:16,3.15,3050,223900
20240101,14:05:28,3.15,750,223900
20240101,14:05:39,3.05,800,223900
20240101,14:06:57,3.05,150,224150
20240101,14:07:13,3.05,50,224150
20240101,14:08:44,3.15,750,224150
20240101,14:08:49,3.05,50,224150
20240101,14:09:37,3.1,450,224950
20240101,14:10:03,3.15,750,224950
20240101,14:10:13,3.15,150,224950
20240101,14:10:49,3.05,200,224950
20240101,14:10:54,3.2,50,224950
20240101,14:11:54,3.2,1700,224950
20240101,14:12:00,3.2,1400,224950
20240101,14:14:08,3.2,50,225750
20240101,14:14:19,3.2,100,225750
20240101,14:14:41,3.25,50,225750
20240101,14:15:09,3.25,400,225600
20240101,14:15:16,3.2,50,225600
20240101,14:16:08,3.25,100,225600
20240101,14:16:22,3.25,900,225600
20240101,14:16:31,3.3,150,225600
20240101,14:16:41,3.25,50,225600
20240101,14:17:40,3.2,250,225600
20240101,14:18:08,3.25,750,226400
20240101,14:19:22,3.2,150,226400
20240101,14:19:43,3.15,4300,226400
20240101,14:21:03,3.1,250,226400
20240101,14:21:34,3.2,500,222450
20240101,14:21:44,3.2,600,222450
20240101,14:21:54,3.25,50,222450
20240101,14:23:17,3.2,200,222450
20240101,14:23:52,3.2,2650,222450
20240101,14:24:26,3.25,500,225850
20240101,14:26:05,3.2,1800,225850
20240101,14:26:27,3.2,50,225850
20240101,14:27:16,3.15,300,228150
20240101,14:27:46,3.25,2250,228150
20240101,14:27:56,3.25,300,228150
20240101,14:28:11,3.25,400,228150
20240101,14:30:22,3.15,50,228900
20240101,14:30:50,3.15,6150,228900
20240101,14:30:59,3.15,3850,228900
20240101,14:31:49,3.15,200,228900
20240101,14:32:32,3.15,250,228900
20240101,14:33:44,3.15,250,223700
20240101,14:33:54,3.15,250,223700
20240101,14:34:29,3.15,150,223700
20240101,14:35:19,3.15,50,223700
20240101,14:35:30,3.15,650,223700
20240101,14:35:36,3.15,750,223700
20240101,14:36:18,3.1,50,221800
20240101,14:36:57,3.2,500,221800
20240101,14:37:26,3.2,50,221800
20240101,14:37:31,3.1,700,221800
20240101,14:41:58,3.15,250,221500
20240101,14:42:05,3.15,250,221500
20240101,14:42:12,3.15,250,221500
20240101,14:42:39,3.2,50,221500
20240101,14:42:50,3.15,100,221500
20240101,14:43:01,3.15,650,221500
20240101,14:43:43,3.2,500,221500
20240101,14:43:55,3.2,500,221500
20240101,14:44:26,3.3,1900,221500
20240101,14:44:35,3.25,1700,221500
20240101,14:44:44,3.25,250,221500
20240101,14:44:54,3.25,50,221500
20240101,14:45:05,3.25,50,221500
20240101,14:45:45,3.3,1500,223600
20240101,14:46:06,3.3,850,223600
20240101,14:47:15,3.25,1500,223600
20240101,14:47:33,3.2,750,223600
20240101,14:48:18,3.25,100,224500
20240101,14:48:47,3.25,50,224500
20240101,14:49:01,3.25,1500,224500
20240101,14:49:24,3.35,50,224500
20240101,14:49:30,3.4,300,224500
20240101,14:49:50,3.5,50,224500
20240101,14:50:09,3.5,350,224500
20240101,14:50:15,3.5,50,224500
20240101,14:50:22,3.55,100,224500
20240101,14:50:28,3.55,50,224500
20240101,14:50:35,3.55,250,224500
20240101,14:50:51,3.55,50,224500
20240101,14:50:57,3.6,250,224500
20240101,14:51:07,3.55,50,224700
20240101,14:51:17,3.55,100,224700
20240101,14:51:59,3.6,50,224700
20240101,14:52:10,3.55,100,224700
20240101,14:52:24,3.5,150,224700
20240101,14:52:49,3.6,1800,224700
20240101,14:52:56,3.6,100,224700
20240101,14:53:11,3.5,100,224700
20240101,14:53:16,3.5,100,224700
20240101,14:53:25,3.5,1100,224700
20240101,14:53:30,3.45,400,224700
20240101,14:53:58,3.55,150,224700
20240101,14:54:08,3.55,100,227450
20240101,14:54:12,3.55,1050,227450
20240101,14:54:37,3.6,100,227450
20240101,14:54:45,3.65,100,227450
20240101,14:54:54,3.65,200,227450
20240101,14:55:29,3.65,300,227450
20240101,14:55:38,3.7,500,227450
20240101,14:56:06,3.7,50,227450
20240101,14:56:11,3.65,100,227450
20240101,14:56:16,3.65,50,227450
20240101,14:56:49,3.65,1900,227450
20240101,14:57:28,3.65,1350,227250
20240101,14:57:41,3.75,100,227250
20240101,14:57:51,3.7,50,227250
20240101,14:58:06,3.75,100,227250
20240101,14:58:10,3.75,50,227250
20240101,14:58:33,3.65,1950,227250
20240101,14:58:49,3.6,3900,227250
20240101,14:58:54,3.7,100,227250
20240101,14:58:59,3.7,300,227250
20240101,14:59:05,3.7,2850,227250
20240101,14:59:46,3.65,250,227250
20240101,14:59:55,3.6,450,227250
20240101,15:00:00,3.65,1800,227250
20240101,15:00:17,3.7,750,231250
20240101,15:00:22,3.65,200,231250
20240101,15:00:27,3.75,50,231250
20240101,15:00:42,3.7,400,231250
20240101,15:00:54,3.65,300,231250
20240101,15:01:05,3.55,150,231250
20240101,15:01:19,3.5,1500,231250
20240101,15:01:28,3.35,500,231250
20240101,15:01:37,3.2,300,231250
20240101,15:01:47,3.3,150,231250
20240101,15:01:55,3.5,100,231250
20240101,15:02:37,3.4,600,231250
20240101,15:02:56,3.35,1450,231250
20240101,15:03:33,3.25,400,231600
20240101,15:03:40,3.2,50,231600
20240101,15:04:10,3.3,750,231600
20240101,15:04:17,3.3,50,231600
20240101,15:04:35,3.2,100,231600
20240101,15:04:47,3.3,150,231600
20240101,15:05:12,3.3,50,231600
20240101,15:05:35,3.25,2050,231600
20240101,15:06:31,3.25,50,232200
20240101,15:06:48,3.35,50,232200
20240101,15:07:23,3.35,100,232200
20240101,15:08:08,3.15,600,232200
20240101,15:08:25,3.05,1250,232200
20240101,15:08:42,3.1,100,232200
20240101,15:08:51,3.1,50,232200
20240101,15:09:00,3.1,1550,232200
20240101,15:09:11,3.1,5300,233900
20240101,15:09:22,3.15,5200,233900
20240101,15:09:38,3.2,450,233900
20240101,15:09:46,3.1,50,233900
20240101,15:10:12,3.1,1400,233900
20240101,15:10:22,3.05,150,233900
20240101,15:10:42,3.1,100,233900
20240101,15:11:34,3.1,400,233900
20240101,15:11:54,3.15,50,233900
20240101,15:12:03,3.1,50,233900
20240101,15:13:35,3.1,50,233900
20240101,15:13:44,3.05,50,233900
20240101,15:14:12,3.2,1000,233900
20240101,15:14:33,3.1,50,233900
20240101,15:14:42,3.1,50,233900
20240101,15:15:12,3.2,100,233900
20240101,15:15:33,3.2,50,234800
20240101,15:16:21,3.1,250,234800
20240101,15:16:32,3.2,50,234800
20240101,15:17:05,3.15,1050,234800
20240101,15:17:25,3.25,1800,234800
20240101,15:17:35,3.25,1200,234800
20240101,15:17:44,3.25,100,234800
20240101,15:17:54,3.25,50,234800
20240101,15:18:16,3.2,1150,236100
20240101,15:18:37,3.2,6700,236100
20240101,15:18:48,3.2,1800,236100
20240101,15:19:17,3.2,250,236100
20240101,15:19:26,3.2,200,236100
20240101,15:19:47,3.2,50,236100
20240101,15:19:57,3.2,250,236100
20240101,15:20:07,3.2,1850,236100
20240101,15:20:27,3.25,550,236100
20240101,15:20:49,3.25,300,236100
20240101,15:20:59,3.1,2550,236100
20240101,15:21:10,3.1,750,236100
20240101,15:21:21,3.05,900,243350
20240101,15:21:33,3.15,500,243350
20240101,15:21:44,3.1,1750,243350
20240101,15:21:56,3.0,3650,243350
20240101,15:22:17,3.0,600,243350
20240101,15:22:28,3.0,150,243350
20240101,15:22:40,3.0,50,243350
20240101,15:23:12,3.1,2500,243350
20240101,15:23:22,3.1,250,243350
20240101,15:23:33,3.0,500,243350
20240101,15:24:06,3.1,50,243350
20240101,15:24:16,3.2,2250,245850
20240101,15:24:25,3.05,250,245850
20240101,15:24:36,3.0,500,245850
20240101,15:24:56,3.0,300,245850
20240101,15:25:36,3.0,3500,245850
20240101,15:25:48,3.05,150,245850
20240101,15:25:59,3.05,1650,245850
20240101,15:26:23,3.05,700,245850
20240101,15:26:47,3.0,100,245850
20240101,15:26:58,3.0,150,245850
20240101,15:27:10,3.0,250,245850
20240101,15:27:22,3.0,500,248500
20240101,15:27:46,3.0,2450,248500
20240101,15:27:58,3.2,2500,248500
20240101,15:28:09,2.9,4550,248500
20240101,15:28:21,2.85,3100,248500
20240101,15:28:32,2.85,450,248500
20240101,15:28:44,2.9,50,248500
20240101,15:28:56,4.5,3700,248500
20240101,15:29:18,2.8,400,248500
20240101,15:29:29,3.05,500,248500
20240101,15:29:51,2.8,300,248500
20240102,09:15:26,3.0,1,248500
20240102,09:15:26,3.0,400,248500
20240102,09:15:36,3.05,400,254900
20240102,09:15:45,3.0,600,254900
20240102,09:15:54,3.5,950,254900
20240102,09:16:12,3.35,200,254900
20240102,09:16:20,3.4,500,254900
20240102,09:17:00,3.25,100,254900
20240102,09:17:10,3.25,100,254900
20240102,09:17:25,3.25,500,255100
20240102,09:17:34,3.25,50,255100
20240102,09:17:57,3.2,350,255100
20240102,09:18:05,3.25,50,255100
20240102,09:18:19,3.25,1500,255100
20240102,09:18:58,3.15,1900,255100
20240102,09:19:16,3.1,250,255100
20240102,09:19:25,3.2,150,255100
20240102,09:19:43,3.2,50,255100
20240102,09:19:51,3.1,500,255100
20240102,09:20:06,3.2,800,255100
20240102,09:20:37,3.2,1750,255050
20240102,09:20:54,3.2,1650,255050
20240102,09:21:17,3.2,100,255050
20240102,09:21:52,3.1,1500,255050
20240102,09:22:15,3.2,500,255050
20240102,09:22:26,3.1,50,255050
20240102,09:22:37,3.1,450,255050
20240102,09:22:49,3.1,300,255050
20240102,09:23:11,3.15,50,255050
20240102,09:23:43,3.15,550,255100
20240102,09:23:54,3.1,1900,255100
20240102,09:24:04,3.15,50,255100
20240102,09:24:25,3.1,1500,255100
20240102,09:24:58,3.1,2050,255100
20240102,09:25:09,3.1,250,255100
20240102,09:25:31,3.1,100,255100
20240102,09:25:42,3.2,1500,255100
20240102,09:26:04,3.05,600,255100
20240102,09:26:39,3.2,100,256250
20240102,09:27:05,3.05,250,256250
20240102,09:27:16,3.05,250,256250
20240102,09:28:26,3.25,250,256250
20240102,09:28:37,4.55,7100,256250
20240102,09:28:50,3.85,2800,256250
20240102,09:29:01,3.8,650,256250
20240102,09:29:12,3.55,550,256250
20240102,09:29:24,3.5,3600,256250
20240102,09:29:36,3.45,350,257000
20240102,09:29:48,3.35,600,257000
20240102,09:29:59,3.25,700,257000
20240102,09:30:10,3.15,650,257000
20240102,09:30:22,3.2,1350,257000
20240102,09:30:35,3.05,1750,257000
20240102,09:30:46,3.2,900,257000
20240102,09:30:56,3.1,400,257000
20240102,09:31:19,3.15,250,257000
20240102,09:31:30,3.15,250,257000
20240102,09:31:52,3.1,500,257000
20240102,09:32:02,3.1,100,257000
20240102,09:32:14,3.1,50,257000
20240102,09:34:06,3.15,350,257050
20240102,09:34:37,3.1,2050,257050
20240102,09:34:48,3.1,600,257050
20240102,09:35:09,3.15,50,257050
20240102,09:35:19,3.15,350,257050
20240102,09:35:29,3.1,3650,260000
20240102,09:35:40,3.1,650,260000
20240102,09:35:51,3.15,50,260000
20240102,09:36:01,3.15,150,260000
20240102,09:36:24,3.15,1550,260000
20240102,09:37:38,3.15,650,260000
20240102,09:37:48,3.15,350,260000
20240102,09:37:58,3.15,350,260000
20240102,09:38:09,3.15,50,260000
20240102,09:38:41,3.15,250,260850
20240102,09:39:02,3.15,650,260850
20240102,09:39:46,3.2,100,260850
20240102,09:40:08,3.15,1500,260850
20240102,09:40:34,3.1,850,260850
20240102,09:40:47,3.15,800,260850
20240102,09:41:00,3.1,200,260850
20240102,09:41:12,3.1,50,260850
20240102,09:41:44,3.2,650,261500
20240102,09:41:55,3.15,350,261500
20240102,09:42:18,3.15,1400,261500
20240102,09:42:28,3.15,3350,261500
20240102,09:42:39,3.1,150,261500
20240102,09:43:01,3.1,300,261500
20240102,09:43:12,3.1,200,261500
20240102,09:43:46,3.05,1100,261500
20240102,09:43:57,3.05,50,261500
20240102,09:44:08,3.0,3100,261500
20240102,09:44:41,3.1,1050,261300
20240102,09:44:51,3.1,600,261300
20240102,09:45:23,3.1,1950,261300
20240102,09:45:34,3.15,450,261300
20240102,09:45:56,3.1,950,261300
20240102,09:46:07,3.05,250,261300
20240102,09:47:22,3.15,250,261300
20240102,09:47:43,3.15,700,261300
20240102,09:49:16,3.1,1350,261300
20240102,09:49:26,3.15,50,261300
20240102,09:49:56,3.1,50,261300
20240102,09:51:31,3.2,50,261750
20240102,09:53:03,3.15,150,261750
20240102,09:53:13,3.15,500,261750
20240102,09:53:56,3.2,200,261200
20240102,09:54:06,3.2,300,261200
20240102,09:54:16,3.2,150,261200
20240102,09:54:48,3.2,100,261200
20240102,09:55:13,3.25,550,261200
20240102,09:55:23,3.25,600,261200
20240102,09:55:48,3.2,1150,261200
20240102,09:56:27,3.3,1450,261200
20240102,09:56:40,3.25,1300,260600
20240102,09:56:53,3.2,450,260600
20240102,09:57:33,3.3,50,260600
20240102,09:57:57,3.15,150,260600
20240102,09:58:20,3.2,50,260600
20240102,09:58:44,3.25,300,260600
20240102,09:59:50,3.3,1700,259750
20240102,10:00:12,3.35,750,259750
20240102,10:00:23,3.35,600,259750
20240102,10:00:35,3.3,4300,259750
20240102,10:00:47,3.3,800,259750
20240102,10:00:58,3.25,600,259750
20240102,10:01:09,3.25,50,259750
20240102,10:01:20,3.25,1500,259750
20240102,10:01:32,3.2,400,259750
20240102,10:01:43,3.2,1500,259750
20240102,10:01:54,3.15,50,259750
20240102,10:03:24,3.15,350,266350
20240102,10:03:58,3.15,50,266350
20240102,10:05:18,3.25,50,266350
20240102,10:05:39,3.15,50,266300
20240102,10:06:01,3.15,100,266300
20240102,10:06:24,3.15,600,266300
20240102,10:06:37,3.1,200,266300
20240102,10:06:49,3.1,100,266300
20240102,10:07:34,3.15,550,266300
20240102,10:07:45,3.1,450,266300
20240102,10:08:40,3.1,1050,267800
20240102,10:09:15,3.15,50,267800
20240102,10:10:00,3.15,300,267800
20240102,10:10:11,3.2,100,267800
20240102,10:10:22,3.2,100,267800
20240102,10:10:45,3.25,100,267800
20240102,10:10:57,3.2,300,267800
20240102,10:11:29,3.2,650,267800
20240102,10:11:40,3.25,100,267900
20240102,10:12:01,3.25,1950,267900
20240102,10:12:22,3.2,100,267900
20240102,10:13:28,3.3,1750,267900
20240102,10:13:39,3.3,300,267900
20240102,10:14:00,3.3,350,267900
20240102,10:14:21,3.25,100,267900
20240102,10:14:52,3.25,500,270200
20240102,10:15:03,3.25,250,270200
20240102,10:15:13,3.25,250,270200
20240102,10:16:04,3.25,50,270200
20240102,10:16:45,3.25,500,270200
20240102,10:17:06,3.25,1800,270200
20240102,10:17:17,3.25,700,270200
20240102,10:17:50,3.25,500,269900
20240102,10:18:56,3.3,600,269900
20240102,10:19:16,3.3,600,269900
20240102,10:19:26,3.3,250,269900
20240102,10:19:56,3.3,1500,269900
20240102,10:20:05,3.3,400,269900
20240102,10:20:15,3.3,50,269900
20240102,10:20:25,3.3,1800,269900
20240102,10:21:34,3.3,1650,272850
20240102,10:21:44,3.3,1800,272850
20240102,10:22:13,3.2,350,272850
20240102,10:22:44,3.25,50,272850
20240102,10:23:45,3.3,50,272200
20240102,10:24:17,3.3,900,272200
20240102,10:25:07,3.25,500,272200
20240102,10:25:17,3.3,250,272200
20240102,10:25:27,3.3,1200,272200
20240102,10:25:38,3.25,500,272200
20240102,10:26:08,3.3,100,272200
20240102,10:26:18,3.35,600,272200
20240102,10:26:28,3.35,1600,272200
20240102,10:26:39,3.35,850,272200
20240102,10:26:49,3.35,1850,273850
20240102,10:27:44,3.35,500,273850
20240102,10:27:54,3.3,100,273850
20240102,10:28:04,3.25,50,273850
20240102,10:28:13,3.3,500,273850
20240102,10:28:59,3.35,50,273850
20240102,10:29:35,3.3,100,272600
20240102,10:30:00,3.3,200,272600
20240102,10:30:09,3.35,1500,272600
20240102,10:30:18,3.4,200,272600
20240102,10:32:14,3.4,1250,272600
20240102,10:32:42,3.4,100,272450
20240102,10:32:52,3.45,50,272450
20240102,10:33:02,3.45,250,272450
20240102,10:33:11,3.45,50,272450
20240102,10:34:27,3.5,250,272450
20240102,10:34:54,3.55,1250,272450
20240102,10:35:20,3.5,150,272450
20240102,10:35:38,3.55,100,273750
20240102,10:35:55,3.55,1000,273750
20240102,10:36:04,3.6,1800,273750
20240102,10:36:35,3.6,1300,273750
20240102,10:36:47,3.55,50,273750
20240102,10:37:09,3.6,250,273750
20240102,10:37:20,3.65,1550,273750
20240102,10:37:32,3.6,3000,273750
20240102,10:37:42,3.6,1150,273750
20240102,10:38:21,3.6,350,273750
20240102,10:38:31,3.6,50,273750
20240102,10:38:40,3.6,50,270500
20240102,10:38:49,3.55,50,270500
20240102,10:39:11,3.6,100,270500
20240102,10:40:04,3.6,2450,270500
20240102,10:40:15,3.55,1500,270500
20240102,10:40:26,3.55,3150,270500
20240102,10:40:37,3.55,100,270500
20240102,10:40:47,3.6,1000,270500
20240102,10:41:07,3.6,200,270500
20240102,10:41:26,3.7,50,270500
20240102,10:41:46,3.65,500,273650
20240102,10:41:57,3.6,150,273650
20240102,10:42:07,3.55,50,273650
20240102,10:42:37,3.6,50,273650
20240102,10:42:57,3.55,50,273650
20240102,10:43:07,3.55,100,273650
20240102,10:43:17,3.5,250,273650
20240102,10:43:27,3.5,1200,273650
20240102,10:43:47,3.65,1200,273650
20240102,10:43:56,3.55,50,273650
20240102,10:44:16,3.5,100,273650
20240102,10:44:26,3.6,150,273650
20240102,10:44:36,3.5,50,273650
20240102,10:45:06,3.5,100,275350
20240102,10:46:13,3.65,50,275350
20240102,10:46:52,3.6,300,275350
20240102,10:47:12,3.55,250,275350
20240102,10:47:21,3.5,450,275350
20240102,10:47:31,3.55,1000,275350
20240102,10:47:59,3.55,50,276100
20240102,10:48:18,3.55,900,276100
20240102,10:48:36,3.55,450,276100
20240102,10:49:45,3.55,50,276100
20240102,10:49:54,3.55,50,276100
20240102,10:50:33,3.6,50,276100
20240102,10:51:53,3.6,450,276700
20240102,10:52:03,3.55,1800,276700
20240102,10:52:12,3.5,1400,276700
20240102,10:53:00,3.55,300,276700
20240102,10:53:19,3.6,50,276700
20240102,10:53:28,3.55,2350,276700
20240102,10:54:43,3.6,50,280850
20240102,10:56:14,3.55,250,280850
20240102,10:56:42,3.55,250,280850
20240102,10:56:52,3.6,500,280850
20240102,10:57:33,3.6,700,280850
20240102,10:58:34,3.55,350,280850
20240102,10:59:01,3.6,250,280850
20240102,11:00:16,3.5,750,280250
20240102,11:01:33,3.55,250,280250
20240102,11:02:11,3.55,50,280250
20240102,11:03:46,3.55,350,280700
20240102,11:03:56,3.55,500,280700
20240102,11:04:14,3.6,50,280700
20240102,11:04:24,3.6,250,280700
20240102,11:05:02,3.6,50,280700
20240102,11:05:11,3.6,650,280700
20240102,11:05:38,3.55,50,280700
20240102,11:05:48,3.6,250,281600
20240102,11:06:16,3.6,350,281600
20240102,11:06:35,3.55,50,281600
20240102,11:06:53,3.6,50,281600
20240102,11:07:41,3.55,50,281600
20240102,11:07:50,3.55,300,281600
20240102,11:07:59,3.55,100,281600
20240102,11:08:09,3.6,300,281600
20240102,11:08:27,3.55,300,281600
20240102,11:08:46,3.5,750,282100
20240102,11:08:55,3.5,350,282100
20240102,11:09:14,3.55,500,282100
20240102,11:10:18,3.5,100,282100
20240102,11:10:44,3.55,50,282100
20240102,11:13:27,3.55,500,283200
20240102,11:14:16,3.6,250,283200
20240102,11:15:11,3.65,1800,282700
20240102,11:15:22,3.6,50,282700
20240102,11:15:31,3.6,1800,282700
20240102,11:16:22,3.55,900,282700
20240102,11:16:50,3.6,50,282700
20240102,11:17:26,3.55,1800,282700
20240102,11:17:35,3.55,1000,282700
20240102,11:17:54,3.5,1450,283950
20240102,11:18:22,3.55,50,283950
20240102,11:18:39,3.55,250,283950
20240102,11:19:55,3.55,750,283950
20240102,11:20:11,3.55,100,283950
20240102,11:20:28,3.55,50,283950
20240102,11:20:36,3.55,50,283950
20240102,11:20:45,3.6,7000,284100
20240102,11:20:54,3.6,100,284100
20240102,11:21:03,3.6,600,284100
20240102,11:21:20,3.6,1150,284100
20240102,11:21:29,3.65,500,284100
20240102,11:21:37,3.6,2000,284100
20240102,11:21:54,3.6,300,284100
20240102,11:22:04,3.6,1000,284100
20240102,11:22:13,3.6,800,284100
20240102,11:22:30,3.6,300,284100
20240102,11:22:47,3.6,250,284100
20240102,11:23:13,3.6,4750,284100
20240102,11:23:30,3.6,50,284100
20240102,11:24:02,3.6,250,301250
20240102,11:25:41,3.65,300,301250
