date,time,tick_price,volume,open_interest
20231212,13:26:15,43.35,50,200
20231212,13:26:25,43.35,100,200
20231212,13:27:02,43.65,50,200
20231213,09:55:34,47.5,1,200
20231213,09:55:34,47.5,500,200
20231213,10:00:17,49.25,50,700
20231213,10:59:18,49.25,50,700
20231213,15:21:28,30.45,50,700
20231214,10:06:04,28.1,1,700
20231214,10:06:04,28.25,600,700
20231214,12:13:56,26.85,100,800
20231214,12:20:13,26.7,50,900
20231214,12:51:29,26.4,100,900
20231218,10:15:24,25.0,1,900
20231218,10:15:24,25.0,50,900
20231221,10:09:42,23.0,1,900
20231221,10:09:42,23.0,50,900
20231221,12:28:39,23.0,1000,900
20231222,11:19:22,23.0,1,1900
20231222,11:19:22,23.0,150,1900
20231222,11:19:46,20.6,100,1900
20231222,11:42:23,20.6,450,1900
20231222,11:56:39,20.75,100,1900
20231222,11:56:54,20.7,250,1900
20231222,11:57:02,20.7,250,1800
20231222,12:02:22,20.35,100,1850
20231222,12:03:02,20.2,100,1950
20231222,12:05:14,20.2,50,1950
20231222,12:41:06,20.2,50,2050
20231222,12:48:18,23.6,50,2100
20231222,15:24:51,21.7,50,2100
20231226,12:39:51,21.65,1,2150
20231226,12:39:51,21.65,200,2150
20231226,12:46:00,18.15,400,2350
20231226,12:48:01,18.15,100,2350
20231226,12:52:28,17.05,200,2850
20240102,10:08:16,2.95,1,2700
20240102,10:08:16,3.0,400,2700
20240102,15:25:21,3.05,450,2300
20240103,09:18:24,3.85,1,2750
20240103,09:18:24,3.75,850,2750
20240103,09:18:31,3.6,100,2750
20240103,09:18:47,3.6,50,2750
20240103,09:19:04,3.6,50,2750
20240103,09:19:37,3.6,50,2750
20240103,09:20:15,3.6,50,2750
20240103,09:20:32,3.7,50,2750
20240103,09:21:23,3.7,50,2650
20240103,09:21:28,3.7,50,2650
20240103,09:23:32,4.65,400,2850
20240103,09:24:18,3.75,50,2850
20240103,09:25:22,3.75,50,2850
20240103,09:25:28,3.7,150,2850
20240103,09:27:32,3.65,50,2800
20240103,09:28:09,3.65,350,2800
20240103,09:28:25,3.5,200,2800
20240103,09:33:24,3.5,200,3000
20240103,09:33:37,3.45,150,3000
20240103,09:33:42,3.45,50,3000
20240103,09:34:01,3.4,50,3000
20240103,09:34:22,3.4,100,3000
20240103,09:36:16,3.45,150,3150
20240103,09:36:40,3.3,100,3150
20240103,09:38:05,3.3,50,3150
20240103,09:39:29,3.6,100,3250
20240103,09:39:54,3.45,100,3250
20240103,09:40:09,3.5,250,3250
20240103,09:40:15,3.5,400,3250
20240103,09:40:21,3.5,50,3250
20240103,09:41:00,3.5,100,3250
20240103,09:41:25,3.5,250,3250
20240103,09:43:14,3.5,50,3950
20240103,09:44:05,3.45,100,3950
20240103,09:44:20,3.6,100,3950
20240103,09:47:17,3.55,50,4000
20240103,09:47:44,3.4,100,4050
20240103,09:48:50,3.55,100,4050
20240103,09:48:56,3.45,50,4050
20240103,09:49:28,3.45,200,4050
20240103,09:50:19,3.5,150,4050
20240103,09:51:02,3.5,50,3950
20240103,09:52:02,3.5,50,3950
20240103,09:52:13,3.45,100,3950
20240103,09:52:19,3.4,100,3950
20240103,09:52:49,3.4,50,3950
20240103,09:53:59,3.45,200,4050
20240103,09:54:39,3.3,300,4050
20240103,09:56:38,3.3,100,4500
20240103,09:57:02,3.25,100,4500
20240103,10:01:05,3.25,50,4600
20240103,10:01:12,3.3,550,4600
20240103,10:01:19,3.25,100,4600
20240103,10:03:35,3.4,50,4700
20240103,10:03:42,3.4,50,4700
20240103,10:04:23,3.25,50,4700
20240103,10:04:29,3.25,50,4700
20240103,10:05:55,3.25,200,4650
20240103,10:08:25,3.2,100,4650
20240103,10:26:13,3.2,50,4500
20240103,10:27:31,3.2,50,4500
20240103,10:27:44,3.25,50,4500
20240103,10:28:14,3.25,50,4500
20240103,10:29:49,3.25,150,4450
20240103,10:34:31,3.2,50,4400
20240103,10:37:45,3.2,50,4450
20240103,10:38:09,3.2,50,4450
20240103,10:38:32,3.15,100,4450
20240103,10:38:36,3.1,100,4450
20240103,10:38:49,3.1,300,4400
20240103,10:39:16,3.15,50,4400
20240103,10:39:56,3.1,50,4400
20240103,10:45:15,3.15,100,4400
20240103,10:46:57,3.1,100,4100
20240103,10:47:07,3.15,100,4100
20240103,10:47:21,3.15,50,4100
20240103,10:47:31,3.1,100,4100
20240103,10:51:53,3.25,50,4100
20240103,10:56:35,3.15,50,4150
20240103,10:56:49,3.15,50,4150
20240103,10:57:33,3.1,50,4150
20240103,11:05:11,3.05,50,4150
20240103,11:05:18,3.05,100,4150
20240103,11:13:53,3.05,50,4200
20240103,11:14:04,3.2,100,4200
20240103,11:15:11,3.1,250,4250
20240103,11:15:31,3.15,100,4250
20240103,11:15:36,3.1,50,4250
20240103,11:16:41,3.1,400,4250
20240103,11:18:04,3.1,50,4400
20240103,11:18:51,3.1,600,4400
20240103,11:20:00,3.05,200,4400
20240103,11:20:12,3.05,150,4400
20240103,11:25:40,3.05,50,5050
20240103,11:27:18,3.05,50,5050
20240103,11:31:08,3.0,100,5050
20240103,11:32:25,2.9,50,5050
20240103,11:40:42,2.4,1600,5100
20240103,11:40:57,2.8,500,5100
20240103,11:41:01,2.8,50,5100
20240103,11:41:13,2.8,150,5100
20240103,11:43:58,2.85,50,5250
20240103,11:47:38,2.7,250,5250
20240103,11:47:42,2.75,50,5250
20240103,11:50:03,2.75,50,5400
20240103,11:50:19,2.75,100,5400
20240103,11:51:56,2.75,50,5550
20240103,11:52:12,2.9,100,5550
20240103,12:05:07,2.75,100,5650
20240103,12:08:29,2.75,100,5650
20240103,12:15:57,2.85,50,5700
20240103,12:26:21,3.05,150,5700
20240103,12:31:38,3.1,50,5600
20240103,12:32:49,3.15,50,5600
20240103,12:35:34,3.2,250,5700
20240103,12:35:59,3.25,50,5700
20240103,12:39:13,3.2,100,5800
20240103,12:52:08,2.8,50,5800
20240103,12:52:18,2.8,50,5800
20240103,13:17:48,2.7,50,5700
20240103,13:18:20,2.7,50,5750
20240103,13:18:30,2.7,100,5750
20240103,13:20:33,2.7,100,5750
20240103,13:21:35,2.7,50,5850
20240103,13:22:41,2.7,100,5850
20240103,13:36:54,2.85,50,5850
20240103,13:37:04,2.7,50,5850
20240103,13:37:30,2.85,50,5850
20240103,13:39:33,2.6,150,5900
20240103,13:39:42,2.7,50,5900
20240103,13:40:00,2.75,50,5900
20240103,13:57:36,2.85,150,5750
20240103,14:00:36,2.75,50,5650
20240103,14:00:56,2.9,750,5650
20240103,14:01:07,2.9,350,5650
20240103,14:01:11,2.85,50,5650
20240103,14:01:21,2.85,50,5650
20240103,14:01:25,2.85,50,5650
20240103,14:01:39,2.85,50,5650
20240103,14:07:04,2.9,100,4900
20240103,14:07:23,2.95,150,4900
20240103,14:07:40,2.9,50,4900
20240103,14:07:44,3.0,200,4900
20240103,14:08:03,2.85,50,4900
20240103,14:08:31,2.85,100,4900
20240103,14:08:44,3.0,200,4900
20240103,14:09:00,2.85,50,4900
20240103,14:10:28,2.85,50,4450
20240103,14:10:49,2.9,50,4450
20240103,14:10:52,2.85,50,4450
20240103,14:10:54,2.85,50,4450
20240103,14:10:57,2.85,350,4450
20240103,14:15:26,2.85,50,4300
20240103,14:15:30,2.85,50,4300
20240103,14:15:54,2.85,50,4300
20240103,14:16:03,2.85,50,4300
20240103,14:18:09,2.8,100,4300
20240103,14:18:13,2.8,50,4300
20240103,14:18:21,2.85,50,4100
20240103,14:18:31,2.85,50,4100
20240103,14:18:34,2.85,50,4100
20240103,14:18:54,2.85,50,4100
20240103,14:19:08,2.8,50,4100
20240103,14:19:15,2.8,50,4100
20240103,14:19:22,2.8,50,4100
20240103,14:19:34,2.8,50,4100
20240103,14:19:38,2.8,100,4100
20240103,14:22:04,2.75,100,3950
20240103,14:22:28,2.75,50,3950
20240103,14:22:38,2.8,150,3950
20240103,14:32:51,2.65,50,3800
20240103,14:33:07,2.65,100,3800
20240103,14:40:36,2.6,50,3800
20240103,14:41:24,2.6,50,3800
20240103,14:44:47,2.55,100,3900
20240103,14:46:57,2.55,50,3900
20240103,14:47:33,2.6,50,3900
20240103,14:48:23,2.55,50,3950
20240103,14:48:26,2.55,50,3950
20240103,14:52:12,2.5,150,4050
20240103,14:53:13,2.5,100,4050
20240103,15:02:28,2.4,100,4300
20240103,15:03:05,2.35,150,4300
20240103,15:08:18,2.35,100,4400
20240103,15:12:26,2.5,100,4350
20240103,15:12:32,2.5,350,4350
20240103,15:13:14,2.5,100,4350
20240103,15:13:58,2.4,100,4350
20240103,15:14:32,2.5,50,4350
20240103,15:18:06,2.5,200,4200
20240103,15:18:28,2.3,200,4400
20240103,15:20:07,2.3,50,4400
20240103,15:21:01,2.45,100,4400
20240103,15:21:10,2.45,50,4400
20240103,15:21:40,2.4,250,4300
20240103,15:22:21,2.35,50,4300
20240103,15:22:36,2.35,50,4300
20240103,15:24:04,2.3,150,4300
20240103,15:24:35,2.5,100,4100
20240103,15:25:34,2.65,400,4100
20240103,15:25:39,2.4,300,4100
20240103,15:28:06,2.2,50,3850
20240104,09:17:08,2.5,1,3800
20240104,09:17:08,2.5,50,3800
20240104,09:17:15,2.5,100,3800
20240104,09:17:22,2.4,100,3800
20240104,09:17:44,2.2,100,4050
20240104,09:18:05,2.15,200,4050
20240104,09:18:16,2.15,300,4050
20240104,09:18:24,2.15,150,4050
20240104,09:18:45,2.15,100,4050
20240104,09:18:51,2.15,100,4050
20240104,09:19:59,2.05,50,4050
20240104,09:20:14,2.05,50,4050
20240104,09:21:09,1.55,200,4800
20240104,09:21:27,1.55,50,4800
20240104,09:21:39,2.1,50,4800
20240104,09:22:34,2.2,100,4800
20240104,09:25:08,2.05,50,4800
20240104,09:26:32,2.05,50,4800
20240104,09:26:58,2.05,50,4800
20240104,09:28:39,2.1,150,4800
20240104,09:28:47,2.15,100,4800
20240104,09:29:04,2.15,500,4800
20240104,09:29:13,2.3,200,4800
20240104,09:29:21,2.3,150,4800
20240104,09:29:30,2.3,50,4150
20240104,09:30:36,2.25,100,4150
20240104,09:31:09,2.2,100,4150
20240104,09:32:11,2.2,100,4150
20240104,09:32:59,2.2,250,4200
20240104,09:33:07,2.15,50,4200
20240104,09:33:23,2.1,50,4200
20240104,09:39:57,2.0,650,4150
20240104,09:45:54,2.0,50,4150
20240104,09:52:03,2.15,100,4150
20240104,09:53:37,2.1,200,4050
20240104,09:53:44,2.0,200,4050
20240104,09:53:52,2.1,250,4050
20240104,09:54:06,2.05,150,4050
20240104,09:54:33,2.1,200,4050
20240104,09:54:54,2.1,150,4050
20240104,09:55:00,2.05,100,4050
20240104,09:55:07,2.1,200,4050
20240104,09:55:13,2.15,50,4050
20240104,09:55:19,2.15,50,4050
20240104,09:56:11,2.15,50,4050
20240104,09:58:21,2.15,50,3650
20240104,10:01:56,2.0,50,3700
20240104,10:02:59,2.05,100,3650
20240104,10:05:04,2.1,50,3650
20240104,10:05:12,2.15,150,3650
20240104,10:05:21,2.15,250,3650
20240104,10:05:28,2.15,350,3650
20240104,10:05:36,2.15,700,3850
20240104,10:05:52,2.2,200,3850
20240104,10:05:59,2.25,300,3850
20240104,10:06:06,2.2,200,3850
20240104,10:06:14,2.2,150,3850
20240104,10:06:28,2.25,150,3850
20240104,10:06:35,2.25,100,3850
20240104,10:06:43,2.25,100,3850
20240104,10:06:50,2.25,150,3850
20240104,10:06:58,2.25,50,3850
20240104,10:07:05,2.3,150,3850
20240104,10:07:13,2.2,100,3850
20240104,10:07:20,2.25,50,3850
20240104,10:08:19,2.1,50,3850
20240104,10:09:11,2.2,150,5150
20240104,10:09:48,2.2,50,5150
20240104,10:14:16,2.25,150,5150
20240104,10:14:32,2.1,50,5300
20240104,10:19:25,1.95,500,5300
20240104,10:19:32,2.0,50,5300
20240104,10:19:55,2.0,50,5300
20240104,10:20:39,2.0,250,5300
20240104,10:21:03,2.0,300,5300
20240104,10:21:14,2.05,700,5300
20240104,10:22:20,2.05,50,5300
20240104,10:25:57,2.25,300,5800
20240104,10:27:00,1.6,350,6050
20240104,10:28:47,1.95,100,6050
20240104,10:30:44,2.0,50,5800
20240104,10:31:24,2.05,200,5800
20240104,10:31:37,2.0,50,5800
20240104,10:32:03,2.0,150,5800
20240104,10:32:16,1.95,50,5800
20240104,10:32:22,2.0,50,5800
20240104,10:32:35,2.0,50,5800
20240104,10:33:39,2.0,50,5650
20240104,10:35:21,2.05,100,5650
20240104,10:36:55,2.0,50,5750
20240104,10:37:09,2.0,250,5750
20240104,10:37:41,2.0,150,5750
20240104,10:41:41,2.05,100,5650
20240104,10:46:09,2.05,200,5750
20240104,10:49:04,2.1,50,5650
20240104,10:49:34,2.1,150,5650
20240104,10:52:00,2.0,1000,5650
20240104,10:53:51,2.1,50,6300
20240104,10:58:13,2.1,100,6300
20240104,11:00:46,2.1,50,6400
20240104,11:07:56,2.2,200,6400
20240104,11:08:03,2.3,400,6400
20240104,11:08:29,2.1,50,6400
20240104,11:08:36,2.1,50,6400
20240104,11:12:01,2.1,200,6200
20240104,11:15:07,2.1,50,6100
20240104,11:17:20,2.25,100,6100
20240104,11:18:57,2.25,1700,6200
20240104,11:20:42,2.15,50,6200
20240104,11:21:48,2.1,100,7900
20240104,11:21:56,2.1,350,7900
20240104,11:22:41,2.1,350,7900
20240104,11:23:08,2.1,100,7900
20240104,11:23:14,2.05,150,7900
20240104,11:23:21,2.0,200,7900
20240104,11:23:33,2.15,600,7900
20240104,11:42:58,2.25,50,8500
20240104,11:49:17,2.05,800,8550
20240104,12:00:02,2.1,300,7950
20240104,12:03:26,2.15,50,7950
20240104,12:04:22,2.15,50,7950
20240104,12:20:26,2.1,50,7950
20240104,12:23:17,2.05,50,7950
20240104,12:24:50,2.05,250,7950
20240104,12:24:57,2.05,300,7950
20240104,12:25:04,2.0,350,7950
20240104,12:25:11,2.05,100,7950
20240104,12:25:18,1.95,200,7950
20240104,12:25:25,2.0,250,7950
20240104,12:25:33,2.0,400,7950
20240104,12:25:39,2.0,50,7950
20240104,12:25:47,1.95,300,7950
20240104,12:25:54,2.25,5100,7950
20240104,12:26:01,1.95,150,7950
20240104,12:26:08,2.05,1250,7950
20240104,12:26:15,2.0,450,7950
20240104,12:26:22,2.05,600,7950
20240104,12:35:28,2.0,100,10900
20240104,12:37:34,2.0,50,10800
20240104,12:42:39,2.0,100,10800
20240104,12:42:51,1.95,100,10800
20240104,12:46:11,2.05,50,10800
20240104,12:47:53,2.0,100,10750
20240104,12:47:57,2.0,50,10800
20240104,12:48:24,2.0,50,10800
20240104,12:49:02,2.0,1000,10800
20240104,12:49:06,2.0,50,10800
20240104,12:51:37,2.0,150,10900
20240104,12:52:46,2.0,300,10900
20240104,12:53:11,1.95,50,10900
20240104,12:53:15,1.9,150,10900
20240104,12:54:39,1.9,50,10550
20240104,12:55:56,1.95,50,10550
20240104,12:59:39,1.95,150,10500
20240104,12:59:45,1.95,100,10500
20240104,12:59:50,1.95,100,10500
20240104,13:02:03,1.95,50,10350
20240104,13:02:21,1.95,50,10350
20240104,13:03:46,1.9,6550,10450
20240104,13:03:53,1.9,50,10450
20240104,13:04:27,1.9,50,10450
20240104,13:06:26,1.9,100,6900
20240104,13:06:52,1.9,50,6900
20240104,13:10:28,1.95,50,6850
20240104,13:12:40,1.95,50,6850
20240104,13:13:02,1.95,300,6850
20240104,13:14:19,2.0,450,6850
20240104,13:14:45,2.0,250,6850
20240104,13:21:58,1.9,1850,7200
20240104,13:22:03,1.9,1800,7200
20240104,13:22:08,1.9,2100,7200
20240104,13:22:12,1.8,1800,7200
20240104,13:22:17,1.9,400,7200
20240104,13:22:31,1.9,100,7200
20240104,13:22:45,1.85,700,7200
20240104,13:34:32,1.85,50,12900
20240104,13:40:28,1.8,50,12850
20240104,13:42:48,1.85,100,12850
20240104,13:42:55,1.8,100,12850
20240104,13:50:48,1.8,1800,12900
20240104,13:51:57,1.8,850,14100
20240104,13:52:02,1.8,200,14100
20240104,13:53:11,1.75,150,14100
20240104,13:54:19,1.75,900,13150
20240104,13:57:31,1.7,50,12550
20240104,13:58:05,1.7,250,12550
20240104,13:58:17,1.7,100,12550
20240104,13:58:32,1.7,850,12550
20240104,13:58:44,1.7,50,12550
20240104,14:00:12,1.7,150,12450
20240104,14:00:23,1.7,50,12450
20240104,14:01:14,1.7,400,12450
20240104,14:02:08,1.65,50,12450
20240104,14:02:17,1.65,100,12450
20240104,14:02:32,1.65,1000,12450
20240104,14:02:38,1.6,100,12450
20240104,14:03:55,1.6,50,11850
20240104,14:04:28,1.6,50,11850
20240104,14:05:00,1.6,50,11850
20240104,14:10:29,1.6,1250,11700
20240104,14:11:02,1.65,250,11700
20240104,14:11:23,1.6,50,11700
20240104,14:14:05,1.6,50,11650
20240104,14:15:48,1.6,200,11600
20240104,14:16:02,1.55,350,11600
20240104,14:18:12,1.6,50,11550
20240104,14:20:39,1.6,500,11550
20240104,14:20:43,1.6,50,11550
20240104,14:21:40,1.6,150,11450
20240104,14:23:44,1.6,50,11450
20240104,14:26:26,1.6,50,11450
20240104,14:30:09,1.55,50,11400
20240104,14:31:16,1.55,50,11450
20240104,14:36:23,1.55,1000,11450
20240104,14:36:27,1.55,2050,11450
20240104,14:36:32,1.6,2250,11450
20240104,14:37:09,1.55,250,11450
20240104,14:37:28,1.55,50,11450
20240104,14:38:11,1.55,450,11450
20240104,14:38:30,1.55,50,11450
20240104,14:38:56,1.6,350,11450
20240104,14:40:12,1.6,700,13850
20240104,14:40:21,1.6,50,13850
20240104,14:40:26,1.6,50,13850
20240104,14:41:01,1.6,250,13850
20240104,14:41:07,1.6,250,13850
20240104,14:41:34,1.6,200,13850
20240104,14:43:08,1.55,250,12650
20240104,14:44:02,1.6,50,12650
20240104,14:44:08,1.6,50,12650
20240104,14:45:21,1.55,50,12950
20240104,14:46:40,1.55,50,12950
20240104,14:47:25,1.6,1750,12950
20240104,14:47:29,1.6,200,12950
20240104,14:47:33,1.55,400,12950
20240104,14:48:44,1.55,100,13750
20240104,14:52:24,1.5,100,13750
20240104,14:54:02,1.45,550,13750
20240104,14:58:09,1.45,250,13500
20240104,14:58:15,1.55,200,13500
20240104,14:59:01,1.6,150,13500
20240104,14:59:10,1.6,50,13500
20240104,14:59:26,1.6,1000,13500
20240104,15:00:01,1.65,150,13500
20240104,15:02:50,1.65,50,14250
20240104,15:03:12,1.65,50,14200
20240104,15:09:53,1.65,150,14250
20240104,15:11:19,1.7,50,14250
20240104,15:12:05,1.7,50,14250
20240104,15:12:12,1.7,100,14250
20240104,15:13:19,1.65,100,14450
20240104,15:13:46,1.65,250,14450
20240104,15:14:29,1.65,50,14450
20240104,15:15:00,1.7,200,14450
20240104,15:15:07,1.65,250,14450
20240104,15:15:13,1.7,50,14450
20240104,15:15:20,1.7,50,14000
20240104,15:15:37,1.75,2300,14000
20240104,15:16:14,1.8,500,14000
20240104,15:16:32,1.75,50,14000
20240104,15:17:12,1.75,200,14000
20240104,15:19:14,1.85,500,12750
20240104,15:19:22,1.75,100,12750
20240104,15:20:06,1.75,500,12750
20240104,15:20:16,1.75,100,12750
20240104,15:20:41,1.75,100,12750
20240104,15:21:07,1.75,200,12750
20240104,15:21:34,1.8,50,13050
20240104,15:22:00,1.85,200,13050
20240104,15:22:09,1.85,250,13050
20240104,15:22:47,1.85,50,13050
20240104,15:22:59,1.85,100,13050
20240104,15:23:31,1.85,600,13050
20240104,15:25:18,1.85,250,13450
20240104,15:25:36,1.85,150,13450
20240104,15:26:13,1.8,1850,13450
20240104,15:26:22,1.7,850,13450
20240104,15:26:39,1.8,50,13450
20240104,15:27:18,1.8,50,13450
20240104,15:27:28,1.7,400,13750
20240104,15:28:07,1.8,50,13750
20240104,15:28:16,1.75,550,13750
20240104,15:28:26,1.8,200,13750
20240104,15:29:10,1.85,100,13750
20240104,15:29:24,1.85,50,13750
20240104,15:29:38,1.95,100,13750
20240105,09:15:09,1.55,1,13200
20240105,09:15:09,1.65,1,13200
20240105,09:15:09,1.6,200,13200
20240105,09:15:10,1.5,50,13200
20240105,09:15:15,1.5,50,13200
20240105,09:15:16,1.55,50,13200
20240105,09:15:18,1.5,150,13200
20240105,09:15:38,1.5,100,13200
20240105,09:15:48,1.55,50,13200
20240105,09:16:09,1.6,100,13200
20240105,09:16:14,1.55,50,13200
20240105,09:16:15,1.5,100,13200
20240105,09:16:51,1.45,250,13200
20240105,09:16:52,1.45,100,13200
20240105,09:16:59,1.5,50,13200
20240105,09:17:01,1.45,750,13200
20240105,09:17:29,1.4,100,14500
20240105,09:17:30,1.4,150,14500
20240105,09:17:39,1.45,50,14500
20240105,09:17:44,1.4,1100,14500
20240105,09:17:45,1.4,50,14500
20240105,09:17:47,1.4,50,14500
20240105,09:17:49,1.4,50,14500
20240105,09:17:57,1.35,1200,14500
20240105,09:17:57,1.35,100,14500
20240105,09:17:58,1.35,200,14500
20240105,09:18:23,1.35,50,14500
20240105,09:18:26,1.4,50,14500
20240105,09:19:11,1.4,150,14500
20240105,09:20:06,1.35,200,14500
20240105,09:20:15,1.35,50,14500
20240105,09:20:20,1.4,50,16700
20240105,09:20:23,1.4,300,16700
20240105,09:20:28,1.35,50,16700
20240105,09:20:49,1.35,50,16700
20240105,09:20:53,1.4,50,16700
20240105,09:21:58,1.4,100,16700
20240105,09:22:01,1.35,50,16700
20240105,09:22:11,1.35,50,16700
20240105,09:22:19,1.3,750,16700
20240105,09:22:19,1.2,600,16700
20240105,09:22:25,1.2,1150,16700
20240105,09:22:25,1.15,1300,16700
20240105,09:22:26,1.3,150,16700
20240105,09:22:29,1.35,500,16700
20240105,09:22:30,1.3,550,16700
20240105,09:22:34,1.3,50,16700
20240105,09:23:03,1.3,400,16700
20240105,09:23:03,1.3,150,16700
20240105,09:23:14,1.2,1300,16700
20240105,09:23:14,1.2,700,16700
20240105,09:23:24,1.25,700,22000
20240105,09:23:26,1.25,150,22000
20240105,09:23:27,1.25,200,22000
20240105,09:23:44,1.2,300,22000
20240105,09:24:11,1.25,50,22000
20240105,09:24:24,1.25,250,22000
20240105,09:24:27,1.25,50,22000
20240105,09:24:35,1.25,50,22000
20240105,09:24:53,1.15,650,22000
20240105,09:24:54,1.25,200,22000
20240105,09:24:58,1.25,500,22000
20240105,09:24:59,1.25,150,22000
20240105,09:25:04,1.15,850,22000
20240105,09:25:13,1.2,1800,22000
20240105,09:25:13,1.2,600,22000
20240105,09:25:16,1.15,200,22000
20240105,09:25:21,1.2,300,22000
20240105,09:25:27,1.2,200,22000
20240105,09:25:38,1.2,200,22000
20240105,09:27:10,1.25,50,25100
20240105,09:27:36,1.25,2000,25100
20240105,09:27:53,1.25,100,25100
20240105,09:28:05,1.25,100,25100
20240105,09:28:17,1.3,250,25100
20240105,09:29:38,1.25,50,25200
20240105,09:29:42,1.3,50,25200
20240105,09:30:19,1.3,50,25200
20240105,09:30:58,1.25,50,25200
20240105,09:31:43,1.25,250,25200
20240105,09:33:53,1.3,250,25250
20240105,09:34:21,1.3,50,25250
20240105,09:34:22,1.3,50,25250
20240105,09:34:23,1.3,50,25250
20240105,09:34:24,1.3,50,25250
20240105,09:34:25,1.3,50,25250
20240105,09:34:26,1.3,50,25250
20240105,09:34:27,1.3,50,25250
20240105,09:34:28,1.3,50,25250
20240105,09:34:29,1.3,50,25250
20240105,09:34:30,1.3,50,25250
20240105,09:34:33,1.3,50,25250
20240105,09:34:34,1.3,50,25250
20240105,09:34:35,1.3,50,25250
20240105,09:34:36,1.3,50,25250
20240105,09:34:37,1.3,50,25250
20240105,09:34:38,1.3,50,25250
20240105,09:34:39,1.3,50,25250
20240105,09:34:40,1.3,50,25250
20240105,09:34:41,1.3,50,25250
20240105,09:34:42,1.3,50,25250
20240105,09:34:43,1.3,50,25250
20240105,09:34:44,1.3,50,25250
20240105,09:36:37,1.3,250,25700
20240105,09:36:48,1.3,500,25700
20240105,09:38:11,1.3,250,25700
20240105,09:39:37,1.3,200,25700
20240105,09:39:59,1.3,150,25800
20240105,09:40:02,1.3,200,25800
20240105,09:40:53,1.25,200,25800
20240105,09:41:12,1.3,500,25800
20240105,09:42:12,1.3,450,26050
20240105,09:42:47,1.25,450,26050
20240105,09:43:22,1.3,300,26050
20240105,09:43:46,1.3,300,26050
20240105,09:43:47,1.3,300,26050
20240105,09:44:18,1.3,100,26050
20240105,09:47:22,1.25,200,26950
20240105,09:47:23,1.25,150,26950
20240105,09:47:24,1.25,150,26950
20240105,09:48:48,1.3,50,26950
20240105,09:49:12,1.3,100,26950
20240105,09:50:24,1.3,50,26650
20240105,09:50:44,1.25,250,26650
20240105,09:51:49,1.25,200,26650
20240105,09:52:10,1.25,50,26650
20240105,09:53:06,1.3,200,26650
20240105,09:53:07,1.3,1800,26650
20240105,09:54:06,1.3,50,26400
20240105,09:55:27,1.3,1800,26400
20240105,09:55:50,1.3,200,26400
20240105,09:57:24,1.3,1100,26400
20240105,09:57:25,1.3,4050,28250
20240105,09:57:32,1.3,50,28250
20240105,09:57:52,1.3,250,28250
20240105,09:58:27,1.3,50,28250
20240105,10:01:47,1.35,50,27300
20240105,10:05:24,1.3,250,27350
20240105,10:06:43,1.3,200,27350
20240105,10:07:15,1.3,750,27350
20240105,10:07:21,1.3,50,27350
20240105,10:07:29,1.3,350,27350
20240105,10:18:24,1.3,250,25950
20240105,10:18:25,1.3,50,25950
20240105,10:18:52,1.3,50,25950
20240105,10:22:30,1.3,100,25850
20240105,10:23:16,1.3,500,25850
20240105,10:24:36,1.3,1300,25550
20240105,10:24:56,1.3,50,25550
20240105,10:25:25,1.3,50,25550
20240105,10:25:52,1.3,250,25550
20240105,10:26:08,1.3,100,25550
20240105,10:26:19,1.3,50,25550
20240105,10:27:24,1.3,50,24800
20240105,10:27:36,1.3,50,24800
20240105,10:27:47,1.3,50,24800
20240105,10:28:09,1.3,500,24800
20240105,10:28:16,1.3,50,24800
20240105,10:28:31,1.3,50,24800
20240105,10:29:13,1.3,100,24800
20240105,10:29:24,1.3,50,24800
20240105,10:30:57,1.3,700,24900
20240105,10:31:11,1.3,1800,24900
20240105,10:37:22,1.35,50,24900
20240105,10:37:23,1.35,50,24400
20240105,10:37:24,1.35,50,24400
20240105,10:37:25,1.35,50,24400
20240105,10:37:26,1.35,50,24400
20240105,10:37:27,1.35,50,24400
20240105,10:37:28,1.35,50,24400
20240105,10:37:29,1.35,50,24400
20240105,10:37:30,1.35,50,24400
20240105,10:37:31,1.35,50,24400
20240105,10:37:32,1.35,50,24400
20240105,10:37:33,1.35,150,24400
20240105,10:37:34,1.35,50,24400
20240105,10:37:35,1.35,50,24400
20240105,10:37:36,1.35,50,24400
20240105,10:37:37,1.35,50,24400
20240105,10:37:39,1.35,50,24400
20240105,10:37:41,1.35,50,24400
20240105,10:37:45,1.35,50,24400
20240105,10:37:46,1.35,50,24400
20240105,10:37:49,1.35,50,24400
20240105,10:37:50,1.35,50,24400
20240105,10:37:51,1.35,50,24400
20240105,10:37:52,1.35,50,24400
20240105,10:37:53,1.35,50,24400
20240105,10:37:55,1.35,50,24400
20240105,10:37:56,1.35,50,24400
20240105,10:37:57,1.35,50,24400
20240105,10:37:58,1.35,50,24400
20240105,10:37:59,1.35,50,24400
20240105,10:38:00,1.35,50,24400
20240105,10:38:01,1.35,50,24400
20240105,10:38:02,1.35,50,24400
20240105,10:38:03,1.35,50,24400
20240105,10:38:04,1.35,50,24400
20240105,10:38:05,1.35,50,24400
20240105,10:38:06,1.35,50,24400
20240105,10:38:07,1.35,50,24400
20240105,10:38:09,1.35,50,24400
20240105,10:38:10,1.35,50,24400
20240105,10:38:11,1.35,50,24400
20240105,10:38:12,1.35,50,24400
20240105,10:38:13,1.35,50,24400
20240105,10:38:14,1.35,50,24400
20240105,10:38:15,1.35,50,24400
20240105,10:38:16,1.35,50,24400
20240105,10:38:17,1.35,50,24400
20240105,10:38:18,1.35,50,24400
20240105,10:38:19,1.35,50,24400
20240105,10:38:20,1.35,50,24400
20240105,10:38:21,1.35,50,24400
20240105,10:38:23,1.35,50,24400
20240105,10:38:24,1.35,50,24400
20240105,10:38:25,1.35,50,24400
20240105,10:38:27,1.35,50,24400
20240105,10:38:28,1.35,50,24850
20240105,10:38:29,1.35,50,24850
20240105,10:38:30,1.35,50,24850
20240105,10:38:31,1.35,50,24850
20240105,10:38:32,1.35,50,24850
20240105,10:38:33,1.35,50,24850
20240105,10:38:35,1.35,50,24850
20240105,10:38:36,1.35,50,24850
20240105,10:38:37,1.35,50,24850
20240105,10:38:38,1.35,50,24850
20240105,10:38:39,1.35,50,24850
20240105,10:38:40,1.35,50,24850
20240105,10:38:41,1.35,50,24850
20240105,10:38:42,1.35,50,24850
20240105,10:38:43,1.35,50,24850
20240105,10:38:45,1.35,50,24850
20240105,10:38:48,1.35,50,24850
20240105,10:38:49,1.35,50,24850
20240105,10:38:50,1.35,50,24850
20240105,10:38:51,1.35,50,24850
20240105,10:38:52,1.35,50,24850
20240105,10:38:53,1.35,50,24850
20240105,10:38:54,1.35,50,24850
20240105,10:38:55,1.35,50,24850
20240105,10:38:56,1.35,50,24850
20240105,10:38:57,1.35,50,24850
20240105,10:38:58,1.35,50,24850
20240105,10:38:59,1.35,50,24850
20240105,10:39:00,1.35,50,24850
20240105,10:39:01,1.35,50,24850
20240105,10:39:02,1.35,50,24850
20240105,10:39:03,1.35,50,24850
20240105,10:39:11,1.35,50,24850
20240105,10:39:12,1.35,50,24850
20240105,10:39:13,1.35,50,24850
20240105,10:39:14,1.35,50,24850
20240105,10:39:15,1.35,50,24850
20240105,10:39:16,1.35,50,24850
20240105,10:39:17,1.35,50,24850
20240105,10:39:18,1.35,50,24850
20240105,10:39:19,1.35,50,24850
20240105,10:39:20,1.35,50,24850
20240105,10:39:21,1.35,50,24850
20240105,10:39:22,1.35,50,24850
20240105,10:39:23,1.35,50,24850
20240105,10:39:24,1.35,50,24850
20240105,10:39:25,1.35,50,24850
20240105,10:39:26,1.35,50,24850
20240105,10:39:27,1.35,50,24850
20240105,10:39:28,1.35,50,24850
20240105,10:39:29,1.35,50,24850
20240105,10:39:30,1.35,50,24850
20240105,10:39:31,1.35,50,24850
20240105,10:39:32,1.35,50,24850
20240105,10:39:33,1.35,50,24850
20240105,10:39:34,1.35,50,24850
20240105,10:39:35,1.35,50,24850
20240105,10:39:37,1.35,50,24850
20240105,10:39:40,1.35,50,24850
20240105,10:39:41,1.35,50,24850
20240105,10:39:42,1.35,50,24850
20240105,10:39:43,1.35,50,24850
20240105,10:39:44,1.35,50,24850
20240105,10:39:45,1.35,50,24850
20240105,10:39:46,1.35,50,24850
20240105,10:39:47,1.35,50,24850
20240105,10:39:48,1.35,50,24850
20240105,10:39:49,1.35,50,24850
20240105,10:39:50,1.35,50,24850
20240105,10:39:51,1.35,50,24850
20240105,10:39:52,1.35,50,24850
20240105,10:39:53,1.35,50,24850
20240105,10:39:54,1.35,50,24850
20240105,10:39:55,1.35,50,24850
20240105,10:39:56,1.35,50,24850
20240105,10:39:57,1.35,50,24850
20240105,10:39:58,1.35,50,24850
20240105,10:39:59,1.35,50,24850
20240105,10:40:00,1.35,50,24850
20240105,10:40:01,1.35,50,24850
20240105,10:40:02,1.35,50,24850
20240105,10:40:03,1.35,50,24850
20240105,10:40:04,1.35,50,24850
20240105,10:40:05,1.35,50,24850
20240105,10:40:06,1.35,50,24850
20240105,10:40:07,1.35,50,24850
20240105,10:40:08,1.35,50,24850
20240105,10:40:09,1.35,50,24850
20240105,10:40:10,1.35,50,24850
20240105,10:40:11,1.35,50,24850
20240105,10:40:12,1.35,50,24850
20240105,10:40:13,1.35,50,24850
20240105,10:40:14,1.35,50,24850
20240105,10:40:15,1.35,50,24850
20240105,10:40:16,1.35,50,24850
20240105,10:40:17,1.35,50,24850
20240105,10:40:18,1.35,50,24850
20240105,10:40:19,1.35,50,24850
20240105,10:40:20,1.35,50,24850
20240105,10:40:21,1.35,50,24850
20240105,10:40:22,1.35,50,24850
20240105,10:40:23,1.35,50,24850
20240105,10:40:24,1.35,50,24850
20240105,10:40:25,1.35,50,24850
20240105,10:40:26,1.35,50,24850
20240105,10:40:27,1.35,50,24850
20240105,10:40:28,1.35,50,24850
20240105,10:40:29,1.35,50,24850
20240105,10:40:30,1.35,50,24850
20240105,10:40:31,1.35,50,24850
20240105,10:40:32,1.35,50,24850
20240105,10:40:33,1.35,50,24850
20240105,10:40:34,1.35,50,24850
20240105,10:40:35,1.35,50,24850
20240105,10:40:37,1.35,50,24850
20240105,10:40:38,1.35,50,24850
20240105,10:40:39,1.35,50,24850
20240105,10:40:46,1.35,50,24850
20240105,10:40:49,1.35,50,24850
20240105,10:40:50,1.35,50,24850
20240105,10:40:51,1.35,50,24850
20240105,10:40:52,1.35,50,24850
20240105,10:40:53,1.35,50,24850
20240105,10:40:55,1.35,50,24850
20240105,10:40:56,1.35,50,24850
20240105,10:40:57,1.35,50,24850
20240105,10:40:58,1.35,50,24850
20240105,10:40:59,1.35,50,24850
20240105,10:41:01,1.35,50,24850
20240105,10:41:02,1.35,50,24850
20240105,10:41:03,1.35,50,24850
20240105,10:41:04,1.35,50,24850
20240105,10:41:05,1.35,50,24850
20240105,10:41:06,1.35,50,24850
20240105,10:41:07,1.35,50,24850
20240105,10:41:08,1.35,50,24850
20240105,10:41:09,1.35,50,24850
20240105,10:41:10,1.35,50,24850
20240105,10:41:11,1.35,50,24850
20240105,10:41:12,1.35,50,24850
20240105,10:41:14,1.35,100,24850
20240105,10:41:15,1.35,50,24850
20240105,10:41:16,1.35,50,24850
20240105,10:41:17,1.35,50,24850
20240105,10:41:18,1.35,50,24850
20240105,10:41:20,1.35,100,24850
20240105,10:41:21,1.35,50,24850
20240105,10:41:22,1.35,50,24850
20240105,10:41:23,1.35,50,24850
20240105,10:41:24,1.35,50,24850
20240105,10:41:25,1.35,50,24850
20240105,10:41:26,1.35,50,24850
20240105,10:41:27,1.35,50,24850
20240105,10:41:28,1.35,50,28900
20240105,10:41:29,1.35,50,28900
20240105,10:41:30,1.35,50,28900
20240105,10:41:31,1.35,50,28900
20240105,10:41:32,1.35,50,28900
20240105,10:41:33,1.35,50,28900
20240105,10:41:34,1.35,50,28900
20240105,10:41:35,1.35,50,28900
20240105,10:41:36,1.35,50,28900
20240105,10:41:37,1.35,50,28900
20240105,10:41:38,1.35,50,28900
20240105,10:41:40,1.35,100,28900
20240105,10:41:41,1.35,50,28900
20240105,10:41:42,1.35,50,28900
20240105,10:41:43,1.35,50,28900
20240105,10:41:44,1.35,50,28900
20240105,10:41:45,1.35,50,28900
20240105,10:41:46,1.35,50,28900
20240105,10:41:47,1.35,50,28900
20240105,10:41:48,1.35,50,28900
20240105,10:41:49,1.35,50,28900
20240105,10:41:50,1.35,50,28900
20240105,10:41:51,1.35,50,28900
20240105,10:41:54,1.35,50,28900
20240105,10:41:55,1.35,50,28900
20240105,10:41:55,1.35,1000,28900
20240105,10:41:57,1.35,500,28900
20240105,10:41:58,1.4,50,28900
20240105,10:41:59,1.4,50,28900
20240105,10:42:00,1.35,250,28900
20240105,10:42:01,1.4,50,28900
20240105,10:42:02,1.4,50,28900
20240105,10:42:03,1.4,50,28900
20240105,10:42:04,1.4,50,28900
20240105,10:42:08,1.4,50,28900
20240105,10:42:10,1.35,100,28900
20240105,10:42:11,1.35,100,28900
20240105,10:42:18,1.4,50,28900
20240105,10:42:20,1.35,100,28900
20240105,10:42:21,1.35,100,28900
20240105,10:42:37,1.35,100,28900
20240105,10:42:50,1.35,100,28900
20240105,10:42:54,1.35,450,28900
20240105,10:42:57,1.4,50,28900
20240105,10:42:58,1.4,50,28900
20240105,10:42:59,1.4,50,28900
20240105,10:43:00,1.4,50,28900
20240105,10:43:01,1.35,150,28900
20240105,10:43:02,1.4,50,28900
20240105,10:43:03,1.4,50,28900
20240105,10:43:04,1.4,50,28900
20240105,10:43:05,1.4,50,28900
20240105,10:43:06,1.4,50,28900
20240105,10:43:07,1.4,50,28900
20240105,10:43:08,1.4,50,28900
20240105,10:43:09,1.4,50,28900
20240105,10:43:10,1.4,50,28900
20240105,10:43:11,1.4,50,28900
20240105,10:43:12,1.4,50,28900
20240105,10:43:13,1.4,50,28900
20240105,10:43:14,1.4,50,28900
20240105,10:43:15,1.4,50,28900
20240105,10:43:16,1.4,50,28900
20240105,10:43:17,1.4,50,28900
20240105,10:43:18,1.4,50,28900
20240105,10:43:19,1.4,50,28900
20240105,10:43:20,1.4,50,28900
20240105,10:43:21,1.4,50,28900
20240105,10:43:22,1.4,50,28900
20240105,10:43:30,1.4,50,28900
20240105,10:43:31,1.4,50,28900
20240105,10:43:32,1.4,50,28900
20240105,10:43:33,1.4,50,28900
20240105,10:43:34,1.4,50,28900
20240105,10:43:35,1.4,50,28900
20240105,10:43:36,1.4,50,28900
20240105,10:43:37,1.4,50,28900
20240105,10:43:38,1.4,50,28900
20240105,10:43:39,1.4,50,28900
20240105,10:43:40,1.4,50,28900
20240105,10:43:41,1.4,50,28900
20240105,10:43:42,1.4,50,28900
20240105,10:43:43,1.4,50,28900
20240105,10:43:44,1.4,350,28900
20240105,10:43:45,1.4,50,28900
20240105,10:43:46,1.4,50,28900
20240105,10:43:47,1.4,50,28900
20240105,10:43:48,1.4,50,28900
20240105,10:43:49,1.4,50,28900
20240105,10:43:50,1.4,50,28900
20240105,10:43:51,1.4,50,28900
20240105,10:43:52,1.4,50,28900
20240105,10:43:53,1.4,50,28900
20240105,10:43:55,1.4,50,28900
20240105,10:43:56,1.4,50,28900
20240105,10:43:57,1.4,50,28900
20240105,10:43:58,1.4,50,28900
20240105,10:43:59,1.4,50,28900
20240105,10:44:00,1.4,50,28900
20240105,10:44:01,1.4,50,28900
20240105,10:44:02,1.4,50,28900
20240105,10:44:03,1.4,50,28900
20240105,10:44:07,1.4,50,28900
20240105,10:44:08,1.4,50,28900
20240105,10:44:09,1.4,50,28900
20240105,10:44:10,1.4,50,28900
20240105,10:44:11,1.4,50,28900
20240105,10:44:25,1.4,50,28900
20240105,10:44:26,1.4,50,28900
20240105,10:44:27,1.4,50,35250
20240105,10:44:28,1.4,50,35250
20240105,10:44:29,1.4,50,35250
20240105,10:44:30,1.4,50,35250
20240105,10:44:31,1.4,50,35250
20240105,10:44:32,1.4,50,35250
20240105,10:44:33,1.4,50,35250
20240105,10:44:34,1.4,50,35250
20240105,10:44:35,1.4,50,35250
20240105,10:44:36,1.4,50,35250
20240105,10:44:37,1.4,50,35250
20240105,10:44:38,1.4,50,35250
20240105,10:44:40,1.4,50,35250
20240105,10:44:41,1.4,50,35250
20240105,10:44:42,1.4,4650,35250
20240105,10:44:43,1.4,4650,35250
20240105,10:44:44,1.45,200,35250
20240105,10:44:45,1.45,50,35250
20240105,10:44:46,1.45,50,35250
20240105,10:44:47,1.45,50,35250
20240105,10:44:48,1.45,50,35250
20240105,10:44:49,1.45,50,35250
20240105,10:44:50,1.45,50,35250
20240105,10:44:51,1.45,50,35250
20240105,10:44:52,1.45,50,35250
20240105,10:44:53,1.45,50,35250
20240105,10:44:54,1.45,50,35250
20240105,10:44:55,1.45,50,35250
20240105,10:44:56,1.45,50,35250
20240105,10:44:57,1.45,50,35250
20240105,10:44:58,1.45,50,35250
20240105,10:44:59,1.45,50,35250
20240105,10:45:00,1.45,50,35250
20240105,10:45:01,1.4,550,35250
20240105,10:45:02,1.45,100,35250
20240105,10:45:03,1.45,150,35250
20240105,10:45:04,1.45,150,35250
20240105,10:45:05,1.45,150,35250
20240105,10:45:07,1.45,50,35250
20240105,10:45:09,1.45,50,35250
20240105,10:45:10,1.45,50,35250
20240105,10:45:11,1.4,300,35250
20240105,10:45:12,1.45,150,35250
20240105,10:45:13,1.45,150,35250
20240105,10:45:14,1.45,150,35250
20240105,10:45:15,1.45,50,35250
20240105,10:45:16,1.45,50,35250
20240105,10:45:17,1.45,50,35250
20240105,10:45:18,1.45,50,35250
20240105,10:45:19,1.45,50,35250
20240105,10:45:20,1.45,50,35250
20240105,10:45:21,1.45,50,35250
20240105,10:45:22,1.45,50,35250
20240105,10:45:23,1.45,50,35250
20240105,10:45:24,1.45,50,35250
20240105,10:45:25,1.45,50,35250
20240105,10:45:26,1.45,50,35250
20240105,10:45:27,1.45,50,35250
20240105,10:45:28,1.45,50,35250
20240105,10:45:29,1.45,50,35250
20240105,10:45:30,1.45,50,35250
20240105,10:45:31,1.45,50,35250
20240105,10:45:32,1.45,50,35250
20240105,10:45:33,1.45,50,35250
20240105,10:45:43,1.45,50,35250
20240105,10:45:44,1.45,50,35250
20240105,10:45:45,1.45,150,35250
20240105,10:45:46,1.45,150,35250
20240105,10:45:47,1.45,300,35250
20240105,10:45:49,1.45,50,35250
20240105,10:45:50,1.45,150,35250
20240105,10:45:51,1.45,150,35250
20240105,10:45:52,1.45,150,35250
20240105,10:45:53,1.45,150,35250
20240105,10:45:54,1.45,150,35250
20240105,10:45:55,1.45,150,35250
20240105,10:45:56,1.45,200,35250
20240105,10:45:57,1.45,200,35250
20240105,10:45:58,1.45,200,35250
20240105,10:45:59,1.45,200,35250
20240105,10:46:00,1.45,200,35250
20240105,10:46:01,1.45,200,35250
20240105,10:46:03,1.45,50,35250
20240105,10:46:04,1.45,50,35250
20240105,10:46:05,1.45,200,35250
20240105,10:46:06,1.45,200,35250
20240105,10:46:07,1.45,200,35250
20240105,10:46:08,1.45,50,35250
20240105,10:46:09,1.45,50,35250
20240105,10:46:10,1.45,50,35250
20240105,10:46:20,1.4,50,35250
20240105,10:46:24,1.45,50,35250
20240105,10:46:25,1.45,50,35250
20240105,10:46:26,1.45,50,35250
20240105,10:46:27,1.45,50,35250
20240105,10:46:28,1.45,50,35250
20240105,10:46:29,1.45,50,35250
20240105,10:46:30,1.45,50,35250
20240105,10:46:31,1.45,50,35250
20240105,10:46:32,1.45,50,35250
20240105,10:46:33,1.45,100,35250
20240105,10:46:34,1.45,50,35250
20240105,10:46:35,1.45,50,35250
20240105,10:46:36,1.45,50,35250
20240105,10:46:37,1.45,50,35250
20240105,10:46:38,1.45,50,35250
20240105,10:46:39,1.45,50,35250
20240105,10:46:40,1.45,50,35250
20240105,10:46:41,1.45,50,35250
20240105,10:46:42,1.45,50,35250
20240105,10:46:43,1.45,50,35250
20240105,10:46:44,1.45,50,35250
20240105,10:47:59,1.4,800,35250
20240105,10:48:00,1.4,2550,43500
20240105,10:48:02,1.4,50,43500
20240105,10:48:03,1.4,50,43500
20240105,10:48:04,1.4,50,43500
20240105,10:48:05,1.4,50,43500
20240105,10:48:06,1.4,50,43500
20240105,10:48:07,1.4,50,43500
20240105,10:48:08,1.4,50,43500
20240105,10:48:09,1.4,50,43500
20240105,10:48:10,1.4,200,43500
20240105,10:48:11,1.4,200,43500
20240105,10:49:13,1.35,50,43500
20240105,10:49:14,1.35,50,43500
20240105,10:49:15,1.35,50,43500
20240105,10:49:16,1.35,3950,43500
20240105,10:49:17,1.35,100,43500
20240105,10:49:18,1.3,50,43500
20240105,10:49:19,1.3,50,43500
20240105,10:49:20,1.3,50,43500
20240105,10:49:21,1.3,50,43500
20240105,10:49:22,1.3,50,43500
20240105,10:49:25,1.3,50,43500
20240105,10:49:26,1.3,50,43500
20240105,10:49:27,1.3,50,43500
20240105,10:49:28,1.3,200,43500
20240105,10:49:29,1.3,200,43500
20240105,10:49:30,1.3,200,43500
20240105,10:49:32,1.3,50,43500
20240105,10:49:33,1.3,50,43500
20240105,10:49:34,1.3,50,43500
20240105,10:49:35,1.3,50,43500
20240105,10:49:36,1.3,50,43500
20240105,10:49:37,1.3,50,43500
20240105,10:49:38,1.3,50,43500
20240105,10:49:39,1.3,50,43500
20240105,10:49:40,1.3,50,43500
20240105,10:49:41,1.3,50,43500
20240105,10:49:42,1.3,50,43500
20240105,10:49:43,1.3,50,43500
20240105,10:49:44,1.3,50,43500
20240105,10:49:45,1.3,50,43500
20240105,10:49:46,1.3,50,43500
20240105,10:49:47,1.3,50,43500
20240105,10:49:48,1.3,200,43500
20240105,10:49:49,1.35,450,43500
20240105,10:49:50,1.3,200,43500
20240105,10:49:52,1.3,50,43500
20240105,10:49:53,1.3,50,43500
20240105,10:49:54,1.3,50,43500
20240105,10:49:55,1.3,50,43500
20240105,10:49:56,1.3,50,43500
20240105,10:49:57,1.3,50,43500
20240105,10:49:58,1.3,50,43500
20240105,10:49:59,1.3,50,43500
20240105,10:50:00,1.3,50,43500
20240105,10:50:01,1.3,50,43500
20240105,10:50:02,1.3,50,43500
20240105,10:50:03,1.3,350,43500
20240105,10:50:04,1.3,50,43500
20240105,10:50:05,1.3,100,43500
20240105,10:50:06,1.3,50,43500
20240105,10:50:07,1.3,200,43500
20240105,10:50:08,1.3,200,43500
20240105,10:50:09,1.3,200,43500
20240105,10:50:16,1.3,100,43500
20240105,10:50:22,1.25,50,43500
20240105,10:50:22,1.3,5250,43500
20240105,10:50:23,1.3,50,43500
20240105,10:50:24,1.3,50,43500
20240105,10:50:25,1.3,50,43500
20240105,10:50:26,1.3,50,43500
20240105,10:50:27,1.3,50,43500
20240105,10:50:28,1.3,50,38950
20240105,10:50:29,1.3,50,38950
20240105,10:50:30,1.3,50,38950
20240105,10:50:31,1.3,50,38950
20240105,10:50:34,1.3,50,38950
20240105,10:50:36,1.3,50,38950
20240105,10:50:37,1.3,50,38950
20240105,10:50:38,1.3,50,38950
20240105,10:50:39,1.3,450,38950
20240105,10:50:40,1.3,50,38950
20240105,10:50:41,1.3,50,38950
20240105,10:50:42,1.3,50,38950
20240105,10:50:58,1.3,50,38950
20240105,10:50:59,1.3,50,38950
20240105,10:51:00,1.3,50,38950
20240105,10:51:01,1.3,50,38950
20240105,10:51:02,1.3,50,38950
20240105,10:51:03,1.3,50,38950
20240105,10:51:04,1.3,50,38950
20240105,10:51:05,1.3,50,38950
20240105,10:51:06,1.3,350,38950
20240105,10:51:07,1.3,50,38950
20240105,10:51:08,1.3,50,38950
20240105,10:51:09,1.3,50,38950
20240105,10:51:10,1.3,50,38950
20240105,10:51:11,1.3,50,38950
20240105,10:51:12,1.3,300,38950
20240105,10:51:13,1.25,200,38950
20240105,10:51:14,1.25,50,38950
20240105,10:51:16,1.25,50,38950
20240105,10:51:17,1.25,50,38950
20240105,10:51:18,1.25,50,38950
20240105,10:51:20,1.25,100,38950
20240105,10:51:21,1.25,50,38950
20240105,10:51:22,1.25,50,38950
20240105,10:51:23,1.25,50,38950
20240105,10:51:24,1.25,50,38950
20240105,10:51:25,1.25,50,38950
20240105,10:51:26,1.25,50,38950
20240105,10:51:27,1.25,50,38950
20240105,10:51:28,1.25,50,38950
20240105,10:51:29,1.25,50,38950
20240105,10:51:30,1.25,50,38950
20240105,10:51:31,1.25,50,38950
20240105,10:51:32,1.25,50,38950
20240105,10:51:33,1.25,200,38950
20240105,10:51:34,1.25,200,38950
20240105,10:51:35,1.25,200,38950
20240105,10:51:37,1.25,50,38950
20240105,10:51:38,1.25,50,38950
20240105,10:51:39,1.25,50,38950
20240105,10:51:41,1.25,100,38950
20240105,10:51:42,1.25,50,38950
20240105,10:51:44,1.25,100,38950
20240105,10:51:45,1.25,50,38950
20240105,10:51:47,1.25,100,38950
20240105,10:51:48,1.25,50,38950
20240105,10:51:49,1.25,50,38950
20240105,10:51:49,1.25,1300,38950
20240105,10:51:50,1.2,50,38950
20240105,10:51:51,1.2,50,38950
20240105,10:51:52,1.2,50,38950
20240105,10:51:55,1.25,850,38950
20240105,10:52:07,1.2,1800,38950
20240105,10:52:10,1.2,50,38950
20240105,10:52:14,1.2,100,38950
20240105,10:52:15,1.2,50,38950
20240105,10:52:16,1.2,50,38950
20240105,10:52:17,1.2,50,38950
20240105,10:52:18,1.2,50,38950
20240105,10:52:19,1.2,50,38950
20240105,10:52:20,1.2,50,38950
20240105,10:52:21,1.2,50,38950
20240105,10:52:22,1.2,450,38950
20240105,10:52:24,1.2,100,38950
20240105,10:52:25,1.2,50,38950
20240105,10:52:26,1.2,50,38950
20240105,10:52:27,1.2,50,38950
20240105,10:52:28,1.2,50,38950
20240105,10:52:29,1.2,50,38950
20240105,10:52:30,1.2,50,38950
20240105,10:52:31,1.2,50,38950
20240105,10:52:32,1.2,50,38950
20240105,10:52:33,1.2,50,38950
20240105,10:52:34,1.2,50,38950
20240105,10:52:35,1.2,100,38950
20240105,10:52:36,1.2,50,38950
20240105,10:52:37,1.2,50,38950
20240105,10:52:38,1.2,50,38950
20240105,10:52:39,1.2,50,38950
20240105,10:52:40,1.2,50,38950
20240105,10:52:41,1.2,50,38950
20240105,10:52:42,1.2,50,38950
20240105,10:52:43,1.2,50,38950
20240105,10:52:44,1.2,50,38950
20240105,10:52:45,1.2,50,38950
20240105,10:52:46,1.2,50,38950
20240105,10:52:47,1.2,50,38950
20240105,10:52:48,1.2,50,38950
20240105,10:52:49,1.2,50,38950
20240105,10:52:50,1.2,50,38950
20240105,10:52:51,1.2,50,38950
20240105,10:52:52,1.2,50,38950
20240105,10:52:53,1.2,50,38950
20240105,10:52:54,1.2,50,38950
20240105,10:52:55,1.2,50,38950
20240105,10:52:57,1.2,100,38950
20240105,10:52:58,1.2,50,38950
20240105,10:52:59,1.2,50,38950
20240105,10:53:00,1.2,50,38950
20240105,10:53:02,1.2,100,38950
20240105,10:53:48,1.25,250,38950
20240105,10:54:00,1.25,250,35600
20240105,10:54:05,1.25,250,35600
20240105,10:54:08,1.25,50,35600
20240105,10:54:21,1.25,50,35600
20240105,10:54:22,1.25,50,35600
20240105,10:54:23,1.25,50,35600
20240105,10:54:24,1.25,50,35600
20240105,10:54:25,1.25,50,35600
20240105,10:54:26,1.25,50,35600
20240105,10:54:27,1.25,50,35600
20240105,10:54:28,1.25,150,35600
20240105,10:54:29,1.25,150,35600
20240105,10:54:30,1.25,50,35600
20240105,10:54:31,1.25,50,35600
20240105,10:54:32,1.25,50,35600
20240105,10:54:33,1.25,3300,35600
20240105,10:54:41,1.3,50,35600
20240105,10:54:42,1.3,50,35600
20240105,10:54:43,1.3,50,35600
20240105,10:54:44,1.3,150,35600
20240105,10:54:45,1.3,150,35600
20240105,10:54:46,1.3,150,35600
20240105,10:54:48,1.3,50,35600
20240105,10:54:49,1.3,50,35600
20240105,10:54:50,1.3,150,35600
20240105,10:54:51,1.3,150,35600
20240105,10:54:52,1.3,150,35600
20240105,10:54:53,1.3,150,35600
20240105,10:54:54,1.3,150,35600
20240105,10:54:55,1.3,150,35600
20240105,10:54:56,1.3,150,35600
20240105,10:54:57,1.25,1800,35600
20240105,10:54:58,1.3,50,35600
20240105,10:54:59,1.3,200,35600
20240105,10:55:00,1.3,200,35600
20240105,10:55:01,1.3,200,35600
20240105,10:55:02,1.3,200,35600
20240105,10:55:03,1.3,200,35600
20240105,10:55:04,1.3,200,35600
20240105,10:55:05,1.3,850,35600
20240105,10:55:06,1.35,350,35600
20240105,10:55:07,1.35,200,35600
20240105,10:55:08,1.35,200,35600
20240105,10:55:09,1.35,200,35600
20240105,10:55:11,1.3,3850,35600
20240105,10:55:18,1.3,200,35600
20240105,10:55:19,1.35,50,35600
20240105,10:55:20,1.35,50,35600
20240105,10:55:21,1.35,50,35600
20240105,10:55:22,1.3,450,35600
20240105,10:55:23,1.35,50,35600
20240105,10:55:24,1.35,50,35600
20240105,10:55:25,1.35,50,35600
20240105,10:55:26,1.35,50,35600
20240105,10:55:28,1.35,50,35600
20240105,10:55:29,1.35,50,35600
20240105,10:55:30,1.35,50,35600
20240105,10:55:31,1.35,50,35600
20240105,10:55:32,1.35,50,35600
20240105,10:55:33,1.35,50,35600
20240105,10:55:34,1.35,50,35600
20240105,10:55:35,1.35,50,35600
20240105,10:55:36,1.35,50,35600
20240105,10:55:37,1.35,50,35600
20240105,10:55:38,1.35,50,35600
20240105,10:55:39,1.35,50,35600
20240105,10:55:40,1.35,50,35600
20240105,10:55:41,1.35,50,35600
20240105,10:55:42,1.35,50,35600
20240105,10:55:43,1.35,50,35600
20240105,10:55:44,1.35,50,35600
20240105,10:55:45,1.35,50,35600
20240105,10:55:46,1.35,50,35600
20240105,10:55:47,1.35,50,35600
20240105,10:55:48,1.35,50,35600
20240105,10:55:51,1.35,50,35600
20240105,10:55:53,1.3,50,35600
20240105,10:55:55,1.3,1850,35600
20240105,10:55:57,1.35,50,35600
20240105,10:56:00,1.35,50,35600
20240105,10:56:01,1.35,50,35600
20240105,10:56:02,1.35,50,35600
20240105,10:56:03,1.3,700,35600
20240105,10:56:04,1.3,450,35600
20240105,10:56:05,1.3,450,35600
20240105,10:56:06,1.3,250,35600
20240105,10:56:09,1.3,50,35600
20240105,10:56:10,1.3,50,35600
20240105,10:56:18,1.3,50,35600
20240105,10:56:19,1.3,50,35600
20240105,10:56:26,1.3,50,35600
20240105,10:56:59,1.25,9100,45700
20240105,10:57:00,1.25,50,45700
20240105,10:57:42,1.25,50,45700
20240105,10:57:48,1.25,250,45700
20240105,10:59:00,1.25,250,45700
20240105,10:59:55,1.25,250,42100
20240105,11:00:28,1.25,50,42100
20240105,11:00:49,1.25,350,42100
20240105,11:00:50,1.25,50,42100
20240105,11:00:51,1.25,550,42100
20240105,11:00:52,1.25,1500,42100
20240105,11:01:45,1.25,50,42100
20240105,11:01:46,1.25,50,42100
20240105,11:01:47,1.25,50,42100
20240105,11:01:48,1.25,50,42100
20240105,11:01:49,1.25,50,42100
20240105,11:01:50,1.25,50,42100
20240105,11:01:51,1.25,50,42100
20240105,11:01:52,1.25,50,42100
20240105,11:01:53,1.25,50,42100
20240105,11:01:54,1.25,50,42100
20240105,11:01:55,1.25,50,42100
20240105,11:01:56,1.25,50,42100
20240105,11:01:57,1.25,50,42100
20240105,11:01:58,1.25,200,42100
20240105,11:02:00,1.25,400,42100
20240105,11:02:03,1.25,50,42100
20240105,11:02:04,1.25,50,42100
20240105,11:02:05,1.25,50,42100
20240105,11:02:06,1.25,50,42100
20240105,11:02:07,1.25,50,42100
20240105,11:02:09,1.25,100,42100
20240105,11:02:10,1.25,50,42100
20240105,11:02:11,1.25,50,42100
20240105,11:02:12,1.25,50,42100
20240105,11:02:13,1.25,50,42100
20240105,11:02:14,1.25,50,42100
20240105,11:02:15,1.25,50,42100
20240105,11:02:37,1.25,50,42000
20240105,11:02:39,1.25,100,42000
20240105,11:02:40,1.25,50,42000
20240105,11:02:41,1.25,50,42000
20240105,11:02:44,1.25,50,42000
20240105,11:03:47,1.25,1700,42000
20240105,11:04:31,1.2,800,42000
20240105,11:05:11,1.25,50,42000
20240105,11:06:27,1.25,50,42000
20240105,11:06:35,1.25,50,42900
20240105,11:06:36,1.25,50,42900
20240105,11:06:37,1.25,50,42900
20240105,11:06:38,1.25,200,42900
20240105,11:06:39,1.25,200,42900
20240105,11:06:40,1.25,200,42900
20240105,11:06:41,1.25,50,42900
20240105,11:06:42,1.25,50,42900
20240105,11:06:43,1.25,50,42900
20240105,11:06:44,1.25,50,42900
20240105,11:06:45,1.25,50,42900
20240105,11:06:46,1.25,50,42900
20240105,11:06:47,1.25,50,42900
20240105,11:06:48,1.25,50,42900
20240105,11:06:49,1.25,50,42900
20240105,11:06:50,1.25,50,42900
20240105,11:06:51,1.25,50,42900
20240105,11:06:52,1.25,50,42900
20240105,11:06:53,1.25,50,42900
20240105,11:06:54,1.25,50,42900
20240105,11:06:55,1.25,50,42900
20240105,11:06:56,1.25,50,42900
20240105,11:06:57,1.25,50,42900
20240105,11:06:58,1.25,50,42900
20240105,11:06:59,1.25,50,42900
20240105,11:07:00,1.25,50,42900
20240105,11:07:01,1.25,800,42900
20240105,11:07:02,1.3,50,42900
20240105,11:07:03,1.3,50,42900
20240105,11:07:04,1.3,50,42900
20240105,11:07:05,1.3,50,42900
20240105,11:07:06,1.3,50,42900
20240105,11:07:07,1.3,50,42900
20240105,11:07:08,1.3,50,42900
20240105,11:07:09,1.3,150,42900
20240105,11:07:10,1.3,150,42900
20240105,11:07:11,1.3,150,42900
20240105,11:07:15,1.3,50,42900
20240105,11:07:16,1.3,50,42900
20240105,11:07:18,1.3,50,42900
20240105,11:07:30,1.3,50,42900
20240105,11:07:43,1.3,50,42900
20240105,11:07:44,1.3,50,42900
20240105,11:07:45,1.3,50,42900
20240105,11:07:46,1.3,50,42900
20240105,11:07:47,1.3,50,42900
20240105,11:07:48,1.3,50,42900
20240105,11:07:52,1.3,50,42900
20240105,11:07:53,1.3,50,42900
20240105,11:07:54,1.3,50,42900
20240105,11:07:55,1.3,50,42900
20240105,11:07:56,1.3,50,42900
20240105,11:08:33,1.3,50,44950
20240105,11:08:40,1.3,50,44950
20240105,11:08:41,1.3,50,44950
20240105,11:08:42,1.3,50,44950
20240105,11:08:43,1.3,50,44950
20240105,11:08:44,1.3,50,44950
20240105,11:08:45,1.3,50,44950
20240105,11:08:46,1.3,50,44950
20240105,11:08:47,1.3,50,44950
20240105,11:08:48,1.3,50,44950
20240105,11:08:49,1.3,50,44950
20240105,11:08:50,1.3,50,44950
20240105,11:08:52,1.3,150,44950
20240105,11:08:53,1.3,50,44950
20240105,11:08:54,1.3,150,44950
20240105,11:08:55,1.3,150,44950
20240105,11:08:56,1.3,50,44950
20240105,11:09:02,1.3,50,44950
20240105,11:09:03,1.3,50,44950
20240105,11:09:04,1.3,50,44950
20240105,11:09:05,1.3,50,44950
20240105,11:09:06,1.3,50,44950
20240105,11:09:07,1.3,50,44950
20240105,11:09:09,1.3,300,44950
20240105,11:09:10,1.3,150,44950
20240105,11:09:18,1.3,100,44950
20240105,11:09:19,1.3,50,44950
20240105,11:09:20,1.3,50,44950
20240105,11:09:21,1.3,50,44950
20240105,11:10:50,1.25,100,44950
20240105,11:11:35,1.3,50,46750
20240105,11:12:07,1.25,50,46750
20240105,11:15:18,1.3,50,46750
20240105,11:15:34,1.3,50,46750
20240105,11:17:23,1.25,50,46750
20240105,11:17:52,1.3,50,46750
20240105,11:18:16,1.3,150,46750
20240105,11:18:49,1.3,150,46750
20240105,11:19:10,1.3,50,46750
20240105,11:19:11,1.3,50,46750
20240105,11:19:42,1.25,50,46750
20240105,11:19:43,1.25,50,46750
20240105,11:19:44,1.25,50,46750
20240105,11:19:45,1.25,50,46750
20240105,11:19:46,1.25,50,46750
20240105,11:19:47,1.25,50,46750
20240105,11:19:48,1.25,50,46750
20240105,11:19:49,1.25,50,46750
20240105,11:19:50,1.25,50,46750
20240105,11:19:51,1.25,50,46750
20240105,11:19:52,1.25,50,46750
20240105,11:19:53,1.25,50,46750
20240105,11:19:54,1.25,50,46750
20240105,11:19:55,1.25,50,46750
20240105,11:19:56,1.25,50,46750
20240105,11:19:57,1.25,50,46750
20240105,11:19:58,1.25,50,46750
20240105,11:19:59,1.25,50,46750
20240105,11:20:00,1.25,50,46750
20240105,11:20:01,1.25,50,46750
20240105,11:20:02,1.25,50,46750
20240105,11:20:03,1.25,50,46750
20240105,11:20:04,1.25,50,46750
20240105,11:20:05,1.25,50,46750
20240105,11:20:06,1.25,50,46750
20240105,11:20:07,1.25,50,46750
20240105,11:20:08,1.25,50,46750
20240105,11:20:09,1.25,50,46750
20240105,11:20:10,1.25,200,46750
20240105,11:20:11,1.25,200,46750
20240105,11:20:12,1.25,50,46750
20240105,11:20:16,1.25,50,46750
20240105,11:20:17,1.25,50,46750
20240105,11:20:18,1.25,50,46750
20240105,11:20:19,1.25,50,46750
20240105,11:20:20,1.25,50,46750
20240105,11:20:21,1.25,50,46750
20240105,11:20:22,1.25,50,46750
20240105,11:20:23,1.25,50,46750
20240105,11:20:24,1.25,50,46750
20240105,11:20:25,1.25,50,46750
20240105,11:20:26,1.25,50,46750
20240105,11:20:27,1.25,50,46750
20240105,11:20:28,1.25,50,46750
20240105,11:20:29,1.25,50,46750
20240105,11:20:30,1.25,50,46750
20240105,11:20:31,1.25,50,46750
20240105,11:20:32,1.25,50,46750
20240105,11:20:33,1.25,50,44650
20240105,11:20:34,1.25,50,44650
20240105,11:20:35,1.25,50,44650
20240105,11:20:36,1.25,50,44650
20240105,11:20:37,1.25,50,44650
20240105,11:20:38,1.25,200,44650
20240105,11:20:39,1.25,200,44650
20240105,11:20:40,1.25,200,44650
20240105,11:20:41,1.25,200,44650
20240105,11:20:43,1.25,50,44650
20240105,11:20:44,1.25,100,44650
20240105,11:20:45,1.25,50,44650
20240105,11:20:46,1.25,50,44650
20240105,11:20:47,1.25,50,44650
20240105,11:20:48,1.25,50,44650
20240105,11:20:49,1.25,50,44650
20240105,11:20:50,1.25,50,44650
20240105,11:20:51,1.25,300,44650
20240105,11:20:52,1.2,50,44650
20240105,11:20:53,1.2,50,44650
20240105,11:20:54,1.2,50,44650
20240105,11:20:55,1.2,50,44650
20240105,11:20:56,1.2,200,44650
20240105,11:20:57,1.2,200,44650
20240105,11:20:58,1.2,200,44650
20240105,11:20:59,1.2,50,44650
20240105,11:21:00,1.2,50,44650
20240105,11:21:01,1.2,50,44650
20240105,11:21:02,1.2,50,44650
20240105,11:21:03,1.2,50,44650
20240105,11:21:04,1.2,50,44650
20240105,11:21:05,1.2,50,44650
20240105,11:21:06,1.2,50,44650
20240105,11:21:07,1.2,50,44650
20240105,11:21:08,1.2,50,44650
20240105,11:21:09,1.2,200,44650
20240105,11:21:10,1.2,200,44650
20240105,11:21:11,1.2,50,44650
20240105,11:21:12,1.2,50,44650
20240105,11:21:42,1.2,50,44650
20240105,11:21:43,1.2,50,44650
20240105,11:21:59,1.2,50,44650
20240105,11:22:00,1.2,50,44650
20240105,11:22:01,1.2,50,44650
20240105,11:22:05,1.2,50,44650
20240105,11:22:06,1.2,50,44650
20240105,11:22:07,1.2,50,44650
20240105,11:22:08,1.2,50,44650
20240105,11:22:09,1.2,50,44650
20240105,11:22:11,1.2,50,44650
20240105,11:22:13,1.2,50,44650
20240105,11:22:14,1.2,50,44650
20240105,11:22:15,1.2,50,44650
20240105,11:22:16,1.2,50,44650
20240105,11:22:17,1.2,50,44650
20240105,11:22:19,1.2,50,44650
20240105,11:22:20,1.2,50,44650
20240105,11:22:21,1.2,50,44650
20240105,11:22:22,1.2,50,44650
20240105,11:22:23,1.2,50,44650
20240105,11:22:24,1.2,50,44650
20240105,11:22:25,1.2,50,44650
20240105,11:22:26,1.2,50,44650
20240105,11:22:27,1.2,50,44650
20240105,11:22:28,1.2,50,44650
20240105,11:22:34,1.2,50,44650
20240105,11:22:34,1.25,550,44650
20240105,11:22:35,1.2,50,44650
20240105,11:22:36,1.2,50,44650
20240105,11:22:38,1.2,50,44650
20240105,11:22:40,1.2,50,44650
20240105,11:22:41,1.2,50,44650
20240105,11:22:42,1.2,50,44650
20240105,11:22:43,1.2,50,44650
20240105,11:22:44,1.2,50,44650
20240105,11:22:47,1.2,50,44650
20240105,11:22:49,1.2,50,44650
20240105,11:22:50,1.2,50,44650
20240105,11:22:51,1.2,50,44650
20240105,11:22:52,1.2,50,44650
20240105,11:22:57,1.2,50,44650
20240105,11:23:01,1.2,50,44650
20240105,11:23:02,1.2,50,44650
20240105,11:23:03,1.2,50,44650
20240105,11:23:04,1.2,50,44650
20240105,11:23:09,1.2,50,44650
20240105,11:23:10,1.2,50,44650
20240105,11:23:11,1.2,50,44650
20240105,11:23:13,1.2,50,44650
20240105,11:23:19,1.2,50,44650
20240105,11:23:20,1.2,50,44650
20240105,11:23:21,1.2,50,44650
20240105,11:23:22,1.2,50,44650
20240105,11:23:23,1.2,50,44650
20240105,11:23:24,1.2,50,44650
20240105,11:23:25,1.2,50,44650
20240105,11:23:26,1.2,50,44650
20240105,11:23:28,1.2,100,44650
20240105,11:23:29,1.2,50,44650
20240105,11:23:30,1.2,50,44650
20240105,11:23:31,1.2,50,44650
20240105,11:23:32,1.2,50,44650
20240105,11:23:33,1.2,50,40300
20240105,11:23:34,1.2,50,40300
20240105,11:23:35,1.2,50,40300
20240105,11:23:36,1.2,50,40300
20240105,11:23:38,1.2,100,40300
20240105,11:23:39,1.2,50,40300
20240105,11:23:40,1.2,200,40300
20240105,11:23:41,1.2,200,40300
20240105,11:23:42,1.2,50,40300
20240105,11:23:43,1.2,50,40300
20240105,11:23:44,1.2,50,40300
20240105,11:23:45,1.2,50,40300
20240105,11:23:46,1.2,50,40300
20240105,11:23:47,1.2,50,40300
20240105,11:23:48,1.2,50,40300
20240105,11:23:49,1.2,50,40300
20240105,11:23:51,1.2,100,40300
20240105,11:23:52,1.2,50,40300
20240105,11:23:53,1.2,50,40300
20240105,11:23:54,1.2,900,40300
20240105,11:23:55,1.2,50,40300
20240105,11:23:56,1.2,50,40300
20240105,11:23:57,1.2,50,40300
20240105,11:23:58,1.2,50,40300
20240105,11:23:59,1.2,50,40300
20240105,11:24:00,1.2,50,40300
20240105,11:24:01,1.2,100,40300
20240105,11:24:02,1.2,50,40300
20240105,11:24:03,1.2,50,40300
20240105,11:24:04,1.2,50,40300
20240105,11:24:05,1.2,50,40300
20240105,11:24:07,1.2,100,40300
20240105,11:24:08,1.2,50,40300
20240105,11:24:09,1.2,50,40300
20240105,11:24:10,1.2,200,40300
20240105,11:24:11,1.2,200,40300
20240105,11:24:12,1.2,200,40300
20240105,11:24:14,1.2,50,40300
20240105,11:24:15,1.2,50,40300
20240105,11:24:16,1.2,50,40300
20240105,11:24:17,1.2,50,40300
20240105,11:24:19,1.2,100,40300
20240105,11:24:20,1.2,50,40300
20240105,11:24:21,1.2,50,40300
20240105,11:24:23,1.2,50,40300
20240105,11:24:25,1.2,50,40300
20240105,11:24:29,1.2,50,40300
20240105,11:24:30,1.2,50,40300
20240105,11:24:31,1.2,50,40300
20240105,11:24:32,1.2,50,40300
20240105,11:24:34,1.2,50,40300
20240105,11:24:37,1.2,50,40300
20240105,11:24:43,1.2,50,40300
20240105,11:24:44,1.2,50,40300
20240105,11:24:45,1.2,50,40300
20240105,11:24:46,1.2,50,40300
20240105,11:24:47,1.2,50,40300
20240105,11:24:52,1.2,50,40300
20240105,11:24:53,1.2,50,40300
20240105,11:24:54,1.2,50,40300
20240105,11:24:55,1.2,50,40300
20240105,11:24:57,1.2,100,40300
20240105,11:24:58,1.2,50,40300
20240105,11:24:59,1.2,50,40300
20240105,11:25:00,1.2,50,40300
20240105,11:25:06,1.2,50,40300
20240105,11:25:09,1.2,50,40300
20240105,11:25:10,1.2,50,40300
20240105,11:25:11,1.2,50,40300
20240105,11:25:14,1.2,50,40300
20240105,11:25:17,1.2,50,40300
20240105,11:26:04,1.2,50,40300
20240105,11:26:05,1.2,50,40300
20240105,11:26:06,1.2,50,40300
20240105,11:26:07,1.2,50,40300
20240105,11:26:08,1.2,50,40300
20240105,11:26:09,1.2,50,40300
20240105,11:26:10,1.2,50,40300
20240105,11:26:11,1.2,50,40300
20240105,11:26:12,1.2,50,40300
20240105,11:26:13,1.2,50,40300
20240105,11:26:14,1.2,50,40300
20240105,11:26:15,1.2,50,40300
20240105,11:26:29,1.2,50,40300
20240105,11:26:30,1.2,50,40300
20240105,11:26:45,1.2,50,38850
20240105,11:26:46,1.2,50,38850
20240105,11:26:48,1.2,50,38850
20240105,11:26:49,1.2,50,38850
20240105,11:26:50,1.2,50,38850
20240105,11:26:53,1.2,50,38850
20240105,11:26:59,1.2,50,38850
20240105,11:27:00,1.2,50,38850
20240105,11:27:02,1.2,50,38850
20240105,11:27:05,1.2,150,38850
20240105,11:27:07,1.2,1050,38850
20240105,11:27:18,1.15,50,38850
20240105,11:27:23,1.15,50,38850
20240105,11:27:26,1.15,50,38850
20240105,11:27:29,1.15,50,38850
20240105,11:27:30,1.15,50,38850
20240105,11:27:31,1.15,50,38850
20240105,11:29:21,1.2,1800,38850
20240105,11:29:35,1.2,1850,36300
20240105,11:29:39,1.2,1850,36300
20240105,11:29:40,1.15,50,36300
20240105,11:29:41,1.15,50,36300
20240105,11:29:42,1.15,50,36300
20240105,11:29:43,1.15,50,36300
20240105,11:29:44,1.15,50,36300
20240105,11:29:45,1.15,50,36300
20240105,11:29:46,1.15,50,36300
20240105,11:29:47,1.15,50,36300
20240105,11:30:24,1.2,300,36300
20240105,11:32:39,1.15,50,33900
20240105,11:32:43,1.15,50,33900
20240105,11:35:27,1.2,50,33900
20240105,11:36:01,1.15,50,33900
20240105,11:36:02,1.15,50,33900
20240105,11:36:03,1.15,50,33900
20240105,11:36:04,1.15,50,33900
20240105,11:36:05,1.15,50,33900
20240105,11:36:06,1.15,50,33900
20240105,11:36:07,1.15,50,33900
20240105,11:36:11,1.15,50,33900
20240105,11:36:16,1.15,50,33900
20240105,11:36:17,1.15,50,33900
20240105,11:36:25,1.15,50,33900
20240105,11:36:29,1.15,50,33900
20240105,11:36:33,1.15,50,33900
20240105,11:36:35,1.15,50,33900
20240105,11:36:36,1.2,250,33900
20240105,11:36:39,1.15,50,33900
20240105,11:37:53,1.2,50,33900
20240105,11:40:04,1.15,50,33650
20240105,11:40:05,1.15,50,33650
20240105,11:40:06,1.15,50,33650
20240105,11:40:07,1.15,50,33650
20240105,11:40:08,1.15,50,33650
20240105,11:40:09,1.15,50,33650
20240105,11:40:10,1.15,50,33650
20240105,11:40:11,1.15,50,33650
20240105,11:40:42,1.15,50,33650
20240105,11:41:19,1.2,50,33650
20240105,11:41:24,1.2,50,33650
20240105,11:42:23,1.15,150,33650
20240105,11:42:40,1.2,50,33650
20240105,11:44:05,1.2,50,33650
20240105,11:44:07,1.2,50,33650
20240105,11:47:39,1.2,50,33650
20240105,11:47:51,1.15,50,33500
20240105,11:47:52,1.15,50,33500
20240105,11:47:54,1.15,400,33500
20240105,11:47:56,1.15,400,33500
20240105,11:47:58,1.15,400,33500
20240105,11:48:23,1.15,500,33500
20240105,11:49:06,1.2,250,33500
20240105,11:49:59,1.2,500,33500
20240105,11:50:43,1.15,50,33500
20240105,11:50:46,1.15,50,32050
20240105,11:50:47,1.15,50,32050
20240105,11:50:48,1.15,50,32050
20240105,11:50:49,1.15,50,32050
20240105,11:50:52,1.15,50,32050
20240105,11:50:55,1.15,50,32050
20240105,11:50:56,1.15,50,32050
20240105,11:50:57,1.15,50,32050
20240105,11:50:58,1.15,50,32050
20240105,11:50:59,1.15,50,32050
20240105,11:51:00,1.15,50,32050
20240105,11:51:01,1.15,50,32050
20240105,11:51:02,1.15,200,32050
20240105,11:51:03,1.15,200,32050
20240105,11:51:04,1.15,200,32050
20240105,11:51:12,1.15,50,32050
20240105,11:51:13,1.15,50,32050
20240105,11:51:14,1.15,50,32050
20240105,11:51:15,1.15,50,32050
20240105,11:51:16,1.15,50,32050
20240105,11:51:17,1.15,50,32050
20240105,11:51:18,1.2,100,32050
20240105,11:51:19,1.15,50,32050
20240105,11:51:20,1.15,50,32050
20240105,11:51:21,1.15,50,32050
20240105,11:51:22,1.15,50,32050
20240105,11:51:23,1.15,50,32050
20240105,11:51:24,1.15,50,32050
20240105,11:51:35,1.2,50,32050
20240105,11:51:42,1.15,50,32050
20240105,11:51:43,1.15,50,32050
20240105,11:51:44,1.15,50,32050
20240105,11:51:45,1.15,50,32050
20240105,11:51:46,1.15,50,32050
20240105,11:51:47,1.15,50,32050
20240105,11:51:48,1.15,50,32050
20240105,11:51:49,1.15,50,32050
20240105,11:51:50,1.15,50,32050
20240105,11:51:51,1.15,50,32050
20240105,11:51:52,1.15,50,32050
20240105,11:51:53,1.15,50,32050
20240105,11:51:54,1.15,50,32050
20240105,11:51:55,1.15,50,32050
20240105,11:51:56,1.15,50,32050
20240105,11:51:57,1.15,50,32050
20240105,11:51:58,1.15,50,32050
20240105,11:51:59,1.15,50,32050
20240105,11:52:00,1.15,50,32050
20240105,11:52:01,1.15,50,32050
20240105,11:52:02,1.15,50,32050
20240105,11:52:03,1.15,50,32050
20240105,11:52:04,1.15,50,32050
20240105,11:52:05,1.15,50,32050
20240105,11:52:06,1.15,50,32050
20240105,11:52:32,1.2,500,32050
20240105,11:52:33,1.15,50,32050
20240105,11:53:43,1.15,50,32050
20240105,11:53:44,1.15,50,31200
20240105,11:53:45,1.15,50,31200
20240105,11:53:46,1.15,50,31200
20240105,11:53:47,1.15,50,31200
20240105,11:53:48,1.15,50,31200
20240105,11:53:49,1.15,50,31200
20240105,11:53:50,1.15,50,31200
20240105,11:53:51,1.15,50,31200
20240105,11:53:52,1.15,50,31200
20240105,11:53:53,1.15,50,31200
20240105,11:53:54,1.15,50,31200
20240105,11:53:55,1.15,50,31200
20240105,11:53:56,1.15,50,31200
20240105,11:53:57,1.15,50,31200
20240105,11:53:58,1.15,50,31200
20240105,11:53:59,1.15,50,31200
20240105,11:54:00,1.15,50,31200
20240105,11:54:01,1.15,50,31200
20240105,11:54:02,1.15,50,31200
20240105,11:54:03,1.15,50,31200
20240105,11:54:04,1.15,50,31200
20240105,11:54:05,1.15,50,31200
20240105,11:54:06,1.15,50,31200
20240105,11:54:07,1.15,50,31200
20240105,11:54:08,1.15,50,31200
20240105,11:54:09,1.15,50,31200
20240105,11:54:10,1.15,50,31200
20240105,11:54:11,1.15,50,31200
20240105,11:54:12,1.15,50,31200
20240105,11:54:13,1.15,50,31200
20240105,11:55:26,1.2,50,31200
20240105,11:57:07,1.2,1800,29650
20240105,11:57:48,1.2,50,29650
20240105,11:59:24,1.15,1800,29650
20240105,12:07:10,1.2,50,29800
20240105,12:07:49,1.2,50,29800
20240105,12:07:52,1.2,50,29800
20240105,12:07:53,1.2,50,29800
20240105,12:07:54,1.2,50,29800
20240105,12:07:55,1.2,50,29800
20240105,12:07:56,1.2,50,29800
20240105,12:07:57,1.2,50,29800
20240105,12:07:58,1.2,50,29800
20240105,12:08:00,1.2,50,29800
20240105,12:08:04,1.2,50,29800
20240105,12:08:05,1.2,50,29800
20240105,12:08:06,1.2,50,29800
20240105,12:08:07,1.2,50,29800
20240105,12:08:08,1.2,50,29800
20240105,12:08:09,1.2,50,29800
20240105,12:08:10,1.2,50,29800
20240105,12:08:11,1.2,50,29800
20240105,12:08:12,1.2,50,29800
20240105,12:08:13,1.2,50,29800
20240105,12:08:14,1.2,50,29800
20240105,12:08:15,1.2,50,29800
20240105,12:08:16,1.2,50,29800
20240105,12:08:17,1.2,50,29800
20240105,12:08:18,1.2,50,29800
20240105,12:08:19,1.2,50,29800
20240105,12:08:20,1.2,50,29800
20240105,12:08:21,1.2,50,29800
20240105,12:08:22,1.2,50,29800
20240105,12:08:23,1.2,50,29800
20240105,12:08:24,1.2,50,29800
20240105,12:08:25,1.2,50,29800
20240105,12:08:26,1.2,50,29800
20240105,12:08:27,1.2,50,29800
20240105,12:08:28,1.2,50,29800
20240105,12:08:29,1.2,50,29800
20240105,12:08:30,1.2,50,29800
20240105,12:08:31,1.2,50,29800
20240105,12:08:32,1.2,50,29800
20240105,12:08:33,1.2,50,29800
20240105,12:08:34,1.2,50,29800
20240105,12:08:35,1.2,50,29800
20240105,12:08:36,1.2,50,29800
20240105,12:08:37,1.2,50,29800
20240105,12:08:38,1.2,50,29800
20240105,12:08:39,1.2,50,29800
20240105,12:08:40,1.2,50,30400
20240105,12:08:41,1.2,50,30400
20240105,12:08:42,1.2,50,30400
20240105,12:08:43,1.2,50,30400
20240105,12:08:44,1.2,50,30400
20240105,12:08:45,1.2,50,30400
20240105,12:08:46,1.2,50,30400
20240105,12:08:47,1.2,50,30400
20240105,12:08:48,1.2,50,30400
20240105,12:08:49,1.2,50,30400
20240105,12:08:50,1.2,50,30400
20240105,12:08:51,1.2,50,30400
20240105,12:08:52,1.2,50,30400
20240105,12:08:53,1.2,50,30400
20240105,12:08:54,1.2,50,30400
20240105,12:08:55,1.2,50,30400
20240105,12:08:56,1.2,50,30400
20240105,12:08:57,1.2,50,30400
20240105,12:08:58,1.2,50,30400
20240105,12:08:59,1.2,50,30400
20240105,12:09:00,1.2,50,30400
20240105,12:09:02,1.2,100,30400
20240105,12:09:03,1.2,50,30400
20240105,12:09:04,1.2,50,30400
20240105,12:09:05,1.2,50,30400
20240105,12:09:06,1.2,50,30400
20240105,12:09:07,1.2,50,30400
20240105,12:09:08,1.2,50,30400
20240105,12:09:09,1.2,50,30400
20240105,12:09:10,1.2,150,30400
20240105,12:09:12,1.2,50,30400
20240105,12:09:13,1.2,50,30400
20240105,12:09:14,1.2,50,30400
20240105,12:09:15,1.2,50,30400
20240105,12:09:16,1.2,50,30400
20240105,12:09:17,1.2,50,30400
20240105,12:09:18,1.2,50,30400
20240105,12:09:19,1.2,50,30400
20240105,12:09:20,1.2,50,30400
20240105,12:09:21,1.2,50,30400
20240105,12:09:22,1.2,50,30400
20240105,12:09:23,1.2,50,30400
20240105,12:09:24,1.2,50,30400
20240105,12:09:25,1.2,50,30400
20240105,12:09:26,1.2,50,30400
20240105,12:09:27,1.2,50,30400
20240105,12:09:28,1.2,50,30400
20240105,12:09:29,1.2,50,30400
20240105,12:09:30,1.2,50,30400
20240105,12:09:31,1.2,50,30400
20240105,12:09:32,1.2,50,30400
20240105,12:09:33,1.2,50,30400
20240105,12:09:34,1.2,50,30400
20240105,12:09:35,1.2,50,30400
20240105,12:09:36,1.2,50,30400
20240105,12:09:37,1.2,50,30400
20240105,12:09:38,1.2,50,30400
20240105,12:09:39,1.2,150,30400
20240105,12:09:40,1.2,150,30400
20240105,12:09:41,1.2,50,30400
20240105,12:09:42,1.2,50,30400
20240105,12:09:43,1.2,50,30400
20240105,12:09:45,1.2,100,30400
20240105,12:09:46,1.2,50,30400
20240105,12:09:47,1.2,50,30400
20240105,12:09:48,1.2,50,30400
20240105,12:09:49,1.2,50,30400
20240105,12:09:50,1.2,50,30400
20240105,12:09:52,1.2,100,30400
20240105,12:09:53,1.2,50,30400
20240105,12:09:54,1.2,50,30400
20240105,12:09:55,1.2,50,30400
20240105,12:09:56,1.2,50,30400
20240105,12:09:57,1.2,50,30400
20240105,12:09:58,1.2,50,30400
20240105,12:10:00,1.2,100,30400
20240105,12:10:01,1.2,50,30400
20240105,12:10:03,1.2,100,30400
20240105,12:10:04,1.2,50,30400
20240105,12:10:05,1.2,50,30400
20240105,12:10:06,1.2,50,30400
20240105,12:11:07,1.2,50,30400
20240105,12:11:29,1.2,1800,30400
20240105,12:11:57,1.2,50,33600
20240105,12:11:59,1.2,50,33600
20240105,12:12:00,1.2,50,33600
20240105,12:12:01,1.2,50,33600
20240105,12:12:02,1.2,50,33600
20240105,12:12:03,1.2,50,33600
20240105,12:12:04,1.2,50,33600
20240105,12:12:05,1.2,50,33600
20240105,12:12:06,1.2,50,33600
20240105,12:12:07,1.2,50,33600
20240105,12:12:08,1.2,50,33600
20240105,12:12:09,1.2,50,33600
20240105,12:12:10,1.2,50,33600
20240105,12:12:11,1.2,150,33600
20240105,12:12:12,1.2,150,33600
20240105,12:12:13,1.2,150,33600
20240105,12:12:14,1.2,50,33600
20240105,12:12:15,1.2,50,33600
20240105,12:12:16,1.2,50,33600
20240105,12:12:17,1.2,50,33600
20240105,12:12:18,1.2,50,33600
20240105,12:12:19,1.2,50,33600
20240105,12:12:20,1.2,50,33600
20240105,12:12:21,1.2,50,33600
20240105,12:12:22,1.2,50,33600
20240105,12:12:23,1.2,300,33600
20240105,12:12:24,1.2,50,33600
20240105,12:12:25,1.2,50,33600
20240105,12:12:26,1.2,50,33600
20240105,12:12:27,1.2,150,33600
20240105,12:12:28,1.2,150,33600
20240105,12:12:29,1.2,50,33600
20240105,12:12:30,1.2,50,33600
20240105,12:12:31,1.2,50,33600
20240105,12:12:32,1.2,50,33600
20240105,12:12:33,1.2,50,33600
20240105,12:12:34,1.2,50,33600
20240105,12:12:35,1.2,50,33600
20240105,12:12:36,1.2,50,33600
20240105,12:12:37,1.2,50,33600
20240105,12:12:38,1.2,50,33600
20240105,12:12:39,1.2,50,33600
20240105,12:12:40,1.2,50,33600
20240105,12:12:41,1.2,50,33600
20240105,12:12:42,1.2,150,33600
20240105,12:12:43,1.2,150,33600
20240105,12:12:44,1.2,50,33600
20240105,12:12:45,1.2,50,33600
20240105,12:12:46,1.2,50,33600
20240105,12:12:47,1.2,500,33600
20240105,12:12:48,1.25,150,33600
20240105,12:12:49,1.25,50,33600
20240105,12:12:50,1.25,50,33600
20240105,12:12:51,1.25,50,33600
20240105,12:12:52,1.25,50,33600
20240105,12:12:53,1.25,50,33600
20240105,12:12:54,1.25,50,33600
20240105,12:12:55,1.25,50,33600
20240105,12:12:56,1.25,50,33600
20240105,12:12:57,1.25,50,33600
20240105,12:12:58,1.25,50,33600
20240105,12:12:59,1.25,50,33600
20240105,12:13:02,1.25,50,33600
20240105,12:13:03,1.25,50,33600
20240105,12:13:04,1.25,50,33600
20240105,12:13:05,1.3,1900,33600
20240105,12:13:11,1.3,50,33600
20240105,12:13:14,1.3,50,33600
20240105,12:13:16,1.3,50,33600
20240105,12:13:19,1.3,50,33600
20240105,12:13:20,1.3,50,33600
20240105,12:13:28,1.3,50,33600
20240105,12:13:29,1.3,50,33600
20240105,12:13:30,1.3,50,33600
20240105,12:13:31,1.3,50,33600
20240105,12:13:32,1.3,50,33600
20240105,12:13:33,1.3,50,33600
20240105,12:13:34,1.3,50,33600
20240105,12:13:35,1.3,50,33600
20240105,12:13:38,1.3,50,33600
20240105,12:13:39,1.3,50,33600
20240105,12:13:40,1.3,50,33600
20240105,12:13:41,1.3,50,33600
20240105,12:13:42,1.3,50,33600
20240105,12:13:43,1.3,50,33600
20240105,12:13:44,1.3,50,33600
20240105,12:13:45,1.3,50,33600
20240105,12:13:46,1.3,50,33600
20240105,12:13:47,1.3,50,33600
20240105,12:13:48,1.3,50,33600
20240105,12:13:49,1.3,50,33600
20240105,12:13:50,1.3,50,33600
20240105,12:13:51,1.3,50,33600
20240105,12:13:52,1.3,50,33600
20240105,12:13:53,1.3,50,33600
20240105,12:13:54,1.3,50,33600
20240105,12:13:55,1.3,50,33600
20240105,12:13:56,1.3,50,33600
20240105,12:13:57,1.3,50,33600
20240105,12:13:58,1.3,50,33600
20240105,12:13:59,1.3,50,33600
20240105,12:14:00,1.3,50,33600
20240105,12:14:01,1.3,50,33600
20240105,12:14:02,1.3,50,33600
20240105,12:14:03,1.3,50,33600
20240105,12:14:04,1.3,50,33600
20240105,12:14:05,1.3,50,33600
20240105,12:14:06,1.3,50,33600
20240105,12:14:07,1.3,50,33600
20240105,12:14:08,1.3,50,33600
20240105,12:14:09,1.3,150,33600
20240105,12:14:10,1.3,150,33600
20240105,12:14:11,1.3,150,33600
20240105,12:14:15,1.3,50,33600
20240105,12:14:16,1.3,50,33600
20240105,12:14:18,1.3,50,33600
20240105,12:14:19,1.3,50,33600
20240105,12:14:20,1.3,50,33600
20240105,12:14:21,1.3,50,33600
20240105,12:14:22,1.3,50,33600
20240105,12:14:23,1.3,50,33600
20240105,12:14:24,1.3,50,33600
20240105,12:14:25,1.3,50,33600
20240105,12:14:26,1.3,50,33600
20240105,12:14:27,1.3,50,33600
20240105,12:14:28,1.3,50,33600
20240105,12:14:29,1.3,50,33600
20240105,12:14:30,1.3,50,33600
20240105,12:14:31,1.3,50,33600
20240105,12:14:32,1.3,50,33600
20240105,12:14:33,1.3,50,33600
20240105,12:14:34,1.3,50,33600
20240105,12:14:35,1.3,50,33600
20240105,12:14:36,1.3,900,33600
20240105,12:14:38,1.35,100,33600
20240105,12:14:38,1.3,50,33600
20240105,12:14:39,1.35,100,33600
20240105,12:14:40,1.35,50,33600
20240105,12:14:41,1.3,150,39100
20240105,12:14:42,1.35,50,39100
20240105,12:14:43,1.3,100,39100
20240105,12:14:44,1.35,100,39100
20240105,12:14:45,1.35,50,39100
20240105,12:14:46,1.3,100,39100
20240105,12:14:47,1.3,300,39100
20240105,12:14:49,1.35,100,39100
20240105,12:14:50,1.35,50,39100
20240105,12:14:51,1.35,50,39100
20240105,12:14:52,1.35,50,39100
20240105,12:14:54,1.35,100,39100
20240105,12:14:55,1.35,50,39100
20240105,12:14:56,1.35,50,39100
20240105,12:14:57,1.35,50,39100
20240105,12:14:59,1.35,100,39100
20240105,12:15:00,1.35,50,39100
20240105,12:15:01,1.35,50,39100
20240105,12:15:02,1.35,50,39100
20240105,12:15:03,1.35,50,39100
20240105,12:15:04,1.35,50,39100
20240105,12:15:05,1.35,50,39100
20240105,12:15:06,1.35,50,39100
20240105,12:15:07,1.35,50,39100
20240105,12:15:08,1.35,50,39100
20240105,12:15:09,1.35,50,39100
20240105,12:15:10,1.35,50,39100
20240105,12:15:11,1.35,50,39100
20240105,12:15:12,1.35,50,39100
20240105,12:15:13,1.35,50,39100
20240105,12:15:15,1.35,100,39100
20240105,12:15:16,1.35,50,39100
20240105,12:15:17,1.35,7850,39100
20240105,12:15:18,1.35,50,39100
20240105,12:15:19,1.35,50,39100
20240105,12:15:20,1.35,50,39100
20240105,12:15:21,1.35,50,39100
20240105,12:15:23,1.35,100,39100
20240105,12:15:24,1.35,50,39100
20240105,12:15:25,1.35,50,39100
20240105,12:15:26,1.35,50,39100
20240105,12:15:27,1.35,50,39100
20240105,12:15:28,1.35,50,39100
20240105,12:15:29,1.35,50,39100
20240105,12:15:30,1.35,50,39100
20240105,12:15:31,1.35,50,39100
20240105,12:15:36,1.35,100,39100
20240105,12:15:42,1.35,100,39100
20240105,12:15:47,1.35,50,39100
20240105,12:15:50,1.35,50,39100
20240105,12:15:51,1.35,50,39100
20240105,12:15:52,1.35,50,39100
20240105,12:15:57,1.35,50,39100
20240105,12:15:58,1.35,50,39100
20240105,12:16:01,1.35,50,39100
20240105,12:16:02,1.35,50,39100
20240105,12:16:06,1.35,50,39100
20240105,12:16:07,1.35,50,39100
20240105,12:16:09,1.35,50,39100
20240105,12:16:11,1.35,50,39100
20240105,12:16:12,1.35,50,39100
20240105,12:16:13,1.35,50,39100
20240105,12:16:15,1.35,100,39100
20240105,12:16:16,1.35,50,39100
20240105,12:16:17,1.35,50,39100
20240105,12:16:18,1.35,50,39100
20240105,12:16:20,1.35,50,39100
20240105,12:16:25,1.35,50,39100
20240105,12:16:26,1.35,50,39100
20240105,12:16:27,1.35,50,39100
20240105,12:16:28,1.35,50,39100
20240105,12:16:29,1.35,50,39100
20240105,12:16:31,1.35,50,39100
20240105,12:16:32,1.35,50,39100
20240105,12:16:33,1.35,1800,39100
20240105,12:16:34,1.35,50,39100
20240105,12:16:35,1.35,50,39100
20240105,12:16:38,1.35,50,39100
20240105,12:16:39,1.35,50,39100
20240105,12:16:41,1.3,100,39100
20240105,12:16:42,1.35,50,39100
20240105,12:16:43,1.35,50,39100
20240105,12:16:44,1.35,50,39100
20240105,12:16:45,1.35,50,39100
20240105,12:16:46,1.35,50,39100
20240105,12:16:47,1.35,50,39100
20240105,12:16:48,1.35,50,39100
20240105,12:16:49,1.35,2350,39100
20240105,12:16:50,1.4,300,39100
20240105,12:16:51,1.35,300,39100
20240105,12:16:52,1.35,100,39100
20240105,12:16:53,1.4,50,39100
20240105,12:16:54,1.35,150,39100
20240105,12:16:55,1.4,50,39100
20240105,12:16:59,1.4,50,39100
20240105,12:17:00,1.4,50,39100
20240105,12:17:01,1.4,50,39100
20240105,12:17:03,1.4,50,39100
20240105,12:17:04,1.4,50,39100
20240105,12:17:05,1.35,700,39100
20240105,12:17:06,1.4,50,39100
20240105,12:17:07,1.4,50,39100
20240105,12:17:08,1.4,50,39100
20240105,12:17:09,1.4,50,39100
20240105,12:17:10,1.4,50,39100
20240105,12:17:11,1.4,50,39100
20240105,12:17:12,1.4,50,39100
20240105,12:17:13,1.4,50,39100
20240105,12:17:14,1.4,50,39100
20240105,12:17:15,1.4,50,39100
20240105,12:17:16,1.4,50,39100
20240105,12:17:17,1.4,50,39100
20240105,12:17:18,1.4,50,39100
20240105,12:17:19,1.35,650,39100
20240105,12:17:35,1.4,50,39100
20240105,12:17:41,1.4,50,39100
20240105,12:17:42,1.4,50,47900
20240105,12:17:44,1.4,50,47900
20240105,12:17:47,1.4,50,47900
20240105,12:17:49,1.35,100,47900
20240105,12:18:07,1.4,3600,47900
20240105,12:18:07,1.35,50,47900
20240105,12:19:17,1.35,200,47900
20240105,12:19:17,1.35,100,47900
20240105,12:20:10,1.35,100,47900
20240105,12:20:27,1.4,5650,47900
20240105,12:20:31,1.45,1150,47900
20240105,12:20:55,1.5,1800,47900
20240105,12:22:14,1.5,50,45700
20240105,12:22:18,1.5,1800,45700
20240105,12:22:34,1.45,550,45700
20240105,12:23:16,1.5,200,45700
20240105,12:23:33,1.45,500,45700
20240105,12:23:36,1.45,300,45700
20240105,12:23:39,1.45,650,45700
20240105,12:23:40,1.45,800,45700
20240105,12:24:25,1.45,1800,46000
20240105,12:25:24,1.45,400,46000
20240105,12:25:29,1.45,50,46000
20240105,12:25:30,1.45,50,46000
20240105,12:25:32,1.45,50,46000
20240105,12:25:35,1.45,50,46000
20240105,12:25:36,1.45,800,46000
20240105,12:25:38,1.45,50,46000
20240105,12:25:39,1.45,350,46000
20240105,12:25:41,1.45,50,46000
20240105,12:25:44,1.45,50,46000
20240105,12:25:45,1.45,50,46000
20240105,12:25:46,1.45,50,46000
20240105,12:25:47,1.45,50,46000
20240105,12:25:48,1.45,50,46000
20240105,12:25:50,1.45,100,46000
20240105,12:25:51,1.45,50,46000
20240105,12:25:52,1.45,100,46000
20240105,12:25:53,1.45,50,46000
20240105,12:25:56,1.45,50,46000
20240105,12:25:57,1.45,50,46000
20240105,12:26:10,1.45,400,46000
20240105,12:27:14,1.45,50,44700
20240105,12:27:15,1.45,50,44700
20240105,12:27:16,1.45,50,44700
20240105,12:27:17,1.45,50,44700
20240105,12:27:18,1.45,50,44700
20240105,12:27:19,1.45,50,44700
20240105,12:27:20,1.45,50,44700
20240105,12:27:22,1.45,50,44700
20240105,12:27:26,1.45,50,44700
20240105,12:27:27,1.45,50,44700
20240105,12:27:28,1.45,50,44700
20240105,12:27:29,1.45,50,44700
20240105,12:27:37,1.4,50,44700
20240105,12:27:40,1.45,50,44700
20240105,12:27:41,1.45,50,44700
20240105,12:27:44,1.45,50,44700
20240105,12:27:45,1.45,50,44700
20240105,12:27:46,1.45,50,44700
20240105,12:28:17,1.45,50,44700
20240105,12:28:43,1.45,50,44700
20240105,12:28:48,1.45,50,44700
20240105,12:28:49,1.45,50,44700
20240105,12:29:05,1.4,100,44700
20240105,12:29:20,1.45,50,44700
20240105,12:31:49,1.45,250,44700
20240105,12:33:23,1.45,250,45650
20240105,12:34:05,1.4,350,45650
20240105,12:34:45,1.45,50,45650
20240105,12:40:50,1.4,50,45350
20240105,12:41:42,1.4,50,45350
20240105,12:42:14,1.4,50,45350
20240105,12:43:19,1.45,50,45300
20240105,12:43:59,1.4,700,45300
20240105,12:44:47,1.4,1800,45300
20240105,12:45:04,1.4,50,45300
20240105,12:46:24,1.4,50,45300
20240105,12:49:20,1.45,50,43900
20240105,12:49:59,1.4,50,43900
20240105,12:50:01,1.4,50,43900
20240105,12:50:06,1.4,50,43900
20240105,12:50:12,1.4,50,43900
20240105,12:50:13,1.4,50,43900
20240105,12:50:15,1.4,50,43900
20240105,12:50:17,1.4,50,43900
20240105,12:50:18,1.4,50,43900
20240105,12:50:19,1.4,50,43900
20240105,12:50:20,1.4,50,43900
20240105,12:50:21,1.4,50,43900
20240105,12:50:22,1.4,50,43900
20240105,12:50:23,1.4,50,43900
20240105,12:50:24,1.4,50,43900
20240105,12:50:25,1.4,50,43900
20240105,12:50:26,1.4,50,43900
20240105,12:50:27,1.4,50,43900
20240105,12:50:28,1.4,50,43900
20240105,12:50:29,1.4,50,43900
20240105,12:50:30,1.4,50,43900
20240105,12:50:31,1.4,50,43900
20240105,12:50:33,1.4,50,43900
20240105,12:50:35,1.4,50,43900
20240105,12:50:39,1.4,50,43900
20240105,12:50:40,1.4,50,43900
20240105,12:51:49,1.4,250,43950
20240105,12:52:49,1.45,50,43950
20240105,12:52:56,1.4,250,43950
20240105,12:53:38,1.4,250,43950
20240105,12:53:46,1.4,100,43950
20240105,12:54:52,1.45,50,43950
20240105,12:55:09,1.4,2000,44700
20240105,12:55:39,1.4,500,44700
20240105,12:55:42,1.4,1000,44700
20240105,12:55:47,1.4,250,44700
20240105,12:55:48,1.4,3400,44700
20240105,12:58:19,1.35,50,45450
20240105,12:58:21,1.35,50,45450
20240105,12:58:22,1.35,50,45450
20240105,12:58:23,1.35,50,45450
20240105,12:58:24,1.35,50,45450
20240105,12:58:25,1.35,50,45450
20240105,12:58:26,1.35,50,45450
20240105,12:58:27,1.35,50,45450
20240105,12:58:28,1.35,50,45450
20240105,12:58:29,1.35,50,45450
20240105,12:58:30,1.35,50,45450
20240105,12:58:31,1.35,50,45450
20240105,12:58:32,1.35,50,45450
20240105,12:58:34,1.35,350,45450
20240105,12:58:35,1.35,50,45450
20240105,12:58:36,1.35,50,45450
20240105,12:58:37,1.35,50,45450
20240105,12:58:39,1.35,50,45450
20240105,12:58:41,1.35,50,45450
20240105,12:58:44,1.35,50,45450
20240105,12:59:00,1.35,50,45450
20240105,12:59:05,1.35,50,45450
20240105,12:59:09,1.35,50,45450
20240105,12:59:14,1.35,50,45450
20240105,12:59:15,1.35,50,45450
20240105,12:59:23,1.35,50,45450
20240105,12:59:30,1.35,50,45450
20240105,12:59:31,1.35,50,45450
20240105,12:59:33,1.35,50,45450
20240105,12:59:40,1.35,50,45450
20240105,12:59:42,1.35,50,45450
20240105,12:59:44,1.35,400,45450
20240105,12:59:45,1.35,50,45450
20240105,12:59:46,1.35,50,45450
20240105,12:59:47,1.35,50,45450
20240105,12:59:48,1.35,50,45450
20240105,12:59:49,1.35,50,43100
20240105,12:59:50,1.35,50,43100
20240105,12:59:51,1.35,50,43100
20240105,12:59:52,1.35,50,43100
20240105,12:59:53,1.35,50,43100
20240105,13:00:01,1.4,1400,43100
20240105,13:00:12,1.4,50,43100
20240105,13:00:17,1.4,50,43100
20240105,13:00:19,1.4,50,43100
20240105,13:00:22,1.4,50,43100
20240105,13:00:58,1.4,50,43100
20240105,13:01:03,1.4,50,43100
20240105,13:01:04,1.4,50,43100
20240105,13:01:29,1.4,400,43100
20240105,13:01:30,1.4,2300,43100
20240105,13:01:31,1.4,250,43100
20240105,13:01:32,1.4,4100,43100
20240105,13:01:34,1.4,1450,43100
20240105,13:02:03,1.35,50,43100
20240105,13:02:04,1.35,50,43100
20240105,13:02:05,1.35,50,43100
20240105,13:02:08,1.35,50,43100
20240105,13:02:09,1.35,50,43100
20240105,13:02:10,1.35,50,43100
20240105,13:02:11,1.35,50,43100
20240105,13:02:12,1.35,50,43100
20240105,13:02:13,1.35,50,43100
20240105,13:02:14,1.35,50,43100
20240105,13:02:15,1.35,50,43100
20240105,13:02:16,1.35,50,43100
20240105,13:02:17,1.35,50,43100
20240105,13:02:18,1.35,50,43100
20240105,13:02:19,1.35,50,43100
20240105,13:02:20,1.35,50,43100
20240105,13:02:21,1.35,50,43100
20240105,13:02:22,1.35,50,43100
20240105,13:02:24,1.35,100,43100
20240105,13:02:25,1.35,50,43100
20240105,13:02:26,1.35,50,43100
20240105,13:02:28,1.35,100,43100
20240105,13:02:29,1.35,50,43100
20240105,13:02:30,1.35,50,43100
20240105,13:02:31,1.35,50,43100
20240105,13:02:32,1.35,50,43100
20240105,13:02:33,1.35,50,43100
20240105,13:02:34,1.35,50,43100
20240105,13:02:37,1.35,50,43100
20240105,13:02:39,1.35,50,43100
20240105,13:02:42,1.35,50,43100
20240105,13:02:43,1.35,50,43100
20240105,13:02:44,1.35,50,43100
20240105,13:02:45,1.35,50,43100
20240105,13:03:07,1.35,50,40000
20240105,13:03:08,1.35,50,40000
20240105,13:03:09,1.35,50,40000
20240105,13:03:10,1.35,50,40000
20240105,13:03:11,1.35,50,40000
20240105,13:03:12,1.35,50,40000
20240105,13:03:13,1.35,50,40000
20240105,13:03:14,1.35,50,40000
20240105,13:03:16,1.35,100,40000
20240105,13:03:17,1.35,50,40000
20240105,13:03:18,1.35,50,40000
20240105,13:03:19,1.35,50,40000
20240105,13:03:21,1.35,100,40000
20240105,13:03:22,1.35,50,40000
20240105,13:03:23,1.35,50,40000
20240105,13:03:24,1.35,50,40000
20240105,13:03:25,1.35,50,40000
20240105,13:03:26,1.35,50,40000
20240105,13:03:27,1.35,50,40000
20240105,13:03:28,1.35,50,40000
20240105,13:03:29,1.35,50,40000
20240105,13:03:30,1.35,50,40000
20240105,13:03:31,1.35,50,40000
20240105,13:03:32,1.35,50,40000
20240105,13:03:33,1.35,50,40000
20240105,13:03:34,1.35,50,40000
20240105,13:03:35,1.35,50,40000
20240105,13:03:36,1.35,50,40000
20240105,13:03:37,1.35,50,40000
20240105,13:03:38,1.35,50,40000
20240105,13:03:39,1.35,50,40000
20240105,13:03:40,1.35,50,40000
20240105,13:03:41,1.35,50,40000
20240105,13:03:42,1.35,50,40000
20240105,13:03:43,1.35,50,40000
20240105,13:03:44,1.35,50,40000
20240105,13:03:56,1.35,50,40000
20240105,13:03:57,1.35,50,40000
20240105,13:03:58,1.35,50,40000
20240105,13:04:00,1.35,50,40000
20240105,13:04:01,1.35,50,40000
20240105,13:04:02,1.35,50,40000
20240105,13:04:03,1.35,50,40000
20240105,13:04:04,1.35,50,40000
20240105,13:04:05,1.35,50,40000
20240105,13:04:06,1.35,50,40000
20240105,13:04:07,1.35,50,40000
20240105,13:04:08,1.35,50,40000
20240105,13:04:09,1.35,50,40000
20240105,13:04:10,1.35,50,40000
20240105,13:04:11,1.35,50,40000
20240105,13:04:12,1.35,50,40000
20240105,13:04:13,1.35,50,40000
20240105,13:04:14,1.35,50,40000
20240105,13:04:15,1.35,50,40000
20240105,13:04:16,1.35,200,40000
20240105,13:04:17,1.35,200,40000
20240105,13:04:18,1.35,200,40000
20240105,13:04:21,1.35,50,40000
20240105,13:04:22,1.35,50,40000
20240105,13:04:25,1.35,5050,40000
20240105,13:04:25,1.35,50,40000
20240105,13:04:26,1.35,50,40000
20240105,13:04:27,1.3,50,40000
20240105,13:04:28,1.35,50,40000
20240105,13:04:29,1.35,50,40000
20240105,13:04:31,1.35,50,40000
20240105,13:04:32,1.3,50,40000
20240105,13:04:33,1.3,50,40000
20240105,13:04:35,1.3,50,40000
20240105,13:04:36,1.3,50,40000
20240105,13:04:38,1.3,50,40000
20240105,13:04:39,1.3,50,40000
20240105,13:04:41,1.3,50,40000
20240105,13:04:42,1.3,50,40000
20240105,13:04:44,1.3,50,40000
20240105,13:04:46,1.3,50,40000
20240105,13:04:47,1.3,50,40000
20240105,13:04:48,1.3,50,40000
20240105,13:04:49,1.3,50,40000
20240105,13:04:50,1.3,50,40000
20240105,13:04:50,1.35,50,40000
20240105,13:04:51,1.3,50,40000
20240105,13:05:04,1.3,50,40000
20240105,13:05:05,1.3,50,40000
20240105,13:05:06,1.3,50,40000
20240105,13:05:08,1.3,50,40000
20240105,13:05:13,1.3,50,40000
20240105,13:05:16,1.3,50,40000
20240105,13:05:17,1.3,50,40000
20240105,13:05:18,1.3,50,40000
20240105,13:05:19,1.3,50,40000
20240105,13:05:20,1.3,50,40000
20240105,13:05:21,1.3,50,40000
20240105,13:05:22,1.3,50,40000
20240105,13:05:23,1.3,50,40000
20240105,13:05:24,1.3,50,40000
20240105,13:05:26,1.3,50,40000
20240105,13:05:27,1.3,50,40000
20240105,13:05:31,1.3,50,40000
20240105,13:05:32,1.3,50,40000
20240105,13:05:33,1.3,50,40000
20240105,13:05:34,1.3,50,40000
20240105,13:05:35,1.3,50,40000
20240105,13:05:36,1.3,50,40000
20240105,13:05:38,1.3,50,40000
20240105,13:05:39,1.3,50,40000
20240105,13:05:43,1.3,50,40000
20240105,13:05:45,1.3,50,40000
20240105,13:05:51,1.3,50,37850
20240105,13:05:53,1.3,50,37850
20240105,13:05:54,1.3,50,37850
20240105,13:05:56,1.3,50,37850
20240105,13:05:57,1.3,50,37850
20240105,13:05:58,1.3,50,37850
20240105,13:05:59,1.3,50,37850
20240105,13:06:00,1.3,50,37850
20240105,13:06:01,1.3,50,37850
20240105,13:06:03,1.3,50,37850
20240105,13:06:04,1.3,50,37850
20240105,13:06:05,1.3,50,37850
20240105,13:06:06,1.3,50,37850
20240105,13:06:12,1.3,50,37850
20240105,13:06:18,1.3,50,37850
20240105,13:06:22,1.3,50,37850
20240105,13:06:23,1.3,50,37850
20240105,13:06:24,1.3,50,37850
20240105,13:06:29,1.3,50,37850
20240105,13:06:31,1.3,50,37850
20240105,13:06:34,1.3,50,37850
20240105,13:06:36,1.3,50,37850
20240105,13:06:37,1.3,50,37850
20240105,13:06:38,1.3,50,37850
20240105,13:06:39,1.3,50,37850
20240105,13:06:46,1.3,50,37850
20240105,13:06:47,1.3,50,37850
20240105,13:06:48,1.3,50,37850
20240105,13:06:49,1.3,50,37850
20240105,13:06:50,1.3,50,37850
20240105,13:06:51,1.3,50,37850
20240105,13:06:52,1.3,50,37850
20240105,13:06:53,1.3,6150,37850
20240105,13:06:54,1.3,100,37850
20240105,13:06:55,1.3,50,37850
20240105,13:06:56,1.3,50,37850
20240105,13:06:57,1.3,550,37850
20240105,13:06:58,1.3,50,37850
20240105,13:06:59,1.3,50,37850
20240105,13:07:00,1.3,50,37850
20240105,13:07:01,1.3,50,37850
20240105,13:07:02,1.3,50,37850
20240105,13:07:03,1.3,50,37850
20240105,13:07:04,1.3,50,37850
20240105,13:07:05,1.3,50,37850
20240105,13:07:06,1.3,50,37850
20240105,13:07:07,1.3,50,37850
20240105,13:07:08,1.3,50,37850
20240105,13:07:09,1.3,50,37850
20240105,13:07:12,1.3,50,37850
20240105,13:07:16,1.3,50,37850
20240105,13:07:18,1.3,50,37850
20240105,13:07:19,1.3,50,37850
20240105,13:07:20,1.3,50,37850
20240105,13:07:35,1.3,50,37850
20240105,13:07:40,1.3,50,37850
20240105,13:07:41,1.3,100,37850
20240105,13:07:59,1.3,450,37850
20240105,13:08:04,1.3,50,37850
20240105,13:08:06,1.3,50,37850
20240105,13:08:30,1.3,50,37850
20240105,13:08:33,1.3,50,37850
20240105,13:08:35,1.3,50,37850
20240105,13:08:49,1.3,50,34050
20240105,13:08:50,1.3,50,34050
20240105,13:08:51,1.3,50,34050
20240105,13:08:52,1.3,50,34050
20240105,13:08:53,1.3,50,34050
20240105,13:08:55,1.3,50,34050
20240105,13:08:58,1.3,50,34050
20240105,13:09:03,1.3,50,34050
20240105,13:09:09,1.3,50,34050
20240105,13:09:10,1.3,50,34050
20240105,13:09:11,1.3,50,34050
20240105,13:09:12,1.3,50,34050
20240105,13:09:13,1.3,50,34050
20240105,13:09:14,1.3,50,34050
20240105,13:09:15,1.3,50,34050
20240105,13:09:16,1.3,50,34050
20240105,13:09:17,1.3,50,34050
20240105,13:09:18,1.3,50,34050
20240105,13:09:19,1.3,50,34050
20240105,13:09:20,1.3,50,34050
20240105,13:09:25,1.3,50,34050
20240105,13:09:27,1.3,50,34050
20240105,13:09:41,1.3,50,34050
20240105,13:09:43,1.3,50,34050
20240105,13:09:44,1.3,50,34050
20240105,13:09:45,1.3,50,34050
20240105,13:09:49,1.3,50,34050
20240105,13:09:54,1.3,50,34050
20240105,13:09:57,1.3,50,34050
20240105,13:09:59,1.3,50,34050
20240105,13:10:00,1.3,50,34050
20240105,13:10:01,1.3,50,34050
20240105,13:10:02,1.3,50,34050
20240105,13:10:11,1.3,50,34050
20240105,13:10:13,1.3,50,34050
20240105,13:10:14,1.3,50,34050
20240105,13:10:16,1.3,50,34050
20240105,13:10:25,1.3,50,34050
20240105,13:10:30,1.3,50,34050
20240105,13:10:32,1.3,50,34050
20240105,13:10:37,1.3,50,34050
20240105,13:10:47,1.3,50,34050
20240105,13:10:48,1.3,50,34050
20240105,13:10:57,1.3,50,34050
20240105,13:10:58,1.3,50,34050
20240105,13:11:00,1.3,50,34050
20240105,13:11:02,1.3,50,34050
20240105,13:11:05,1.3,50,34050
20240105,13:11:06,1.3,50,34050
20240105,13:11:07,1.3,50,34050
20240105,13:11:08,1.3,50,34050
20240105,13:11:09,1.3,50,34050
20240105,13:11:10,1.3,50,34050
20240105,13:11:19,1.3,50,34050
20240105,13:12:51,1.3,50,34050
20240105,13:12:55,1.3,50,32850
20240105,13:12:56,1.3,50,32850
20240105,13:12:57,1.3,50,32850
20240105,13:12:58,1.3,50,32850
20240105,13:12:59,1.3,50,32850
20240105,13:13:00,1.3,50,32850
20240105,13:13:01,1.3,50,32850
20240105,13:13:02,1.3,50,32850
20240105,13:13:03,1.3,50,32850
20240105,13:13:04,1.3,50,32850
20240105,13:13:05,1.3,50,32850
20240105,13:13:06,1.3,50,32850
20240105,13:13:07,1.3,50,32850
20240105,13:13:08,1.3,50,32850
20240105,13:13:09,1.3,50,32850
20240105,13:13:10,1.3,50,32850
20240105,13:13:11,1.3,50,32850
20240105,13:13:12,1.3,50,32850
20240105,13:13:13,1.3,50,32850
20240105,13:13:14,1.3,50,32850
20240105,13:13:15,1.3,50,32850
20240105,13:13:16,1.3,50,32850
20240105,13:13:17,1.3,50,32850
20240105,13:13:18,1.3,2650,32850
20240105,13:13:19,1.3,150,32850
20240105,13:13:20,1.25,50,32850
20240105,13:13:21,1.25,50,32850
20240105,13:13:22,1.25,400,32850
20240105,13:13:23,1.25,50,32850
20240105,13:13:24,1.25,50,32850
20240105,13:13:28,1.25,200,32850
20240105,13:13:30,1.25,50,32850
20240105,13:13:31,1.25,50,32850
20240105,13:13:34,1.25,50,32850
20240105,13:13:35,1.25,50,32850
20240105,13:13:37,1.25,50,32850
20240105,13:13:38,1.25,50,32850
20240105,13:13:39,1.25,50,32850
20240105,13:13:40,1.25,50,32850
20240105,13:13:41,1.25,50,32850
20240105,13:13:42,1.25,50,32850
20240105,13:13:43,1.25,50,32850
20240105,13:13:44,1.25,50,32850
20240105,13:13:44,1.3,100,32850
20240105,13:13:45,1.25,50,32850
20240105,13:13:46,1.25,50,32850
20240105,13:13:47,1.25,50,32850
20240105,13:13:48,1.25,50,32850
20240105,13:13:49,1.25,50,32850
20240105,13:13:50,1.25,50,32850
20240105,13:13:52,1.25,100,32850
20240105,13:13:53,1.25,50,32850
20240105,13:13:54,1.25,50,32850
20240105,13:13:55,1.25,50,32850
20240105,13:13:56,1.25,50,32850
20240105,13:13:57,1.25,50,32850
20240105,13:13:58,1.25,50,32850
20240105,13:13:59,1.25,50,32850
20240105,13:14:00,1.25,50,32850
20240105,13:14:01,1.25,50,32850
20240105,13:14:03,1.25,100,32850
20240105,13:14:04,1.25,50,32850
20240105,13:14:05,1.25,50,32850
20240105,13:14:06,1.25,50,32850
20240105,13:14:07,1.25,50,32850
20240105,13:14:08,1.25,50,32850
20240105,13:14:09,1.25,50,32850
20240105,13:14:11,1.25,100,32850
20240105,13:14:12,1.25,50,32850
20240105,13:14:13,1.25,50,32850
20240105,13:14:14,1.25,50,32850
20240105,13:14:15,1.25,50,32850
20240105,13:14:16,1.25,50,32850
20240105,13:14:17,1.25,50,32850
20240105,13:14:18,1.25,50,32850
20240105,13:14:20,1.25,100,32850
20240105,13:14:21,1.25,50,32850
20240105,13:14:22,1.25,50,32850
20240105,13:14:23,1.25,50,32850
20240105,13:14:24,1.25,50,32850
20240105,13:14:25,1.25,50,32850
20240105,13:14:27,1.25,100,32850
20240105,13:14:28,1.25,50,32850
20240105,13:14:29,1.25,50,32850
20240105,13:14:30,1.25,50,32850
20240105,13:14:32,1.25,50,32850
20240105,13:14:33,1.25,50,32850
20240105,13:14:34,1.25,50,32850
20240105,13:14:35,1.25,50,32850
20240105,13:14:36,1.25,50,32850
20240105,13:14:37,1.25,50,32850
20240105,13:14:38,1.25,50,32850
20240105,13:14:44,1.25,50,32850
20240105,13:14:45,1.25,50,32850
20240105,13:14:46,1.25,50,32850
20240105,13:14:47,1.25,50,32850
20240105,13:14:48,1.25,50,32850
20240105,13:14:52,1.25,50,31650
20240105,13:15:00,1.25,50,31650
20240105,13:15:01,1.25,50,31650
20240105,13:15:03,1.25,50,31650
20240105,13:15:05,1.25,50,31650
20240105,13:15:13,1.25,50,31650
20240105,13:15:34,1.3,100,31650
20240105,13:16:24,1.25,50,31650
20240105,13:16:25,1.25,50,31650
20240105,13:16:26,1.25,50,31650
20240105,13:16:27,1.25,50,31650
20240105,13:16:28,1.25,50,31650
20240105,13:16:29,1.25,50,31650
20240105,13:16:30,1.25,50,31650
20240105,13:16:31,1.25,50,31650
20240105,13:16:32,1.25,50,31650
20240105,13:16:33,1.25,50,31650
20240105,13:16:34,1.25,50,31650
20240105,13:16:35,1.25,50,31650
20240105,13:16:36,1.25,50,31650
20240105,13:16:37,1.25,50,31650
20240105,13:16:38,1.25,50,31650
20240105,13:16:39,1.25,50,31650
20240105,13:16:40,1.25,50,31650
20240105,13:16:41,1.25,50,31650
20240105,13:16:46,1.25,50,31650
20240105,13:16:47,1.25,50,31650
20240105,13:16:54,1.25,50,31650
20240105,13:17:13,1.25,50,31650
20240105,13:17:14,1.25,50,31650
20240105,13:17:15,1.25,50,31650
20240105,13:17:18,1.25,50,31650
20240105,13:17:19,1.25,50,31650
20240105,13:17:23,1.25,50,31650
20240105,13:17:24,1.25,50,31650
20240105,13:17:25,1.25,50,31650
20240105,13:17:26,1.25,50,31650
20240105,13:17:27,1.25,50,31650
20240105,13:20:13,1.25,50,31650
20240105,13:20:16,1.25,50,31650
20240105,13:20:17,1.25,50,31650
20240105,13:20:18,1.25,50,31650
20240105,13:20:19,1.25,50,31650
20240105,13:20:20,1.25,50,31650
20240105,13:20:23,1.25,50,31650
20240105,13:20:24,1.25,50,31650
20240105,13:20:25,1.25,50,31650
20240105,13:20:26,1.25,50,31650
20240105,13:20:30,1.25,50,31650
20240105,13:20:32,1.25,50,31650
20240105,13:20:33,1.25,50,31650
20240105,13:20:36,1.25,50,31650
20240105,13:20:37,1.25,50,31650
20240105,13:20:38,1.25,50,31650
20240105,13:20:39,1.25,50,31650
20240105,13:20:41,1.25,50,31650
20240105,13:20:45,1.25,50,31650
20240105,13:20:46,1.25,50,31650
20240105,13:20:50,1.25,50,31650
20240105,13:20:51,1.25,50,31650
20240105,13:20:52,1.25,50,31650
20240105,13:20:53,1.25,50,31650
20240105,13:20:56,1.25,100,31650
20240105,13:20:57,1.25,50,31650
20240105,13:20:58,1.25,50,31650
20240105,13:20:59,1.25,50,31650
20240105,13:21:18,1.25,50,31650
20240105,13:21:18,1.3,500,31650
20240105,13:21:19,1.25,50,31650
20240105,13:21:21,1.25,50,31650
20240105,13:23:53,1.3,250,31650
20240105,13:28:00,1.25,50,31650
20240105,13:28:01,1.25,50,31400
20240105,13:28:02,1.25,50,31400
20240105,13:28:03,1.25,50,31400
20240105,13:28:04,1.25,50,31400
20240105,13:28:06,1.25,50,31400
20240105,13:28:07,1.25,50,31400
20240105,13:28:08,1.25,50,31400
20240105,13:28:10,1.25,50,31400
20240105,13:28:11,1.25,50,31400
20240105,13:28:15,1.25,6850,31400
20240105,13:28:17,1.25,50,31400
20240105,13:28:24,1.25,50,31400
20240105,13:28:27,1.25,50,31400
20240105,13:28:30,1.25,50,31400
20240105,13:28:31,1.25,150,31400
20240105,13:28:32,1.25,50,31400
20240105,13:28:33,1.25,50,31400
20240105,13:28:35,1.25,50,31400
20240105,13:28:49,1.25,50,31400
20240105,13:28:51,1.25,50,31400
20240105,13:28:53,1.25,50,31400
20240105,13:28:57,1.25,50,31400
20240105,13:29:02,1.25,50,31400
20240105,13:29:03,1.25,50,31400
20240105,13:29:06,1.25,50,31400
20240105,13:29:25,1.25,50,31400
20240105,13:29:27,1.25,50,31400
20240105,13:29:29,1.25,50,31400
20240105,13:29:30,1.25,50,31400
20240105,13:29:32,1.25,50,31400
20240105,13:29:33,1.25,50,31400
20240105,13:29:34,1.25,3100,31400
20240105,13:29:37,1.25,50,31400
20240105,13:29:38,1.25,50,31400
20240105,13:29:40,1.25,50,31400
20240105,13:29:42,1.25,50,31400
20240105,13:29:43,1.25,50,31400
20240105,13:29:44,1.25,50,31400
20240105,13:29:46,1.25,50,31400
20240105,13:29:49,1.25,50,31400
20240105,13:29:51,1.3,1600,31400
20240105,13:29:51,1.3,400,31400
20240105,13:29:53,1.25,50,32850
20240105,13:29:54,1.25,50,32850
20240105,13:29:56,1.25,50,32850
20240105,13:29:59,1.25,50,32850
20240105,13:30:00,1.25,50,32850
20240105,13:30:04,1.25,50,32850
20240105,13:30:05,1.25,50,32850
20240105,13:30:06,1.25,50,32850
20240105,13:30:07,1.25,50,32850
20240105,13:30:09,1.25,50,32850
20240105,13:30:10,1.25,50,32850
20240105,13:30:11,1.25,50,32850
