date,time,tick_price,volume,open_interest
20240102,10:18:27,1143.5,50,50
20240118,13:45:23,748.0,1,50
20240118,13:45:23,748.0,50,50
20240118,13:54:20,800.15,100,50
20240120,10:29:28,960.0,1,150
20240120,10:29:28,960.0,100,150
20240120,12:06:00,948.3,50,250
20240120,12:11:08,948.3,50,300
20240123,09:30:31,999.45,50,350
20240123,09:58:48,999.0,50,400
20240123,10:14:34,979.55,50,400
20240123,10:34:21,900.0,50,400
20240123,10:34:41,903.0,50,400
20240123,10:35:07,906.0,50,400
20240123,10:41:41,843.3,50,550
20240123,10:44:05,840.5,50,550
20240123,10:46:03,834.1,100,600
20240123,10:49:09,825.0,200,700
20240123,11:06:29,856.6,50,850
20240123,11:39:42,802.85,100,900
20240123,11:45:49,767.7,50,900
20240123,11:46:04,760.25,350,900
20240123,11:50:36,783.55,100,1300
20240123,11:53:28,762.95,100,1300
20240123,11:53:32,760.25,50,1300
20240123,11:55:28,749.35,50,1400
20240123,11:57:55,748.6,50,1450
20240123,12:05:29,711.75,50,1500
20240123,12:08:37,693.2,100,1550
20240123,12:08:53,704.95,100,1550
20240123,12:09:30,695.25,100,1650
20240123,12:10:13,698.45,100,1650
20240123,12:11:15,696.55,400,1650
20240123,12:11:40,697.2,50,1650
20240123,12:11:43,698.8,150,1650
20240123,12:13:02,701.4,100,2400
20240123,12:13:13,702.85,50,2400
20240123,12:13:53,702.05,250,2400
20240123,12:15:15,696.9,50,2800
20240123,12:17:39,729.15,100,2800
20240123,12:18:19,714.35,50,2900
20240123,12:19:59,699.55,100,2900
20240123,12:20:29,700.65,100,2900
20240123,12:33:35,715.0,100,2950
20240123,12:34:20,725.4,200,2950
20240123,12:41:35,711.8,50,3250
20240123,12:44:34,714.6,100,3250
20240123,12:45:54,700.85,50,3350
20240123,12:46:26,692.55,200,3350
20240123,12:49:37,713.6,50,3400
20240123,12:50:40,712.0,50,3400
20240123,12:55:04,706.95,100,3400
20240123,12:56:00,695.0,50,3400
20240123,12:59:08,677.4,100,3450
20240123,12:59:15,685.25,50,3450
20240123,13:00:12,677.05,50,3450
20240123,13:01:10,681.3,200,3450
20240123,13:02:01,687.75,100,3450
20240123,13:04:15,685.0,100,3800
20240123,13:07:34,683.0,100,3900
20240123,13:10:41,655.2,50,4000
20240123,13:11:13,653.65,250,4000
20240123,13:15:46,667.0,250,4300
20240123,13:16:18,671.6,50,4300
20240123,13:27:01,651.95,50,4600
20240123,13:48:30,668.4,250,4650
20240123,13:48:55,667.0,300,4650
20240123,13:49:05,671.5,50,4650
20240123,13:49:43,674.7,450,4650
20240123,13:50:47,659.05,500,4650
20240123,13:51:15,640.1,50,5000
20240123,13:51:53,636.25,250,5000
20240123,13:51:56,638.2,50,5000
20240123,13:53:21,642.6,450,5000
20240123,13:53:45,645.7,50,5000
20240123,13:53:58,645.0,50,5000
20240123,13:54:29,638.0,400,5300
20240123,13:55:01,642.15,50,5300
20240123,13:55:56,638.05,50,5300
20240123,13:57:53,632.25,350,5750
20240123,13:57:53,629.65,50,5750
20240123,13:58:52,625.7,200,5750
20240123,13:59:33,629.7,300,5750
20240123,14:00:18,624.9,400,6450
20240123,14:01:55,624.1,300,6450
20240123,14:02:30,629.55,50,6450
20240123,14:03:01,634.0,200,6450
20240123,14:03:56,630.0,50,6950
20240123,14:04:16,633.15,100,6950
20240123,14:04:58,640.65,50,6950
20240123,14:05:33,640.65,50,6950
20240123,14:06:37,643.65,50,7000
20240123,14:08:29,627.7,250,7000
20240123,14:11:00,627.6,200,7050
20240123,14:11:39,640.0,100,7050
20240123,14:13:03,628.9,200,7350
20240123,14:18:53,623.05,250,7550
20240123,14:19:35,622.0,50,7550
20240123,14:20:58,612.65,200,7550
20240123,14:22:27,600.55,100,7600
20240123,14:23:10,596.05,50,7600
20240123,14:23:59,600.0,300,7600
20240123,14:24:18,590.0,50,7950
20240123,14:24:39,588.6,50,7950
20240123,14:24:58,586.8,50,7950
20240123,14:26:06,578.15,100,7950
20240123,14:27:24,558.0,100,8150
20240123,14:27:39,562.15,50,8150
20240123,14:28:30,563.1,50,8150
20240123,14:29:19,558.65,50,8150
20240123,14:30:12,557.05,50,8150
20240123,14:30:30,560.8,50,8300
20240123,14:31:36,580.35,50,8300
20240123,14:31:48,582.05,50,8300
20240123,14:32:00,584.1,50,8300
20240123,14:32:08,580.4,50,8300
20240123,14:33:03,580.6,50,8300
20240123,14:33:11,577.45,50,8300
20240123,14:34:52,575.0,150,8500
20240123,14:35:23,566.95,50,8500
20240123,14:36:19,565.0,200,8700
20240123,14:36:50,567.15,50,8700
20240123,14:37:05,567.15,200,8700
20240123,14:39:48,555.7,100,8900
20240123,14:39:52,552.3,100,8900
20240123,14:41:17,563.0,50,8900
20240123,14:42:02,564.05,50,8900
20240123,14:43:42,550.0,50,9200
20240123,14:45:20,550.0,50,9250
20240123,14:45:55,553.35,50,9250
20240123,14:46:54,554.05,50,9250
20240123,14:48:54,567.4,150,9400
20240123,14:48:59,567.9,50,9400
20240123,14:50:57,579.9,150,9400
20240123,14:51:05,582.3,50,9400
20240123,14:51:36,575.0,100,9650
20240123,14:52:46,573.85,50,9650
20240123,14:54:30,557.2,50,9800
20240123,14:56:18,550.4,50,9800
20240123,14:57:45,541.25,100,9850
20240123,14:59:11,532.45,100,9850
20240123,15:00:48,534.5,1100,9900
20240123,15:01:16,542.25,50,9900
20240123,15:02:05,520.0,150,9900
20240123,15:02:51,518.0,50,9900
20240123,15:03:06,513.0,100,9900
20240123,15:03:16,513.0,300,9900
20240123,15:04:05,504.75,50,10450
20240123,15:04:22,507.9,50,10450
20240123,15:05:14,503.0,250,10450
20240123,15:05:25,508.65,50,10450
20240123,15:06:50,512.85,50,10750
20240123,15:08:08,532.45,100,10750
20240123,15:09:43,536.0,500,10800
20240123,15:10:44,540.65,100,10800
20240123,15:11:17,542.1,100,10800
20240123,15:11:41,543.0,50,10800
20240123,15:12:08,540.0,500,10800
20240123,15:12:46,539.5,50,11200
20240123,15:13:02,542.05,50,11200
20240123,15:14:11,538.65,100,11200
20240123,15:16:37,551.2,50,11300
20240123,15:16:52,549.5,50,11300
20240123,15:17:55,548.1,150,11300
20240123,15:19:05,548.15,250,11350
20240123,15:19:57,542.0,500,11350
20240123,15:20:04,545.75,500,11350
20240123,15:20:11,550.6,100,11350
20240123,15:20:18,553.25,200,11350
20240123,15:20:24,560.1,50,11350
20240123,15:21:06,553.75,300,11350
20240123,15:21:08,552.6,50,11350
20240123,15:24:34,551.45,50,12700
20240123,15:25:06,550.0,50,12700
20240123,15:25:12,550.35,50,12700
20240123,15:25:14,550.35,50,12700
20240123,15:26:12,550.0,150,12700
20240123,15:26:21,549.95,500,12700
20240123,15:26:56,550.0,300,12700
20240123,15:28:19,552.7,250,13300
20240123,15:28:56,550.7,100,13300
20240123,15:29:20,545.0,50,13300
20240123,15:29:39,545.05,50,13300
20240123,15:29:59,539.6,1,13300
20240124,09:15:10,540.0,1,13300
20240124,09:15:10,550.0,1,13300
20240124,09:15:10,547.15,400,13300
20240124,09:15:22,558.05,1900,13300
20240124,09:16:27,541.2,300,13300
20240124,09:16:37,545.7,500,13300
20240124,09:16:46,540.0,50,13300
20240124,09:18:20,520.0,1800,14900
20240124,09:18:25,520.0,200,14900
20240124,09:18:28,515.7,200,14900
20240124,09:18:31,512.85,200,14900
20240124,09:18:33,512.0,100,14900
20240124,09:18:36,512.0,100,14900
20240124,09:18:38,513.0,100,14900
20240124,09:18:53,510.7,200,14900
20240124,09:18:58,510.7,100,14900
20240124,09:19:01,512.6,50,14900
20240124,09:19:46,508.35,2000,14900
20240124,09:20:11,510.0,50,14900
20240124,09:20:26,520.95,50,14900
20240124,09:20:36,526.65,50,14900
20240124,09:20:38,524.25,50,14900
20240124,09:20:48,537.3,750,16750
20240124,09:20:49,540.0,750,16750
20240124,09:20:51,545.0,50,16750
20240124,09:20:53,547.15,200,16750
20240124,09:21:04,540.9,50,16750
20240124,09:21:16,555.0,50,16750
20240124,09:21:27,555.0,250,16750
20240124,09:21:32,551.5,1200,16750
20240124,09:21:42,560.0,100,16750
20240124,09:21:52,569.5,100,16750
20240124,09:21:54,575.0,350,16750
20240124,09:21:58,572.5,50,16750
20240124,09:22:00,580.0,350,16750
20240124,09:22:02,580.0,50,16750
20240124,09:22:04,585.0,100,16750
20240124,09:22:05,583.65,250,16750
20240124,09:22:12,574.7,50,16750
20240124,09:22:14,575.95,100,16750
20240124,09:22:32,590.0,300,16750
20240124,09:22:35,582.0,200,16750
20240124,09:22:40,582.05,250,16750
20240124,09:22:42,582.9,50,16750
20240124,09:22:44,587.5,100,16750
20240124,09:22:45,590.6,250,16750
20240124,09:22:50,590.6,100,16750
20240124,09:22:55,589.0,50,16750
20240124,09:22:57,592.25,100,16750
20240124,09:23:06,592.25,350,16750
20240124,09:23:11,586.75,50,16750
20240124,09:23:17,587.65,50,16750
20240124,09:23:26,588.05,100,16750
20240124,09:23:31,587.95,50,16750
20240124,09:23:39,587.95,50,16750
20240124,09:23:54,595.0,50,17850
20240124,09:23:56,595.0,100,17850
20240124,09:24:19,584.8,150,17850
20240124,09:24:47,586.45,50,17850
20240124,09:25:06,578.35,50,17850
20240124,09:25:11,577.65,50,17850
20240124,09:25:31,564.85,50,17850
20240124,09:25:38,563.9,250,17850
20240124,09:25:41,562.0,200,17850
20240124,09:25:45,558.05,50,17850
20240124,09:25:50,561.6,50,17850
20240124,09:25:58,568.3,250,17850
20240124,09:26:08,555.0,200,17850
20240124,09:26:12,558.15,50,17850
20240124,09:26:22,546.3,200,17850
20240124,09:26:23,543.25,50,17850
20240124,09:26:27,547.5,150,17850
20240124,09:26:37,554.1,550,17850
20240124,09:26:52,554.8,100,18350
20240124,09:26:53,554.1,100,18350
20240124,09:27:00,560.0,500,18350
20240124,09:27:03,561.85,100,18350
20240124,09:27:05,561.05,50,18350
20240124,09:27:13,560.0,500,18350
20240124,09:27:23,563.0,250,18350
20240124,09:27:25,566.1,50,18350
20240124,09:27:33,557.95,500,18350
20240124,09:27:35,559.6,150,18350
20240124,09:27:45,565.85,100,18350
20240124,09:27:47,560.05,50,18350
20240124,09:27:58,564.8,500,18350
20240124,09:28:00,564.85,50,18350
20240124,09:28:14,563.45,50,18350
20240124,09:28:29,561.45,50,18350
20240124,09:28:37,563.6,250,18350
20240124,09:29:12,570.0,500,18350
20240124,09:29:32,575.0,100,18350
20240124,09:30:12,583.1,100,20850
20240124,09:30:26,587.85,50,20850
20240124,09:31:00,588.85,50,20850
20240124,09:31:44,599.55,150,20850
20240124,09:31:45,600.0,100,20850
20240124,09:31:47,602.05,100,20850
20240124,09:33:24,610.0,50,21050
20240124,09:33:33,610.0,100,21050
20240124,09:34:48,596.45,50,21050
20240124,09:35:37,596.75,50,21050
20240124,09:35:53,594.3,50,21050
20240124,09:36:14,600.0,100,21050
20240124,09:36:16,601.0,50,21050
20240124,09:38:12,606.9,50,21050
20240124,09:39:40,618.6,50,21150
20240124,09:40:27,626.8,150,21150
20240124,09:41:07,626.8,50,21150
20240124,09:41:29,615.0,500,21150
20240124,09:42:58,615.0,50,21100
20240124,09:43:35,611.8,50,21100
20240124,09:44:02,612.7,100,21100
20240124,09:45:10,617.3,100,21100
20240124,09:45:36,627.7,50,21100
20240124,09:45:41,628.5,150,21100
20240124,09:46:03,630.75,150,21100
20240124,09:46:07,632.25,150,21100
20240124,09:46:33,639.75,100,21100
20240124,09:46:42,639.75,100,21100
20240124,09:46:58,643.2,150,21100
20240124,09:47:01,644.15,500,21100
20240124,09:47:05,644.15,50,21100
20240124,09:47:06,637.8,100,21100
20240124,09:47:11,639.2,50,21100
20240124,09:47:38,646.25,200,21100
20240124,09:47:43,647.2,150,21100
20240124,09:49:54,647.2,100,22000
20240124,09:50:01,639.5,100,22000
20240124,09:51:30,639.15,50,21850
20240124,09:51:40,638.25,100,21850
20240124,09:52:10,635.0,50,21850
20240124,09:52:35,631.45,50,21850
20240124,09:52:46,636.25,50,21850
20240124,09:54:42,645.0,50,21850
20240124,09:55:29,664.75,450,21850
20240124,09:55:34,664.75,200,21850
20240124,09:55:46,664.8,100,21850
20240124,09:56:29,677.25,50,21850
20240124,09:56:39,677.25,100,21850
20240124,09:56:47,680.0,150,21850
20240124,09:57:01,683.75,50,22650
20240124,09:57:04,685.35,50,22650
20240124,09:57:33,694.2,950,22650
20240124,09:57:39,694.2,50,22650
20240124,09:57:54,691.25,50,22650
20240124,09:58:38,700.0,50,22650
20240124,09:58:48,709.6,50,22650
20240124,09:58:51,709.6,150,22650
20240124,09:58:54,711.2,250,22650
20240124,09:59:04,711.2,500,22650
20240124,10:00:11,722.35,100,22100
20240124,10:00:14,728.05,250,22100
20240124,10:00:23,729.35,50,22100
20240124,10:00:36,729.35,50,22100
20240124,10:01:15,725.0,250,22100
20240124,10:01:24,711.95,450,22100
20240124,10:01:33,714.85,150,22100
20240124,10:01:42,716.0,50,22100
20240124,10:01:50,720.0,150,22100
20240124,10:02:41,702.4,50,22100
20240124,10:02:43,696.0,50,22100
20240124,10:02:45,692.1,200,22100
20240124,10:02:53,697.5,150,21750
20240124,10:03:24,693.55,50,21750
20240124,10:03:27,695.4,50,21750
20240124,10:03:46,672.35,50,21750
20240124,10:04:04,666.35,250,21750
20240124,10:04:13,678.5,450,21750
20240124,10:04:22,683.0,500,21750
20240124,10:04:40,671.2,150,21750
20240124,10:04:49,665.0,50,21750
20240124,10:04:59,662.4,100,21750
20240124,10:05:35,679.15,50,21750
20240124,10:06:01,694.4,100,21650
20240124,10:06:11,696.0,50,21650
20240124,10:06:14,695.25,50,21650
20240124,10:06:26,696.85,50,21650
20240124,10:06:51,710.0,50,21650
20240124,10:07:13,696.0,50,21650
20240124,10:07:25,695.8,50,21650
20240124,10:07:30,700.9,150,21650
20240124,10:07:35,702.4,50,21650
20240124,10:07:53,694.6,500,21650
20240124,10:08:07,695.2,50,21650
20240124,10:08:33,687.2,50,21650
20240124,10:09:13,675.2,50,22300
20240124,10:09:47,676.0,50,22300
20240124,10:10:19,662.7,50,22300
20240124,10:11:04,660.1,50,22300
20240124,10:11:09,659.95,50,22300
20240124,10:11:15,660.75,50,22300
20240124,10:11:34,657.4,100,22300
20240124,10:11:37,651.8,100,22300
20240124,10:11:49,654.35,50,22250
20240124,10:11:52,650.0,50,22250
20240124,10:11:54,649.45,50,22250
20240124,10:12:03,656.0,50,22250
20240124,10:12:05,655.0,100,22250
20240124,10:12:33,649.9,50,22250
20240124,10:12:48,654.55,500,22250
20240124,10:13:38,641.55,150,22250
20240124,10:13:40,645.65,100,22250
20240124,10:14:03,648.55,50,22250
20240124,10:14:07,651.9,50,22250
20240124,10:14:35,660.0,50,22250
20240124,10:15:37,680.0,100,22250
20240124,10:15:45,685.6,100,22250
20240124,10:16:04,684.8,50,22250
20240124,10:16:24,680.0,100,22250
20240124,10:17:34,696.4,500,22250
20240124,10:18:00,699.15,50,22300
20240124,10:19:15,688.0,50,22300
20240124,10:20:48,701.55,50,22300
20240124,10:22:24,710.0,50,22300
20240124,10:26:37,700.0,50,22300
20240124,10:27:11,705.9,100,22250
20240124,10:27:37,717.55,50,22250
20240124,10:28:04,720.0,100,22250
20240124,10:28:12,718.75,100,22250
20240124,10:28:29,713.7,50,22250
20240124,10:29:34,710.45,50,22250
20240124,10:30:00,706.0,50,22300
20240124,10:32:39,720.0,100,22300
20240124,10:34:16,729.85,100,22350
20240124,10:35:01,729.85,100,22350
20240124,10:35:22,724.3,100,22350
20240124,10:36:37,726.05,250,22550
20240124,10:37:08,727.3,50,22550
20240124,10:37:31,725.0,50,22550
20240124,10:38:37,708.5,50,22550
20240124,10:47:14,670.0,150,22850
20240124,10:48:03,666.35,50,22950
20240124,10:50:06,672.8,300,22950
20240124,10:50:14,680.0,250,22950
20240124,10:54:10,689.8,50,23350
20240124,10:54:45,700.0,300,23350
20240124,10:59:01,686.45,50,23650
20240124,10:59:17,690.0,100,23650
20240124,11:00:14,690.0,100,23700
20240124,11:03:11,694.0,50,23700
20240124,11:03:19,694.0,50,23800
20240124,11:03:27,692.0,50,23800
20240124,11:03:59,695.0,900,23800
20240124,11:08:43,687.1,50,23050
20240124,11:10:00,681.1,50,23100
20240124,11:10:41,690.0,50,23100
20240124,11:18:10,697.25,50,23150
20240124,11:18:52,700.0,50,23150
20240124,11:25:54,666.45,50,23150
20240124,11:26:01,657.55,50,23150
20240124,11:26:03,660.55,50,23150
20240124,11:26:36,642.45,50,23150
20240124,11:26:40,640.0,50,23150
20240124,11:26:43,635.95,50,23150
20240124,11:26:50,650.1,100,23150
20240124,11:27:27,640.1,50,23150
20240124,11:27:29,638.5,50,23150
20240124,11:29:05,626.2,50,23150
20240124,11:29:26,619.6,50,23150
20240124,11:30:49,596.75,50,23200
20240124,11:31:04,597.35,650,23200
20240124,11:31:11,590.0,50,23200
20240124,11:31:24,590.9,150,23200
20240124,11:31:36,587.0,50,23200
20240124,11:31:41,591.35,50,23200
20240124,11:31:46,588.05,50,23200
20240124,11:31:51,586.5,50,23200
20240124,11:31:59,584.8,50,23200
20240124,11:32:04,582.75,50,23200
20240124,11:32:06,582.75,100,23200
20240124,11:32:14,577.5,150,23200
20240124,11:32:23,568.65,50,23200
20240124,11:32:33,567.5,50,23200
20240124,11:32:36,570.45,50,23200
20240124,11:32:39,567.95,500,23200
20240124,11:33:01,563.1,50,24250
20240124,11:33:03,564.1,50,24250
20240124,11:33:08,568.45,100,24250
20240124,11:33:16,585.95,50,24250
20240124,11:34:28,593.1,50,24250
20240124,11:35:03,590.6,50,24250
20240124,11:36:04,620.0,50,24200
20240124,11:36:11,620.75,50,24200
20240124,11:36:34,631.85,50,24200
20240124,11:36:36,635.45,250,24200
20240124,11:36:39,631.35,50,24200
20240124,11:36:49,650.0,50,24200
20240124,11:36:52,660.0,50,24200
20240124,11:38:58,615.3,250,24200
20240124,11:39:31,630.2,50,24350
20240124,11:39:38,624.7,100,24350
20240124,11:39:45,626.2,50,24350
20240124,11:40:53,608.0,50,24350
20240124,11:40:59,610.15,100,24350
20240124,11:41:24,614.35,50,24350
20240124,11:42:16,626.5,50,24350
20240124,11:42:26,632.95,50,24350
20240124,11:45:39,634.45,50,24350
20240124,11:46:05,621.4,150,24350
20240124,11:46:22,627.8,50,24350
20240124,11:47:53,625.0,200,24350
20240124,11:48:52,615.75,500,24350
20240124,11:52:04,623.7,100,24850
20240124,11:52:29,620.0,100,24850
20240124,11:52:54,618.95,50,24850
20240124,11:59:02,615.5,50,24750
20240124,11:59:13,617.55,200,24750
20240124,11:59:23,619.9,50,24750
20240124,12:01:02,614.35,50,24750
20240124,12:01:18,618.05,100,24750
20240124,12:01:23,618.85,100,24750
20240124,12:01:24,618.35,50,24750
20240124,12:03:33,606.7,50,24500
20240124,12:04:39,591.55,300,24500
20240124,12:05:19,587.4,50,24500
20240124,12:05:36,585.35,50,24500
20240124,12:05:56,585.85,150,24500
20240124,12:06:17,593.95,100,24550
20240124,12:06:21,589.0,500,24550
20240124,12:06:29,600.0,50,24550
20240124,12:06:31,601.5,100,24550
20240124,12:08:11,591.75,100,24550
20240124,12:08:13,590.75,50,24550
20240124,12:10:12,599.55,50,25050
20240124,12:10:23,593.75,150,25050
20240124,12:13:04,586.3,50,25150
20240124,12:13:06,589.4,200,25150
20240124,12:14:12,588.95,100,25150
20240124,12:14:17,590.0,50,25150
20240124,12:16:14,600.0,50,25150
20240124,12:17:01,597.15,100,25100
20240124,12:17:48,610.0,50,25100
20240124,12:18:02,606.5,100,25100
20240124,12:18:47,599.6,50,25250
20240124,12:19:13,601.95,50,25250
20240124,12:19:32,614.55,100,25250
20240124,12:19:45,620.0,50,25250
20240124,12:20:02,629.95,100,25250
20240124,12:20:55,620.35,50,25250
20240124,12:22:07,605.0,50,25200
20240124,12:22:12,601.35,50,25200
20240124,12:28:58,573.45,50,25250
20240124,12:29:03,582.5,200,25250
20240124,12:29:07,590.0,50,25250
20240124,12:29:15,579.8,50,25250
20240124,12:30:01,590.7,100,25250
20240124,12:30:03,598.65,150,25250
20240124,12:32:49,580.0,50,25450
20240124,12:33:36,569.05,50,25450
20240124,12:34:01,567.55,150,25350
20240124,12:34:59,574.7,100,25350
20240124,12:35:01,575.0,50,25350
20240124,12:35:05,578.15,50,25350
20240124,12:35:18,571.3,50,25350
20240124,12:35:31,572.0,50,25350
20240124,12:36:40,562.85,50,25500
20240124,12:36:53,567.1,50,25500
20240124,12:37:50,567.85,300,25500
20240124,12:37:52,567.55,50,25500
20240124,12:40:15,570.0,50,25850
20240124,12:40:42,571.45,250,25850
20240124,12:41:49,563.35,100,25850
20240124,12:43:01,580.0,50,26000
20240124,12:45:29,580.0,500,26050
20240124,12:45:41,577.6,500,26050
20240124,12:45:51,577.2,200,26050
20240124,12:45:59,579.0,200,26050
20240124,12:46:06,578.6,100,26050
20240124,12:46:25,590.0,50,26050
20240124,12:46:28,590.55,100,26050
20240124,12:47:21,591.4,100,26050
20240124,12:49:41,600.0,50,27600
20240124,12:49:44,600.0,100,27600
20240124,12:50:53,610.8,250,27600
20240124,12:52:00,620.0,50,27800
20240124,12:52:01,616.85,100,27800
20240124,12:52:45,613.55,50,27800
20240124,12:54:38,597.95,100,27800
20240124,12:54:57,597.9,500,27800
20240124,12:55:04,609.0,250,27800
20240124,12:55:38,613.95,250,27800
20240124,12:55:44,613.95,50,27800
20240124,12:57:16,615.0,50,27850
20240124,12:58:16,624.0,150,27850
20240124,12:58:26,630.0,50,27850
20240124,12:58:30,630.7,50,27850
20240124,12:59:32,621.5,50,27850
20240124,12:59:41,626.1,50,27850
20240124,13:00:02,635.0,200,27850
20240124,13:00:07,633.55,150,27850
20240124,13:00:25,630.0,300,28050
20240124,13:00:32,631.7,450,28050
20240124,13:00:42,630.0,550,28050
20240124,13:00:50,650.0,50,28050
20240124,13:01:10,660.0,50,28050
20240124,13:01:52,660.0,100,28050
20240124,13:02:10,661.25,50,28050
20240124,13:02:25,654.95,50,28050
20240124,13:02:27,655.0,50,28050
20240124,13:02:30,655.25,50,28050
20240124,13:02:40,662.3,50,28050
20240124,13:03:00,664.2,50,28050
20240124,13:03:12,660.0,100,28050
20240124,13:03:20,665.0,100,29750
20240124,13:03:29,666.6,150,29750
20240124,13:09:48,641.4,50,29750
20240124,13:09:53,639.05,50,30000
20240124,13:10:44,655.0,250,30000
20240124,13:13:55,636.3,150,30050
20240124,13:14:23,644.3,50,30050
20240124,13:15:00,641.35,50,30050
20240124,13:16:53,634.0,50,30100
20240124,13:17:02,638.25,50,30100
20240124,13:17:52,631.25,100,30100
20240124,13:17:57,632.5,50,30100
20240124,13:19:33,663.45,50,30100
20240124,13:21:54,653.05,50,30150
20240124,13:21:56,657.05,100,30150
20240124,13:22:08,662.7,100,30150
20240124,13:28:23,647.0,600,30250
20240124,13:28:29,649.0,50,30250
20240124,13:31:31,639.15,300,30200
20240124,13:36:13,635.45,50,30200
20240124,13:37:37,632.0,500,30200
20240124,13:40:41,648.95,100,30200
20240124,13:43:28,634.3,100,30300
20240124,13:45:01,640.6,50,30300
20240124,13:45:03,640.6,50,30300
20240124,13:47:45,649.9,50,30400
20240124,13:48:56,660.0,50,30400
20240124,13:50:23,650.0,50,30400
20240124,13:57:40,650.0,300,30500
20240124,13:58:56,660.0,50,30500
20240124,13:59:40,657.25,50,30500
20240124,14:01:02,662.75,200,30850
20240124,14:03:35,667.0,100,31050
20240124,14:03:42,672.7,50,31050
20240124,14:05:28,685.55,100,31050
20240124,14:05:35,690.0,50,31050
20240124,14:06:13,685.8,50,31050
20240124,14:06:57,690.0,200,31250
20240124,14:07:40,686.3,50,31250
20240124,14:08:17,675.0,100,31250
20240124,14:09:47,667.0,50,31450
20240124,14:18:01,666.0,50,31500
20240124,14:20:19,687.0,100,31550
20240124,14:25:40,695.0,250,31550
20240124,14:27:58,705.0,250,31800
20240124,14:30:40,721.0,50,32050
20240124,14:30:47,714.85,50,32050
20240124,14:30:50,719.85,50,32050
20240124,14:31:23,721.35,50,32050
20240124,14:31:33,716.45,50,32050
20240124,14:33:42,716.45,250,32050
20240124,14:35:05,720.95,50,32050
20240124,14:35:18,725.5,50,32050
20240124,14:35:38,726.7,50,32050
20240124,14:37:00,726.7,50,32250
20240124,14:37:27,728.5,50,32250
20240124,14:38:50,725.0,100,32250
20240124,14:40:32,731.15,50,32250
20240124,14:40:48,735.0,50,32350
20240124,14:41:52,749.0,100,32350
20240124,14:43:39,764.1,50,32400
20240124,14:43:52,764.1,50,32400
20240124,14:48:38,732.0,50,32400
20240124,14:49:04,731.8,50,32400
20240124,14:49:51,742.0,50,32400
20240124,14:55:09,757.9,250,32450
20240124,14:56:11,750.55,150,32450
20240124,14:57:34,750.5,100,32300
20240124,14:59:14,764.15,100,32300
20240124,15:00:09,775.0,50,32300
20240124,15:00:26,775.0,50,32300
20240124,15:01:36,776.95,50,32150
20240124,15:01:46,776.95,50,32150
20240124,15:02:04,762.55,100,32150
20240124,15:02:49,745.4,100,32150
20240124,15:03:01,733.0,100,32150
20240124,15:04:06,735.0,50,32200
20240124,15:05:22,755.75,100,32200
20240124,15:07:08,753.05,100,32150
20240124,15:08:26,754.9,50,32150
20240124,15:12:09,755.65,100,32300
20240124,15:12:59,752.1,50,32400
20240124,15:14:08,759.95,150,32400
20240124,15:14:43,759.0,50,32400
20240124,15:16:10,772.0,1000,32400
20240124,15:16:15,771.15,200,32400
20240124,15:16:45,776.0,300,32400
20240124,15:16:46,773.0,500,32400
20240124,15:17:10,777.2,100,32400
20240124,15:17:45,775.55,50,32400
20240124,15:18:21,775.65,100,32400
20240124,15:18:35,779.0,500,33200
20240124,15:19:40,783.1,50,33200
20240124,15:21:56,783.1,100,33700
20240124,15:21:58,772.0,150,33700
20240124,15:22:13,773.2,100,33700
20240124,15:23:18,774.3,50,33700
20240124,15:23:26,774.5,50,33700
20240124,15:23:41,773.5,450,33700
20240124,15:24:10,769.3,50,33700
20240124,15:24:17,768.0,100,33700
20240124,15:24:18,768.25,600,33700
20240124,15:24:20,768.05,50,33700
20240124,15:24:53,770.4,100,34350
20240124,15:25:17,770.25,50,34350
20240124,15:26:20,777.0,50,34350
20240124,15:26:40,777.9,50,34350
20240124,15:27:13,779.85,100,34350
20240124,15:27:28,781.15,100,34350
20240124,15:29:03,779.6,100,34500
20240124,15:29:23,774.15,50,34500
20240124,15:29:25,774.15,100,34500
20240125,09:23:49,700.0,1,34550
20240125,09:23:49,700.0,50,34550
20240125,09:24:08,681.05,50,34550
20240125,09:27:07,681.05,50,34550
20240125,09:27:20,705.0,50,34550
20240125,09:27:47,710.0,50,34550
20240125,09:27:53,715.0,50,34550
20240125,09:27:55,720.0,50,34550
20240125,09:27:58,725.0,50,34550
20240125,09:28:08,730.0,50,34550
20240125,09:29:17,732.85,400,34550
20240125,09:29:42,732.85,400,34550
20240125,09:30:11,735.0,50,34100
20240125,09:31:15,735.0,100,34100
20240125,09:31:38,725.45,350,34100
20240125,09:32:08,709.0,50,34100
20240125,09:33:14,709.0,50,33850
20240125,09:33:51,716.7,50,33850
20240125,09:36:31,705.95,50,33850
20240125,09:37:40,702.0,50,33850
20240125,09:39:44,700.0,50,33900
20240125,09:40:33,705.0,50,33900
20240125,09:40:55,710.0,50,33900
20240125,09:41:56,720.0,150,33900
20240125,09:43:40,700.0,350,34100
20240125,09:45:43,673.0,50,33750
20240125,09:45:56,673.0,50,33750
20240125,09:47:15,700.0,50,33750
20240125,09:47:54,689.0,50,33750
20240125,09:48:14,697.95,50,33900
20240125,09:49:09,698.0,50,33900
20240125,09:49:28,701.6,100,33900
20240125,09:50:35,700.7,50,33900
20240125,09:54:50,673.35,50,33950
20240125,10:00:05,684.55,50,34000
20240125,10:03:03,681.5,50,34050
20240125,10:04:31,681.5,50,34050
20240125,10:14:14,680.0,50,34150
20240125,10:17:24,658.0,300,34200
20240125,10:17:33,655.25,50,34200
20240125,10:18:08,647.55,100,34250
20240125,10:20:05,645.0,50,34250
20240125,10:22:20,634.7,50,34250
20240125,10:23:08,621.5,50,34250
20240125,10:23:20,620.0,300,34250
20240125,10:23:39,619.1,50,34250
20240125,10:25:38,619.1,200,34400
20240125,10:25:46,626.55,50,34400
20240125,10:29:26,642.15,50,34400
20240125,10:30:09,642.05,50,34450
20240125,10:30:17,642.15,150,34450
20240125,10:32:22,650.0,50,34450
20240125,10:32:46,655.0,50,34450
20240125,10:37:41,638.5,100,34750
20240125,10:38:21,650.0,50,34750
20240125,10:39:47,648.25,100,34800
20240125,10:40:47,655.0,50,34800
20240125,10:41:10,660.0,50,34800
20240125,10:43:43,629.2,150,34800
20240125,10:45:16,635.8,850,34950
20240125,10:47:56,635.8,50,34950
20240125,10:49:24,636.8,50,34950
20240125,10:50:47,635.0,1950,35800
20240125,10:51:09,634.25,1800,37700
20240125,10:51:24,630.75,1900,37700
20240125,10:51:40,629.3,1800,37700
20240125,10:52:00,625.25,500,37700
20240125,10:52:20,631.35,250,37700
20240125,10:52:41,629.9,1800,37700
20240125,10:52:57,629.95,350,37700
20240125,10:53:25,624.0,50,37700
20240125,10:53:32,621.1,1050,37700
20240125,10:54:12,621.4,1800,46950
20240125,10:54:15,620.0,50,46950
20240125,10:54:17,616.1,100,46950
20240125,10:54:19,613.1,1900,46950
20240125,10:54:41,606.0,2050,46950
20240125,10:54:49,608.5,50,46950
20240125,10:54:56,606.55,650,46950
20240125,10:55:02,606.1,200,46950
20240125,10:55:24,600.75,150,46950
20240125,10:55:36,600.3,1700,46950
20240125,10:56:01,599.0,1700,46950
20240125,10:56:19,595.5,150,46950
20240125,10:56:41,595.5,1400,46950
20240125,10:57:10,596.0,1800,57650
20240125,10:57:20,601.0,50,57650
20240125,10:57:21,600.0,450,57650
20240125,10:57:36,602.2,150,57650
20240125,10:57:47,598.3,1750,57650
20240125,10:57:59,602.2,50,57650
20240125,10:58:22,597.65,900,57650
20240125,10:58:30,597.65,150,57650
20240125,10:59:03,599.7,300,57650
20240125,10:59:06,600.85,50,57650
20240125,10:59:21,600.75,150,57650
20240125,10:59:49,596.35,50,57650
20240125,11:00:06,597.8,50,62450
20240125,11:00:16,600.2,50,62450
20240125,11:00:41,594.35,50,62450
20240125,11:00:44,594.35,50,62450
20240125,11:02:01,594.6,50,62450
20240125,11:02:11,593.05,200,62450
20240125,11:03:16,593.05,50,62500
20240125,11:03:22,614.6,50,62500
20240125,11:03:42,609.0,100,62500
20240125,11:04:06,609.0,50,62500
20240125,11:04:49,601.7,250,62500
20240125,11:04:52,603.0,200,62500
20240125,11:05:02,600.8,100,62500
20240125,11:05:04,600.0,50,62500
20240125,11:05:10,599.3,100,62500
20240125,11:05:27,600.75,100,62500
20240125,11:05:37,601.55,50,62500
20240125,11:05:39,600.65,150,62500
20240125,11:05:44,601.5,400,62500
20240125,11:05:50,604.5,100,62500
20240125,11:07:09,610.5,100,62600
20240125,11:07:12,611.25,300,62600
20240125,11:07:59,608.25,50,62600
20240125,11:08:04,610.05,50,62600
20240125,11:08:34,611.25,100,62600
20240125,11:10:29,614.1,100,62600
20240125,11:11:02,617.85,100,62550
20240125,11:13:05,617.85,50,62550
20240125,11:14:03,608.6,50,62550
20240125,11:15:54,612.7,100,62550
20240125,11:16:12,615.25,100,62550
20240125,11:16:17,617.55,100,62550
20240125,11:17:35,619.0,50,62550
20240125,11:17:36,619.0,250,62550
20240125,11:18:24,625.0,50,62550
20240125,11:18:49,630.0,50,62650
20240125,11:20:04,635.0,50,62650
20240125,11:20:37,632.65,50,62650
20240125,11:21:02,640.0,50,62650
20240125,11:21:24,644.7,100,62850
20240125,11:21:36,648.0,50,62850
20240125,11:21:52,650.0,50,62850
20240125,11:22:02,655.0,50,62850
20240125,11:22:09,654.75,100,62850
20240125,11:22:38,658.4,450,62850
20240125,11:22:51,652.5,50,62850
20240125,11:23:22,635.8,50,62850
20240125,11:26:02,640.0,250,63050
20240125,11:29:27,624.45,50,63300
20240125,11:32:18,630.45,100,63300
20240125,11:36:11,629.35,500,63200
20240125,11:36:38,632.45,400,63200
20240125,11:38:23,651.85,50,63200
20240125,11:38:25,651.6,50,63200
20240125,11:38:29,648.55,50,63200
20240125,11:38:39,652.55,50,63200
20240125,11:39:02,660.0,200,63200
20240125,11:39:03,659.95,50,63200
20240125,11:39:05,665.0,100,63200
20240125,11:39:07,667.85,1100,63200
20240125,11:39:08,670.0,50,63200
20240125,11:39:10,675.0,150,63200
20240125,11:39:17,666.5,150,64200
20240125,11:39:57,672.05,150,64200
20240125,11:40:05,680.0,50,64200
20240125,11:40:27,685.0,50,64200
20240125,11:40:28,690.0,50,64200
20240125,11:40:38,684.85,200,64200
20240125,11:42:31,695.0,50,64350
20240125,11:43:02,693.6,100,64350
20240125,11:43:12,684.1,100,64350
20240125,11:44:05,673.75,50,64350
20240125,11:44:59,674.65,50,64350
20240125,11:45:01,673.6,150,64350
20240125,11:45:05,670.45,150,64350
20240125,11:45:21,659.15,50,64450
20240125,11:45:39,670.0,200,64450
20240125,11:45:51,672.55,50,64450
20240125,11:46:12,674.55,50,64450
20240125,11:46:29,666.7,50,64450
20240125,11:46:41,663.75,50,64450
20240125,11:46:42,663.9,50,64450
20240125,11:47:12,653.6,450,64450
20240125,11:47:14,654.4,50,64450
20240125,11:47:22,651.85,50,64450
20240125,11:47:40,656.0,50,64450
20240125,11:47:53,656.85,50,64450
20240125,11:48:23,654.0,50,64850
20240125,11:48:55,655.65,50,64850
20240125,11:49:26,642.4,50,64850
20240125,11:49:56,638.5,50,64850
20240125,11:50:31,632.8,50,64850
20240125,11:50:43,628.05,50,64850
20240125,11:51:50,637.85,50,65100
20240125,11:51:55,635.25,150,65100
20240125,11:52:38,626.95,100,65100
20240125,11:52:43,627.0,250,65100
20240125,11:56:48,616.0,50,65100
20240125,11:57:03,611.65,150,65100
20240125,11:58:25,627.0,50,65200
20240125,11:58:42,622.1,50,65200
20240125,12:00:25,635.1,50,65250
20240125,12:08:18,629.25,50,65200
20240125,12:08:31,633.65,500,65200
20240125,12:08:33,636.75,500,65200
20240125,12:08:34,634.65,500,65200
20240125,12:08:38,636.0,500,65200
20240125,12:08:39,639.65,1000,65200
20240125,12:08:43,637.5,500,65200
20240125,12:08:46,637.45,1800,65200
20240125,12:08:51,642.2,1800,65200
20240125,12:08:56,638.95,50,65200
20240125,12:11:04,624.45,350,66400
20240125,12:11:32,629.25,100,66400
20240125,12:11:34,630.0,50,66400
20240125,12:12:00,633.95,1800,66400
20240125,12:12:07,631.6,250,66400
20240125,12:12:14,633.15,50,66400
20240125,12:13:46,632.0,50,67950
20240125,12:16:16,611.75,100,67950
20240125,12:16:18,611.85,100,67950
20240125,12:16:46,616.0,50,67950
20240125,12:16:48,616.0,7100,67950
20240125,12:20:33,610.15,1800,67900
20240125,12:20:35,608.25,250,67900
20240125,12:20:58,604.5,250,67900
20240125,12:25:21,616.05,50,66900
20240125,12:25:30,615.85,50,66900
20240125,12:26:56,625.6,1800,66900
20240125,12:26:58,624.75,1850,66900
20240125,12:27:09,630.4,1800,66900
20240125,12:27:11,631.45,1800,66900
20240125,12:27:46,631.0,50,68450
20240125,12:27:47,631.0,2750,68450
20240125,12:27:49,631.0,4600,68450
20240125,12:28:24,631.0,100,68450
20240125,12:29:17,621.8,50,68450
20240125,12:30:17,615.75,1400,68450
20240125,12:31:29,609.8,1000,68800
20240125,12:32:07,607.7,100,68800
20240125,12:32:09,607.6,500,68800
20240125,12:32:41,606.0,1000,68800
20240125,12:32:42,607.0,50,68800
20240125,12:35:07,608.0,1000,70550
20240125,12:38:33,618.75,50,71450
20240125,12:40:17,622.75,50,71450
20240125,12:40:18,622.7,150,71450
20240125,12:40:22,621.2,150,71450
20240125,12:40:27,621.35,150,71450
20240125,12:40:28,620.8,250,71450
20240125,12:40:30,621.1,1250,71450
20240125,12:40:32,621.1,250,71450
20240125,12:40:35,621.0,500,71450
20240125,12:40:38,620.65,250,71450
20240125,12:40:48,622.4,250,71450
20240125,12:41:08,616.35,250,71450
20240125,12:41:12,618.0,300,71450
20240125,12:41:22,619.3,500,71450
20240125,12:41:30,615.75,500,71450
20240125,12:41:34,614.5,250,71450
20240125,12:41:38,616.65,500,71450
20240125,12:41:40,616.45,500,71450
20240125,12:41:52,616.3,500,71450
20240125,12:41:53,619.3,750,71450
20240125,12:41:56,617.95,500,71450
20240125,12:41:58,615.85,1500,71450
20240125,12:42:00,618.65,500,71450
20240125,12:42:01,615.5,500,71450
20240125,12:42:05,615.55,750,71450
20240125,12:42:06,617.75,500,71450
20240125,12:42:08,616.75,500,71450
20240125,12:42:10,616.25,500,71450
20240125,12:42:11,616.55,500,71450
20240125,12:42:13,615.0,500,71450
20240125,12:42:14,613.8,750,71450
20240125,12:42:16,613.55,750,71450
20240125,12:42:25,614.95,850,79400
20240125,12:42:34,612.45,300,79400
20240125,12:44:42,611.9,750,79400
20240125,12:44:44,612.1,750,79400
20240125,12:44:46,612.75,1100,79400
20240125,12:44:47,612.15,750,79400
20240125,12:44:49,612.65,1000,79400
20240125,12:44:51,614.65,250,79400
20240125,12:44:52,614.2,750,79400
20240125,12:44:54,615.35,250,79400
20240125,12:44:58,615.35,1000,79400
20240125,12:44:59,615.05,250,79400
20240125,12:45:09,614.45,1250,79400
20240125,12:45:11,615.25,250,79400
20240125,12:46:00,609.15,50,88150
20240125,12:46:05,607.25,400,88150
20240125,12:46:28,607.45,750,88150
20240125,12:46:35,609.35,250,88150
20240125,12:46:53,612.75,250,88150
20240125,12:47:01,613.5,500,88150
20240125,12:47:03,613.0,250,88150
20240125,12:47:08,613.45,250,88150
20240125,12:47:17,613.25,50,88150
20240125,12:47:49,614.05,950,88150
20240125,12:47:51,614.5,500,88150
20240125,12:48:06,616.45,250,88150
20240125,12:48:14,616.95,1000,88150
20240125,12:48:16,617.05,750,88150
20240125,12:48:18,617.8,1650,88150
20240125,12:48:21,618.5,250,88150
20240125,12:48:39,619.35,50,95550
20240125,12:48:41,619.55,200,95550
20240125,12:48:44,621.0,800,95550
20240125,12:48:47,621.0,250,95550
20240125,12:50:05,616.0,250,95550
20240125,12:50:07,616.0,300,95550
20240125,12:50:10,616.0,700,95550
20240125,12:50:15,612.4,250,95550
20240125,12:50:20,611.9,250,95550
20240125,12:50:23,611.55,250,95550
20240125,12:50:26,611.5,50,95550
20240125,12:50:31,612.0,1300,95550
20240125,12:50:34,611.8,5050,95550
20240125,12:50:48,612.75,100,95550
20240125,12:50:49,612.75,500,95550
20240125,12:56:10,600.0,50,98000
20240125,12:56:12,599.7,250,98000
20240125,12:57:27,600.15,500,98250
20240125,12:57:54,603.7,250,98250
20240125,12:58:30,597.05,250,98250
20240125,12:58:40,595.6,200,98250
20240125,12:59:00,592.2,450,98250
20240125,13:00:15,584.25,750,98250
20240125,13:00:17,584.25,1500,98250
20240125,13:00:19,584.25,500,98250
20240125,13:00:20,585.1,500,98250
20240125,13:00:22,588.0,500,102500
20240125,13:00:25,587.75,1000,102500
20240125,13:00:27,589.7,1250,102500
20240125,13:00:29,590.25,750,102500
20240125,13:00:30,590.7,350,102500
20240125,13:00:32,591.6,650,102500
20240125,13:00:34,591.6,250,102500
20240125,13:00:35,591.9,750,102500
20240125,13:00:37,592.35,1250,102500
20240125,13:00:39,591.6,750,102500
20240125,13:00:40,591.95,1000,102500
20240125,13:00:42,592.5,750,102500
20240125,13:00:44,592.85,500,102500
20240125,13:00:45,593.0,250,102500
20240125,13:00:47,593.5,250,102500
20240125,13:00:50,594.15,600,102500
20240125,13:00:52,593.45,500,102500
20240125,13:00:54,594.75,250,102500
20240125,13:00:55,593.45,750,102500
20240125,13:00:59,594.0,250,102500
20240125,13:01:09,595.45,50,102500
20240125,13:02:17,595.25,200,102500
20240125,13:02:19,595.25,50,102500
20240125,13:02:29,597.8,250,102500
20240125,13:02:32,597.0,250,102500
20240125,13:03:22,597.0,350,116100
20240125,13:03:24,597.0,250,116100
20240125,13:03:26,597.75,250,116100
20240125,13:03:32,596.45,250,116100
20240125,13:03:42,595.95,250,116100
20240125,13:03:44,594.3,300,116100
20240125,13:03:49,595.95,50,116100
20240125,13:04:26,601.9,50,116100
20240125,13:04:27,601.15,50,116100
20240125,13:04:39,598.0,250,116100
20240125,13:04:42,600.0,600,116100
20240125,13:04:51,600.25,250,116100
20240125,13:04:57,602.65,250,116100
20240125,13:04:59,603.15,250,116100
20240125,13:05:06,603.25,750,116100
20240125,13:05:09,604.4,250,116100
20240125,13:05:12,602.3,500,116100
20240125,13:05:17,601.8,250,116100
20240125,13:05:22,600.95,250,116100
20240125,13:05:46,602.85,500,116100
20240125,13:05:48,603.1,250,116100
20240125,13:05:53,605.05,250,116100
20240125,13:05:54,605.25,1500,116100
20240125,13:05:56,606.0,500,116100
20240125,13:05:58,606.0,250,116100
20240125,13:05:59,606.25,750,116100
20240125,13:06:03,607.25,250,116100
20240125,13:06:04,607.6,250,116100
20240125,13:06:08,607.5,500,116100
20240125,13:06:37,603.7,50,126100
20240125,13:07:12,595.2,450,126100
20240125,13:07:44,597.45,250,126100
20240125,13:08:09,593.05,50,126100
20240125,13:08:12,593.85,50,126100
20240125,13:08:59,593.85,300,126100
20240125,13:09:05,591.55,750,126100
20240125,13:09:09,591.55,100,126100
20240125,13:09:17,590.45,150,126100
20240125,13:09:22,590.5,1250,126100
20240125,13:09:32,588.7,450,128400
20240125,13:10:28,591.65,250,128400
20240125,13:10:33,591.05,250,128400
20240125,13:10:42,591.1,200,128400
20240125,13:11:00,588.25,300,128400
20240125,13:11:02,588.5,450,128400
20240125,13:11:05,588.55,50,128400
20240125,13:12:26,593.0,50,129500
20240125,13:13:06,596.0,50,129500
20240125,13:14:01,600.0,50,129500
20240125,13:14:06,602.3,100,129500
20240125,13:14:08,602.3,50,129500
20240125,13:14:13,603.6,200,129500
20240125,13:15:03,605.45,250,129500
20240125,13:15:15,607.45,100,129500
20240125,13:15:36,600.95,50,130000
20240125,13:15:46,600.2,50,130000
20240125,13:15:58,606.0,300,130000
20240125,13:16:10,610.75,100,130000
20240125,13:16:15,611.0,100,130000
20240125,13:16:34,606.35,50,130000
20240125,13:16:43,609.3,50,130000
20240125,13:16:49,610.25,200,130000
20240125,13:17:01,609.25,250,130000
20240125,13:17:25,608.6,50,130000
20240125,13:17:41,607.5,250,130000
20240125,13:17:51,605.35,50,130000
20240125,13:18:05,604.0,100,130000
20240125,13:18:13,601.1,50,130000
20240125,13:18:15,602.75,100,130000
20240125,13:18:33,599.2,50,130050
20240125,13:18:34,599.75,350,130050
20240125,13:19:01,596.8,450,130050
20240125,13:19:38,600.15,250,130050
20240125,13:19:40,600.1,250,130050
20240125,13:19:55,601.1,250,130050
20240125,13:20:00,600.95,50,130050
20240125,13:20:20,599.95,50,130050
20240125,13:21:06,597.1,550,130050
20240125,13:21:08,599.5,150,130050
20240125,13:21:40,599.2,250,131600
20240125,13:22:01,598.35,50,131600
20240125,13:22:14,601.95,50,131600
20240125,13:22:36,605.45,200,131600
20240125,13:22:39,602.8,1750,131600
20240125,13:23:01,604.75,50,131600
20240125,13:23:04,605.55,50,131600
20240125,13:23:07,606.2,50,131600
20240125,13:23:17,602.55,50,131600
20240125,13:23:37,604.25,50,131600
20240125,13:23:44,601.5,50,131600
20240125,13:23:55,598.35,50,131600
20240125,13:24:15,595.0,200,131600
20240125,13:24:21,597.15,50,131600
20240125,13:24:25,597.35,250,131600
20240125,13:24:30,595.0,150,133850
20240125,13:24:31,597.15,100,133850
20240125,13:24:35,595.05,50,133850
20240125,13:24:45,596.3,100,133850
20240125,13:24:54,596.9,150,133850
20240125,13:25:06,595.5,100,133850
20240125,13:25:25,591.25,50,133850
20240125,13:25:28,589.05,50,133850
20240125,13:25:36,588.05,500,133850
20240125,13:25:50,588.75,100,133850
20240125,13:26:32,589.5,350,133850
20240125,13:26:41,588.15,400,133850
20240125,13:26:49,587.4,100,133850
20240125,13:27:44,586.65,50,132200
20240125,13:28:25,587.25,100,132200
20240125,13:30:46,588.35,1150,132200
20240125,13:31:55,576.85,50,132200
20240125,13:32:00,576.7,200,132200
20240125,13:33:02,576.7,100,132200
20240125,13:33:34,581.7,50,131400
20240125,13:36:05,581.7,50,131400
20240125,13:36:59,582.8,500,131450
20240125,13:38:00,588.4,50,131450
20240125,13:40:04,589.0,100,130900
20240125,13:40:12,588.65,50,130900
20240125,13:41:39,585.0,100,130900
20240125,13:43:15,588.5,50,131100
20240125,13:43:26,590.4,100,131100
20240125,13:43:38,584.6,100,131100
20240125,13:44:01,583.85,50,131100
20240125,13:44:40,586.65,50,131100
20240125,13:44:45,587.3,600,131100
20240125,13:44:48,587.35,400,131100
20240125,13:44:53,587.95,250,131100
20240125,13:45:29,590.65,250,132450
20240125,13:45:36,592.3,150,132450
20240125,13:45:41,595.25,100,132450
20240125,13:45:44,594.8,50,132450
20240125,13:45:47,594.95,500,132450
20240125,13:45:50,594.25,250,132450
20240125,13:45:54,593.15,50,132450
20240125,13:46:00,589.6,250,132450
20240125,13:46:54,592.5,50,132450
20240125,13:47:08,595.3,750,132450
20240125,13:47:09,595.3,250,132450
20240125,13:47:11,595.5,750,132450
20240125,13:47:14,594.0,250,132450
20240125,13:47:18,594.85,250,132450
20240125,13:47:19,594.85,50,132450
20240125,13:47:33,593.8,450,132450
20240125,13:47:34,593.1,250,132450
20240125,13:47:43,593.9,500,132450
20240125,13:48:01,598.0,250,132450
20240125,13:48:03,600.0,50,132450
20240125,13:48:06,600.1,250,132450
20240125,13:48:11,604.5,150,132450
20240125,13:48:13,603.7,800,132450
20240125,13:48:15,604.5,250,132450
20240125,13:48:23,601.8,50,132450
20240125,13:48:30,602.85,300,139000
20240125,13:48:35,603.65,50,139000
20240125,13:48:48,599.1,50,139000
20240125,13:48:50,599.1,50,139000
20240125,13:48:58,597.55,50,139000
20240125,13:49:05,597.5,100,139000
20240125,13:49:23,603.05,250,139000
20240125,13:49:46,601.55,250,139000
20240125,13:50:11,610.0,100,139000
20240125,13:50:27,609.7,250,139000
20240125,13:50:32,612.6,50,139000
20240125,13:50:33,612.15,50,139000
20240125,13:50:35,611.95,50,139000
20240125,13:50:37,611.4,250,139000
20240125,13:50:42,609.4,50,139000
20240125,13:50:53,606.95,50,139000
20240125,13:51:10,611.4,50,139000
20240125,13:51:12,610.4,300,139000
20240125,13:51:17,612.3,250,139000
20240125,13:51:25,610.55,250,139000
20240125,13:51:31,608.0,50,141050
20240125,13:52:01,600.4,50,141050
20240125,13:53:10,600.0,50,141050
20240125,13:53:23,598.5,200,141050
20240125,13:53:41,597.95,150,141050
20240125,13:53:43,597.65,250,141050
20240125,13:53:51,597.1,350,141050
20240125,13:53:55,596.45,50,141050
20240125,13:54:00,592.45,50,141050
20240125,13:54:05,594.15,250,141050
20240125,13:54:11,596.0,250,141050
20240125,13:54:16,596.0,50,141050
20240125,13:54:18,596.25,50,141050
20240125,13:54:20,596.45,450,141050
20240125,13:55:07,590.0,600,142200
20240125,13:55:17,592.3,50,142200
20240125,13:55:55,581.05,100,142200
20240125,13:56:18,591.0,150,142200
20240125,13:56:25,592.5,50,142200
20240125,13:56:40,597.05,50,142200
20240125,13:57:07,600.35,100,142200
20240125,13:58:08,602.25,250,142900
20240125,13:58:54,602.25,50,142900
20240125,13:59:35,600.0,200,142900
20240125,13:59:59,596.75,50,142900
20240125,14:00:41,597.75,50,143200
20240125,14:00:44,596.0,100,143200
20240125,14:00:58,595.7,250,143200
20240125,14:02:47,605.7,50,143200
20240125,14:03:02,605.4,250,143200
20240125,14:03:12,604.5,250,143200
20240125,14:03:24,605.2,50,143200
20240125,14:06:11,608.3,200,143950
20240125,14:06:23,610.4,50,143950
20240125,14:06:26,611.0,1050,143950
20240125,14:06:47,602.25,450,144800
20240125,14:06:51,601.0,50,144800
20240125,14:07:29,600.55,100,144800
20240125,14:09:11,596.45,50,144800
20240125,14:11:34,598.05,150,145150
20240125,14:11:39,599.25,250,145150
20240125,14:12:16,600.85,250,145150
20240125,14:12:34,601.1,250,145750
20240125,14:12:57,599.95,950,145750
20240125,14:13:29,598.55,50,145750
20240125,14:13:33,597.6,50,145750
20240125,14:13:58,596.65,100,145750
20240125,14:14:16,588.75,250,145750
20240125,14:14:49,588.75,200,145750
20240125,14:14:54,588.7,50,145750
20240125,14:15:21,585.75,150,145750
20240125,14:15:58,584.2,50,146900
20240125,14:16:44,582.75,50,146900
20240125,14:16:45,584.75,50,146900
20240125,14:16:51,587.0,150,146900
20240125,14:17:11,581.2,50,146900
20240125,14:17:27,579.25,50,146900
20240125,14:18:06,577.9,50,146900
20240125,14:18:21,576.75,200,146900
20240125,14:19:14,581.0,500,146900
20240125,14:19:54,581.4,50,147000
20240125,14:21:07,580.45,150,147000
20240125,14:21:20,581.55,150,147000
20240125,14:23:06,581.25,250,147000
20240125,14:23:35,582.55,250,147000
20240125,14:24:06,582.25,250,147000
20240125,14:24:13,581.35,50,147000
20240125,14:25:08,581.75,250,147800
20240125,14:25:16,584.95,50,147800
20240125,14:26:12,584.65,250,147800
20240125,14:26:18,583.55,50,147800
20240125,14:26:25,583.6,250,147800
20240125,14:26:37,583.5,250,147800
20240125,14:26:46,586.3,200,147800
20240125,14:26:55,589.8,50,147800
20240125,14:27:51,584.7,50,149000
20240125,14:27:57,584.7,300,149000
20240125,14:28:03,584.45,50,149000
20240125,14:29:15,596.0,50,149000
20240125,14:30:17,598.0,250,149000
20240125,14:30:18,598.0,5700,149000
20240125,14:30:20,598.0,150,149000
20240125,14:30:23,598.0,600,149000
20240125,14:30:26,600.0,50,149000
20240125,14:30:39,600.5,50,156100
20240125,14:30:42,600.5,100,156100
20240125,14:36:23,579.3,50,156100
20240125,14:38:13,579.3,50,156100
20240125,14:40:55,572.05,50,156100
20240125,14:41:52,572.05,100,156100
20240125,14:42:52,570.35,50,156100
20240125,14:43:59,568.0,50,156100
20240125,14:44:29,568.0,50,156100
20240125,14:44:55,570.6,50,156100
20240125,14:46:04,579.9,50,156150
20240125,14:49:29,577.0,50,156200
20240125,14:50:21,580.0,200,156200
20240125,14:51:38,578.35,50,156250
20240125,14:53:16,575.4,100,156250
20240125,14:53:46,579.0,200,156250
20240125,14:54:46,582.85,50,156550
20240125,14:56:54,583.0,250,156550
20240125,14:57:13,583.0,200,156550
20240125,14:57:15,583.0,750,156550
20240125,14:57:17,582.35,50,156550
20240125,14:57:25,582.0,100,156550
20240125,14:57:26,582.0,100,156550
20240125,14:57:48,580.2,50,156400
20240125,14:57:49,580.45,300,156400
20240125,15:00:00,580.5,150,156400
20240125,15:00:03,583.0,50,156400
20240125,15:01:08,600.8,50,156400
20240125,15:01:10,600.0,50,156350
20240125,15:01:13,600.1,450,156350
20240125,15:01:16,601.2,50,156350
20240125,15:01:57,604.5,100,156350
20240125,15:02:02,606.0,550,156350
20240125,15:04:06,608.3,100,156850
20240125,15:04:14,609.2,100,156850
20240125,15:04:26,610.65,200,156850
20240125,15:04:40,612.0,250,156850
20240125,15:05:15,616.0,50,156850
20240125,15:05:20,617.0,50,156850
20240125,15:05:31,615.15,50,156850
20240125,15:05:56,617.0,100,156850
20240125,15:06:22,620.0,250,156850
20240125,15:06:31,620.0,50,156850
20240125,15:06:35,619.4,50,156850
20240125,15:06:38,622.5,500,156850
20240125,15:06:40,620.25,50,157300
20240125,15:06:41,623.15,200,157300
20240125,15:07:16,623.5,250,157300
20240125,15:07:25,620.8,250,157300
20240125,15:07:26,621.1,200,157300
20240125,15:09:25,633.7,50,157300
20240125,15:09:38,631.9,200,157300
20240125,15:11:23,623.7,400,157500
20240125,15:11:38,623.8,100,157500
20240125,15:13:25,651.6,150,157500
20240125,15:13:45,651.85,100,157450
20240125,15:15:01,638.6,50,157450
20240125,15:15:04,640.7,50,157450
20240125,15:15:14,636.75,1600,157450
20240125,15:15:55,632.25,50,159000
20240125,15:16:31,632.4,50,159000
20240125,15:17:00,631.3,50,159000
20240125,15:17:03,628.9,1000,159000
20240125,15:17:20,631.05,350,159000
20240125,15:17:26,630.75,100,159000
20240125,15:17:35,630.75,350,159000
20240125,15:17:41,633.5,50,159000
20240125,15:17:58,634.85,50,159000
20240125,15:18:24,638.1,100,159000
20240125,15:18:29,635.2,50,159000
20240125,15:18:39,637.75,50,159000
20240125,15:18:48,640.0,100,160950
20240125,15:18:53,640.0,100,160950
20240125,15:19:08,640.7,50,160950
20240125,15:19:09,644.8,200,160950
20240125,15:19:11,643.5,100,160950
20240125,15:19:13,643.55,250,160950
20240125,15:19:16,646.45,50,160950
20240125,15:19:37,642.35,250,160950
20240125,15:19:43,646.45,100,160950
20240125,15:19:49,645.05,50,160950
20240125,15:20:06,641.75,100,160950
20240125,15:20:38,645.75,50,160950
20240125,15:20:40,643.85,200,160950
20240125,15:20:51,645.75,50,160950
20240125,15:20:53,645.2,50,160950
20240125,15:21:18,652.0,50,160950
20240125,15:22:40,654.3,50,161000
20240125,15:22:41,655.0,350,161000
20240125,15:23:11,653.6,50,161000
20240125,15:23:13,656.0,50,161000
20240125,15:23:28,654.95,50,161000
20240125,15:23:30,656.0,100,161000
20240125,15:23:31,655.2,100,161000
20240125,15:23:43,655.9,50,161000
20240125,15:23:46,651.8,150,161000
20240125,15:23:48,654.95,400,161000
20240125,15:23:53,653.55,50,161000
20240125,15:23:56,653.7,100,161000
20240125,15:23:58,652.0,50,161000
20240125,15:25:08,652.9,50,161050
20240125,15:25:09,652.3,50,161050
20240125,15:25:11,652.7,300,161050
20240125,15:25:14,652.7,150,161050
20240125,15:25:21,652.25,50,161050
20240125,15:25:35,652.65,150,161050
20240125,15:25:38,654.45,50,161050
20240125,15:25:43,654.15,50,161050
20240125,15:25:46,656.75,50,161050
20240125,15:25:53,658.4,50,161050
20240125,15:26:00,660.0,50,161050
20240125,15:26:05,660.75,50,161050
20240125,15:26:10,661.05,50,161050
20240125,15:26:11,661.15,450,161050
20240125,15:26:15,661.15,50,161050
20240125,15:26:23,662.3,100,161050
20240125,15:26:32,662.8,50,161050
20240125,15:26:33,661.95,50,161050
20240125,15:26:53,666.0,100,161050
20240125,15:26:55,667.3,100,161050
20240125,15:26:57,666.0,50,161050
20240125,15:27:08,668.55,500,161050
20240125,15:27:10,668.7,200,161050
20240125,15:27:12,668.55,200,161050
20240125,15:27:13,669.1,150,161050
20240125,15:27:15,669.1,50,161050
20240125,15:27:41,669.1,300,161050
20240125,15:28:01,672.4,50,161100
20240125,15:28:04,672.45,50,161100
20240125,15:28:09,672.95,50,161100
20240125,15:28:11,672.95,50,161100
20240125,15:28:17,672.1,100,161100
20240125,15:28:30,673.6,150,161100
20240125,15:28:38,673.15,200,161100
20240125,15:28:41,672.9,50,161100
20240125,15:28:45,672.9,50,161100
20240125,15:28:50,672.15,50,161100
20240125,15:28:58,669.2,50,161100
20240125,15:29:00,668.8,150,161100
20240125,15:29:03,666.6,100,161100
20240125,15:29:05,666.85,50,161100
20240125,15:29:06,665.65,50,161100
20240125,15:29:13,664.0,50,161100
20240125,15:29:15,662.0,150,161100
20240125,15:29:31,660.95,100,161100
20240125,15:29:33,658.8,500,161100
20240129,09:15:19,738.2,1,161500
20240129,09:15:19,738.2,50,161500
20240129,09:15:38,761.9,250,161500
20240129,09:15:50,761.9,150,161500
20240129,09:15:51,761.2,50,161500
20240129,09:15:54,763.0,50,161500
20240129,09:16:06,763.0,100,161500
20240129,09:16:26,749.3,100,161500
20240129,09:16:31,758.7,100,161500
20240129,09:17:17,756.55,50,161500
20240129,09:17:30,751.65,150,161550
20240129,09:17:37,754.5,300,161550
20240129,09:18:02,751.65,350,161550
20240129,09:18:15,750.0,450,161550
20240129,09:18:16,750.0,50,161550
20240129,09:18:24,756.25,450,161550
20240129,09:18:25,756.5,150,161550
20240129,09:18:27,752.6,50,161550
20240129,09:18:40,756.0,100,161550
20240129,09:18:49,760.0,50,161550
20240129,09:18:51,760.75,450,161550
20240129,09:19:02,760.75,50,161550
20240129,09:19:45,763.7,700,161550
20240129,09:19:46,763.5,450,161550
20240129,09:19:47,764.5,550,161550
20240129,09:19:54,766.0,50,161550
20240129,09:20:00,767.95,50,161550
20240129,09:20:26,788.65,50,162050
20240129,09:20:26,788.65,250,162050
20240129,09:20:30,788.2,1100,162050
20240129,09:21:10,804.4,1100,162050
20240129,09:21:11,804.4,100,162050
20240129,09:21:17,809.55,800,162050
20240129,09:21:24,815.1,50,162050
20240129,09:22:39,815.1,800,162050
20240129,09:23:17,812.35,400,162750
20240129,09:23:42,814.05,100,162750
20240129,09:23:53,813.0,150,162750
20240129,09:24:17,827.5,1900,162750
20240129,09:24:50,829.85,100,162750
20240129,09:24:53,829.85,250,162750
20240129,09:25:13,847.0,50,162750
20240129,09:25:44,847.45,100,162750
20240129,09:26:19,847.45,150,162200
20240129,09:27:08,853.65,50,162200
20240129,09:27:10,856.25,50,162200
20240129,09:27:14,856.25,50,162200
20240129,09:27:18,845.0,50,162200
20240129,09:27:30,847.05,50,162200
20240129,09:28:06,836.8,50,162200
20240129,09:28:33,847.6,50,162200
20240129,09:28:38,853.0,50,162200
20240129,09:28:48,847.8,100,162200
20240129,09:29:11,850.15,50,162050
20240129,09:29:21,843.15,50,162050
20240129,09:29:49,841.15,250,162050
20240129,09:30:01,858.35,1600,162050
20240129,09:30:02,858.35,50,162050
20240129,09:30:03,850.35,50,162050
20240129,09:30:05,850.85,1000,162050
20240129,09:30:08,845.25,450,162050
20240129,09:30:09,844.45,100,162050
20240129,09:30:12,845.7,350,162050
20240129,09:31:46,837.6,50,162050
20240129,09:32:52,818.3,150,159050
20240129,09:32:55,820.8,150,159050
20240129,09:33:00,823.2,100,159050
20240129,09:33:26,823.9,50,159050
20240129,09:35:27,849.0,50,159050
20240129,09:36:01,841.6,50,158850
20240129,09:36:09,835.45,450,158850
20240129,09:36:12,833.25,150,158850
20240129,09:36:17,833.0,1950,158850
20240129,09:38:02,835.05,50,158850
20240129,09:38:20,830.0,1850,160650
20240129,09:39:00,840.0,150,160650
20240129,09:39:40,831.9,400,160650
20240129,09:40:50,843.55,50,160650
20240129,09:41:00,848.65,150,160650
20240129,09:41:01,848.75,100,160650
20240129,09:41:03,850.0,100,160650
20240129,09:41:33,853.7,400,162600
20240129,09:41:59,853.25,100,162600
20240129,09:43:19,850.5,100,162600
20240129,09:43:47,846.45,150,162600
20240129,09:44:02,843.15,150,162600
20240129,09:44:31,843.85,50,162700
20240129,09:44:52,844.85,100,162700
20240129,09:45:36,851.7,150,162700
20240129,09:46:01,845.55,200,162700
20240129,09:47:12,849.75,50,162950
20240129,09:47:17,850.0,50,162950
20240129,09:47:19,850.0,50,162950
20240129,09:47:22,848.4,100,162950
20240129,09:47:50,846.95,100,162950
20240129,09:48:04,850.0,200,162950
20240129,09:48:51,850.0,200,162950
20240129,09:48:55,850.15,1800,162950
20240129,09:49:10,848.25,100,162950
20240129,09:49:40,844.95,50,162950
20240129,09:49:51,844.5,50,162950
20240129,09:49:56,844.5,100,162950
20240129,09:50:04,851.75,100,162950
20240129,09:50:34,852.0,250,165350
20240129,09:50:43,855.0,100,165350
20240129,09:51:03,852.8,100,165350
20240129,09:52:02,855.0,200,165350
20240129,09:52:38,850.0,550,165350
20240129,09:52:39,850.0,1250,165350
20240129,09:54:20,839.25,100,167550
20240129,09:54:26,838.25,400,167550
20240129,09:54:27,835.0,1800,167550
20240129,09:55:04,850.25,100,167550
20240129,09:55:25,839.95,100,167550
20240129,09:57:42,867.0,300,169350
20240129,09:57:52,867.0,100,169350
20240129,09:58:17,875.0,50,169350
20240129,09:58:43,888.05,100,169350
20240129,09:58:44,888.05,350,169350
20240129,09:59:14,900.0,100,169250
20240129,09:59:16,901.85,100,169250
20240129,09:59:43,905.1,100,169250
20240129,10:00:19,905.95,150,169250
20240129,10:00:34,917.7,50,169250
20240129,10:01:21,917.7,50,169250
20240129,10:01:29,906.0,1800,169250
20240129,10:01:41,906.0,1800,169250
20240129,10:09:20,885.0,100,172850
20240129,10:09:36,887.0,50,172850
20240129,10:09:53,884.7,50,172850
20240129,10:10:23,876.55,100,172850
20240129,10:10:25,884.05,50,172850
20240129,10:10:28,887.0,50,172850
20240129,10:10:29,887.0,1700,172850
20240129,10:10:36,890.0,50,172850
20240129,10:13:09,899.5,150,174900
20240129,10:14:24,891.75,100,174900
20240129,10:14:38,890.0,50,174900
20240129,10:15:24,899.0,100,174900
20240129,10:15:36,901.7,50,174900
20240129,10:16:38,901.7,1800,174900
20240129,10:17:31,906.7,150,176850
20240129,10:18:36,896.0,100,176850
20240129,10:18:41,896.0,50,176850
20240129,10:18:50,894.25,50,176850
20240129,10:20:43,899.7,50,177000
20240129,10:21:19,898.3,400,177000
20240129,10:26:49,904.0,50,177000
20240129,10:26:59,898.85,200,177150
20240129,10:28:30,890.75,150,177150
20240129,10:29:26,895.7,150,177100
20240129,10:30:29,889.0,50,177100
20240129,10:31:12,890.65,300,177100
20240129,10:31:50,889.0,300,177100
20240129,10:32:57,886.0,300,177800
20240129,10:33:30,891.0,300,177800
20240129,10:33:55,892.0,250,177800
20240129,10:34:29,890.0,250,177800
20240129,10:34:30,890.0,150,177800
20240129,10:34:57,898.65,100,177800
20240129,10:35:35,900.0,100,178250
20240129,10:35:42,898.1,200,178250
20240129,10:35:51,900.0,100,178250
20240129,10:36:01,898.1,1600,178250
20240129,10:36:18,899.6,100,178250
20240129,10:36:19,898.1,1800,178250
20240129,10:36:33,898.6,200,178250
20240129,10:36:42,898.1,50,178250
20240129,10:37:00,898.1,1800,178250
20240129,10:37:22,905.0,200,178250
20240129,10:37:32,905.0,200,178250
20240129,10:37:43,908.0,200,178250
20240129,10:38:00,908.0,50,178250
20240129,10:38:03,903.0,400,178250
20240129,10:38:19,904.45,100,175600
20240129,10:39:11,902.0,100,175600
20240129,10:39:41,909.8,100,175600
20240129,10:40:06,905.9,50,175600
20240129,10:40:52,904.8,150,175600
20240129,10:41:07,905.0,1800,175600
20240129,10:41:31,905.0,1800,173850
20240129,10:41:57,908.65,100,173850
20240129,10:42:13,905.75,50,173850
20240129,10:44:05,891.5,50,173850
20240129,10:51:47,900.1,100,171900
20240129,10:52:04,899.7,50,171900
20240129,10:56:39,904.0,450,171900
20240129,10:57:02,904.0,1800,171900
20240129,10:57:45,911.65,100,171900
20240129,11:06:50,918.45,100,173600
20240129,11:08:17,915.0,50,173600
20240129,11:09:40,915.0,50,173650
20240129,11:10:43,910.05,250,173650
20240129,11:13:40,910.0,350,173650
20240129,11:15:18,910.55,100,173700
20240129,11:19:47,880.25,150,173400
20240129,11:20:44,898.0,100,173400
20240129,11:21:30,875.45,150,173400
20240129,11:21:58,865.45,250,173400
20240129,11:22:01,866.35,250,173400
20240129,11:22:21,866.35,50,173400
20240129,11:23:49,851.1,50,173400
20240129,11:24:52,865.3,100,173400
20240129,11:24:53,863.1,300,173400
20240129,11:24:54,863.1,100,173400
20240129,11:30:21,916.2,50,173750
20240129,11:30:22,912.6,50,173750
20240129,11:30:47,916.1,150,173750
20240129,11:36:16,897.4,150,173700
20240129,11:36:30,900.0,100,173700
20240129,11:55:02,929.75,50,173700
20240129,12:15:19,929.75,50,173700
20240129,12:37:48,936.7,50,173700
20240129,12:38:02,937.25,50,173700
20240129,12:39:12,945.35,100,173700
20240129,12:39:34,945.35,100,173700
20240129,12:42:32,939.0,50,173700
20240129,12:45:34,948.0,50,173700
20240129,12:48:30,950.1,1600,173750
20240129,12:50:13,950.1,50,173750
20240129,12:50:25,951.0,50,173750
20240129,12:53:34,951.3,100,172150
20240129,12:56:39,952.0,100,172150
20240129,12:58:28,956.0,50,172150
20240129,12:58:31,956.0,50,172150
20240129,12:59:08,962.75,50,172150
20240129,12:59:15,965.0,50,172150
20240129,12:59:25,965.0,100,172150
20240129,13:00:13,974.15,250,172000
20240129,13:01:00,974.15,100,172000
20240129,13:02:30,962.85,50,172000
20240129,13:03:06,960.35,50,171700
20240129,13:08:03,959.3,100,171700
20240129,13:11:54,957.4,50,171700
20240129,13:17:39,955.7,150,171700
20240129,13:19:50,937.95,150,171700
20240129,13:19:59,941.65,150,171700
20240129,13:22:12,950.0,150,171700
20240129,13:24:17,936.75,50,171700
20240129,13:29:57,942.9,50,171700
20240129,13:36:40,960.0,50,171700
20240129,13:37:44,957.55,50,171700
20240129,13:52:05,977.9,50,171700
20240129,13:52:16,977.9,50,171700
20240129,13:52:20,976.3,50,171700
20240129,13:53:26,977.85,50,171700
20240129,13:53:38,980.65,50,171700
20240129,13:53:41,980.65,50,171700
20240129,13:54:15,976.3,50,171700
20240129,13:55:00,970.0,50,171700
20240129,13:59:46,978.05,50,171700
20240129,13:59:51,976.4,50,171700
20240129,14:01:44,991.7,50,171700
20240129,14:01:46,991.7,50,171700
20240129,14:02:03,987.4,50,171700
20240129,14:04:49,991.0,50,171700
20240129,14:05:17,981.05,50,171700
20240129,14:08:17,980.0,50,171650
20240129,14:09:47,978.4,100,171650
20240129,14:17:57,964.4,50,171650
20240129,14:20:45,973.85,100,171650
20240129,14:24:55,971.6,50,171550
20240129,14:26:44,970.0,50,171550
20240129,14:26:47,972.0,100,171550
20240129,14:28:02,969.0,50,171550
20240129,14:29:02,966.65,100,171550
20240129,14:30:09,969.2,150,171550
20240129,14:35:34,957.8,50,171400
20240129,14:37:17,970.45,50,171400
20240129,14:38:49,980.5,50,171400
20240129,14:40:44,998.0,50,171400
20240129,14:41:35,998.0,50,171400
20240129,14:42:21,994.0,100,171400
20240129,14:42:22,993.7,50,171350
20240129,14:44:57,980.0,50,171350
20240129,14:46:41,992.75,50,171450
20240129,14:46:48,991.95,50,171450
20240129,14:48:21,986.85,200,171400
20240129,14:49:26,982.0,50,171400
20240129,14:49:32,985.0,50,171400
20240129,14:50:24,987.0,200,171400
20240129,14:51:41,990.35,300,171150
20240129,14:51:42,990.2,100,171150
20240129,14:51:45,990.25,200,171150
20240129,14:51:52,991.05,50,171150
20240129,14:51:53,985.75,50,171150
20240129,14:51:56,985.1,150,171150
20240129,14:51:57,985.85,100,171150
20240129,14:51:59,985.85,200,171150
20240129,14:52:03,983.8,100,171150
20240129,14:57:43,981.0,50,171100
20240129,14:58:19,965.0,50,171100
20240129,14:58:24,959.5,150,171100
20240129,14:58:36,941.05,50,171100
20240129,14:58:42,943.5,150,171100
20240129,14:58:59,930.3,150,171100
20240129,14:59:04,932.4,150,171100
20240129,14:59:28,947.2,150,171100
20240129,14:59:29,951.5,100,171100
20240129,14:59:36,951.9,150,171100
20240129,14:59:50,952.95,700,171100
20240129,14:59:53,952.45,150,171100
20240129,15:00:19,955.8,150,171150
20240129,15:00:21,959.5,150,171150
20240129,15:00:22,955.65,100,171150
20240129,15:00:23,957.75,250,171150
20240129,15:00:53,934.25,150,171150
20240129,15:02:26,971.6,50,171150
20240129,15:05:51,954.2,50,171050
20240129,15:05:54,954.5,250,171050
20240129,15:06:11,954.55,50,171050
20240129,15:10:03,972.6,50,171050
20240129,15:10:08,982.55,50,171050
20240129,15:10:10,983.3,50,171050
20240129,15:14:27,961.8,250,171050
20240129,15:17:36,962.95,50,171050
20240129,15:17:41,963.7,50,171050
20240129,15:19:11,971.9,50,171100
20240129,15:20:54,988.0,50,171100
20240129,15:20:57,986.8,50,171100
20240129,15:22:17,997.4,50,171100
20240129,15:22:18,996.65,150,171100
20240129,15:22:21,996.15,50,171100
20240129,15:22:22,995.85,50,171100
20240129,15:22:36,995.95,50,171100
20240129,15:23:10,1005.0,50,171100
20240129,15:23:12,1005.15,50,171100
20240129,15:23:13,1005.15,100,171100
20240129,15:23:42,1009.75,100,171100
20240129,15:24:08,1009.75,50,171050
20240129,15:25:21,1003.45,150,171050
20240129,15:26:16,1007.4,50,171050
20240129,15:27:37,1005.3,850,171000
20240129,15:29:13,1005.3,100,171000
20240130,09:15:19,1055.0,1,171000
20240130,09:15:19,1055.0,100,171000
20240130,09:16:23,1052.0,100,171000
20240130,09:17:58,1042.0,50,171000
20240130,09:20:26,1033.6,100,170950
20240130,09:20:31,1033.6,50,170950
20240130,09:28:34,965.0,50,170800
20240130,09:28:39,965.0,100,170800
20240130,09:31:11,965.0,50,170750
20240130,09:35:46,985.45,50,170750
20240130,09:36:36,985.0,50,170750
20240130,09:37:11,997.6,50,170750
20240130,09:37:15,997.6,100,170750
20240130,09:37:41,985.0,300,170750
20240130,09:37:47,985.0,200,170750
20240130,09:41:01,995.0,250,170150
20240130,09:41:34,1000.0,250,169900
20240130,09:41:35,1001.55,50,169900
20240130,09:42:44,1025.05,50,169900
20240130,09:43:55,1033.0,850,169900
20240130,09:43:56,1033.0,250,169900
20240130,09:44:08,1030.0,250,169900
20240130,09:45:06,1030.0,200,168200
20240130,09:46:33,1010.0,300,168200
20240130,09:48:08,1000.45,100,167700
20240130,09:48:43,995.0,300,167700
20240130,09:52:26,995.0,500,167300
20240130,09:52:46,995.0,100,167300
20240130,09:53:51,980.0,500,166700
20240130,09:54:47,970.0,250,166700
20240130,09:56:22,968.0,50,165950
20240130,09:57:55,975.0,250,165950
20240130,10:03:21,1002.0,50,165700
20240130,10:04:09,1005.4,50,165700
20240130,10:04:20,1005.4,150,165700
20240130,10:05:09,1010.0,400,165700
20240130,10:06:30,995.0,400,165200
20240130,10:07:58,1000.0,300,165200
20240130,10:08:22,1000.0,300,164500
20240130,10:12:27,1003.0,200,164200
20240130,10:14:05,1015.0,200,164200
20240130,10:18:14,987.0,300,163800
20240130,10:19:07,992.7,100,163800
20240130,10:23:23,978.8,250,163800
20240130,10:23:31,978.8,200,163800
20240130,10:29:17,968.55,50,163850
20240130,10:31:15,979.65,50,163850
20240130,10:37:27,985.0,100,163850
20240130,10:37:29,985.0,100,163850
20240130,10:39:55,981.2,50,163750
20240130,11:07:26,909.2,250,163750
20240130,11:09:56,906.15,50,163650
20240130,11:10:20,906.15,50,163650
20240130,11:10:50,916.05,50,163650
20240130,11:11:18,910.0,250,163650
20240130,11:12:01,914.9,50,163450
20240130,11:24:33,909.25,50,163400
20240130,12:36:24,945.6,50,163400
20240130,12:38:41,947.55,100,163400
20240130,12:47:24,909.25,50,163350
20240130,13:16:26,905.0,250,163350
20240130,13:26:32,905.0,250,163350
20240130,13:53:40,902.55,50,163350
20240130,14:05:12,901.45,100,163350
20240130,14:13:14,880.0,100,163400
20240130,14:20:13,871.2,250,163300
20240130,14:29:07,846.4,300,163350
20240130,14:29:13,843.95,100,163350
20240130,14:38:08,786.55,250,163350
20240130,14:38:17,786.55,200,163350
20240130,14:41:05,790.0,300,163250
20240130,14:42:13,784.85,50,163250
20240130,14:42:27,784.85,150,163250
20240130,14:43:45,789.05,50,163250
20240130,14:45:03,779.15,100,163150
20240130,14:50:21,779.15,50,163150
20240130,14:53:21,792.55,50,163150
20240130,14:54:17,774.0,50,163200
20240130,14:54:24,773.2,100,163200
20240130,14:54:35,769.15,50,163200
20240130,14:54:41,769.15,50,163200
20240130,14:55:07,768.0,50,163200
20240130,14:56:06,762.55,100,163200
20240130,14:56:11,762.0,7900,163200
20240130,14:59:36,762.0,50,155350
20240130,15:00:20,778.4,150,155350
20240130,15:00:26,790.75,150,155350
20240130,15:01:39,730.0,50,155350
20240130,15:02:01,730.0,50,155350
20240130,15:02:03,734.0,50,155350
20240130,15:02:06,732.65,50,155350
20240130,15:04:04,746.0,150,155300
20240130,15:06:12,730.0,150,155300
20240130,15:08:31,739.0,150,155150
20240130,15:09:19,732.3,50,155000
20240130,15:12:00,735.05,50,155000
20240130,15:14:33,753.0,50,155000
20240130,15:14:35,759.2,50,155000
20240130,15:14:57,761.7,200,155000
20240130,15:14:58,762.9,200,155000
20240130,15:15:33,762.9,100,155250
20240130,15:16:07,760.0,50,155250
20240130,15:17:23,776.15,150,155250
20240130,15:17:24,773.9,50,155250
20240130,15:19:08,759.5,50,155200
20240130,15:19:28,755.6,150,155200
20240130,15:19:46,754.0,50,155200
20240130,15:20:56,762.0,50,155200
20240130,15:21:30,766.45,50,155200
20240130,15:21:47,768.4,50,155200
20240130,15:22:01,768.4,50,155200
20240130,15:24:27,760.0,50,155200
20240130,15:24:39,757.55,50,155200
20240130,15:25:03,765.15,200,155200
20240130,15:26:01,761.5,50,155200
20240130,15:26:13,764.4,50,155200
20240130,15:27:30,758.05,350,155200
20240130,15:28:34,751.05,100,155200
20240130,15:29:36,752.45,50,155200
20240131,09:15:12,727.55,1,155100
20240131,09:15:12,727.55,50,155100
20240131,09:15:17,713.45,50,155100
20240131,09:15:33,713.45,50,155100
20240131,09:15:41,718.35,50,155100
20240131,09:16:17,719.0,100,155100
20240131,09:16:44,720.0,100,155100
20240131,09:17:21,717.35,50,155050
20240131,09:17:59,707.9,50,155050
20240131,09:18:39,707.9,50,155050
20240131,09:18:40,729.35,300,155050
20240131,09:18:43,731.15,50,155050
20240131,09:18:50,731.65,50,155050
20240131,09:22:44,731.65,50,155200
20240131,09:23:20,710.35,50,155250
20240131,09:23:29,712.0,100,155250
20240131,09:24:40,734.0,250,155250
20240131,09:24:58,734.0,150,155250
20240131,09:25:17,728.1,50,155250
20240131,09:26:16,736.1,100,155250
20240131,09:29:07,757.85,50,154850
20240131,09:30:00,770.6,150,154850
20240131,09:30:06,770.6,100,154850
20240131,09:30:07,768.2,100,154850
20240131,09:32:15,742.5,300,154850
20240131,09:34:19,770.1,250,155100
20240131,09:35:00,788.6,400,155100
20240131,09:35:19,788.6,50,155100
20240131,09:40:33,788.6,100,154850
20240131,09:43:01,800.15,50,154850
20240131,09:44:00,822.4,50,154850
20240131,09:46:23,822.4,50,154850
20240131,09:52:15,799.65,50,154850
20240131,09:55:24,785.55,250,154900
20240131,09:55:42,804.4,250,154900
20240131,09:59:00,804.4,50,154900
20240131,10:00:10,798.85,100,154900
20240131,10:01:32,780.45,250,154900
20240131,10:01:47,771.6,150,154900
20240131,10:02:00,773.6,50,154900
20240131,10:02:36,771.6,50,155250
20240131,10:02:50,771.9,50,155250
20240131,10:03:44,797.6,300,155250
20240131,10:03:56,799.5,50,155250
20240131,10:05:31,816.0,50,154900
20240131,10:05:32,816.5,50,154900
20240131,10:05:43,810.45,200,154900
20240131,10:07:39,829.65,50,154900
20240131,10:07:55,829.65,50,154900
20240131,10:11:53,818.55,50,154800
20240131,10:12:16,818.45,50,154800
20240131,10:12:24,822.1,50,154800
20240131,10:14:33,830.1,50,154750
20240131,10:15:09,833.15,50,154750
20240131,10:25:45,833.15,100,154800
20240131,10:27:17,849.65,100,154700
20240131,10:29:58,849.65,1800,154750
20240131,10:36:25,878.85,50,156550
20240131,10:40:55,889.0,1800,156550
20240131,10:50:07,889.0,50,158350
20240131,10:50:11,869.5,300,158350
20240131,10:51:22,864.0,150,158100
20240131,10:58:51,880.0,1800,158100
20240131,11:04:12,881.15,150,159900
20240131,11:06:06,903.1,200,159800
20240131,11:06:07,903.1,100,159800
20240131,11:07:08,913.15,50,159800
20240131,11:08:32,920.0,1800,159800
20240131,11:09:02,920.0,50,160100
20240131,11:09:21,915.2,50,160100
20240131,11:17:40,900.0,50,160100
20240131,11:20:52,905.0,50,161900
20240131,11:21:23,905.0,1750,161850
20240131,11:32:13,943.3,50,163650
20240131,11:33:31,943.3,50,163600
20240131,11:40:58,950.0,50,163600
20240131,11:48:22,950.0,50,163600
20240131,11:49:43,940.0,50,163600
20240131,11:59:23,946.0,300,163600
20240131,12:00:12,943.7,50,163300
20240131,12:08:27,956.6,100,163300
20240131,12:11:12,956.6,250,163300
20240131,12:13:42,947.9,150,163300
20240131,12:16:38,942.15,100,163300
20240131,12:16:57,923.15,100,163300
20240131,12:20:58,934.9,250,163300
20240131,12:22:19,938.8,50,163300
20240131,12:23:54,944.85,50,163350
20240131,12:28:08,902.2,100,163350
20240131,12:30:01,898.95,50,163300
20240131,12:39:03,903.2,50,163350
20240131,12:39:26,900.0,50,163350
20240131,12:46:12,870.35,50,163400
20240131,12:51:04,874.0,100,163400
20240131,12:58:16,870.0,50,163300
20240131,13:10:29,897.0,50,163250
20240131,13:23:43,919.25,100,163250
20240131,13:35:29,936.05,50,163250
20240131,13:36:48,919.95,50,163200
20240131,13:40:27,900.0,50,163150
20240131,13:44:54,896.85,50,163100
20240131,13:54:08,907.05,450,163100
20240131,14:20:08,905.0,50,162700
20240131,14:32:11,883.0,50,162750
20240131,14:33:24,893.6,50,162700
20240131,14:34:39,905.0,50,162700
20240131,14:44:34,930.45,50,162650
20240131,14:47:32,933.2,50,162650
20240131,14:54:11,910.0,3400,162600
20240131,14:56:19,908.0,50,162600
20240131,15:05:42,963.85,50,159250
20240131,15:08:13,963.85,100,159250
20240131,15:08:59,930.85,50,159250
20240131,15:10:07,932.0,50,159200
20240131,15:16:59,937.0,50,159200
20240131,15:19:24,923.9,200,159200
20240131,15:23:21,923.3,50,159200
20240131,15:25:43,921.8,100,159200
20240131,15:26:21,927.1,50,159200
20240131,15:26:36,926.35,50,159200
20240131,15:28:29,921.0,50,159100
20240131,15:28:37,920.0,50,159100
20240201,09:15:29,919.45,1,159000
20240201,09:15:29,919.4,150,159000
20240201,09:15:51,928.4,50,159000
20240201,09:15:56,928.4,50,159000
20240201,09:16:26,940.0,150,159000
20240201,09:16:30,940.0,200,159000
20240201,09:16:41,937.65,50,159000
20240201,09:18:54,915.45,200,159100
20240201,09:23:18,937.0,50,158900
20240201,09:23:39,931.25,50,158900
20240201,09:24:05,922.95,50,158900
20240201,09:24:32,909.85,100,158900
20240201,09:28:22,913.95,50,158900
20240201,09:29:00,926.45,50,158900
20240201,09:29:02,926.1,50,158900
20240201,09:29:11,925.4,50,158900
20240201,09:29:12,923.55,100,158900
20240201,09:29:14,919.6,100,158900
20240201,09:29:16,919.1,50,158900
20240201,09:29:18,917.9,50,158900
20240201,09:29:20,912.25,50,158900
20240201,09:29:22,911.75,50,158900
20240201,09:29:23,911.8,50,158850
20240201,09:29:28,910.95,50,158850
20240201,09:29:32,909.0,50,158850
20240201,09:29:52,904.85,50,158850
20240201,09:29:57,900.4,50,158850
20240201,09:30:02,900.4,50,158850
20240201,09:30:25,907.4,50,158850
20240201,09:31:08,902.35,150,158850
20240201,09:31:12,903.65,50,158850
20240201,09:31:41,901.25,50,158850
20240201,09:32:33,910.95,100,158750
20240201,09:33:37,919.25,100,158750
20240201,09:34:25,935.0,100,158750
20240201,09:35:28,922.6,50,158650
20240201,09:35:37,924.45,50,158650
20240201,09:35:39,921.75,50,158650
20240201,09:35:44,915.4,50,158650
20240201,09:35:59,911.45,50,158650
20240201,09:36:18,910.85,50,158650
20240201,09:36:23,910.7,50,158650
20240201,09:36:24,906.9,150,158650
20240201,09:36:25,907.3,50,158650
20240201,09:36:26,905.4,100,158650
20240201,09:36:49,900.2,50,158650
20240201,09:37:08,900.2,50,158650
20240201,09:37:10,899.15,50,158650
20240201,09:38:49,899.15,50,158650
20240201,09:39:16,899.45,50,158650
20240201,09:39:33,893.6,50,158650
20240201,09:39:34,891.3,50,158650
20240201,09:46:05,891.3,50,158650
20240201,09:46:15,945.35,50,158650
20240201,09:46:16,938.8,50,158650
20240201,09:46:24,940.3,50,158650
20240201,09:46:32,935.75,50,158650
20240201,09:46:44,938.55,50,158650
20240201,09:48:55,938.0,50,158600
20240201,09:50:55,938.55,50,158600
20240201,09:52:10,927.6,100,158600
20240201,09:52:59,930.4,100,158600
20240201,09:53:16,930.9,50,158600
20240201,09:54:28,936.3,50,158600
20240201,10:00:36,940.0,200,158600
20240201,10:02:33,925.0,50,158400
20240201,10:02:45,927.45,50,158400
20240201,10:03:22,915.0,100,158400
20240201,10:03:26,910.0,50,158400
20240201,10:06:30,940.0,50,158150
20240201,10:06:59,943.0,50,158150
20240201,10:07:01,940.0,50,158150
20240201,10:07:19,940.0,50,158150
20240201,10:07:29,945.0,50,158150
20240201,10:07:31,943.7,100,158150
20240201,10:07:36,940.0,50,158150
20240201,10:07:51,955.0,50,158150
20240201,10:10:37,969.2,50,157950
20240201,10:10:38,969.2,50,157950
20240201,10:10:40,960.0,50,157950
20240201,10:10:47,969.7,50,157950
20240201,10:10:52,969.7,50,157950
20240201,10:11:02,969.7,200,157950
20240201,10:13:25,970.0,50,157700
20240201,10:14:30,975.0,50,157650
20240201,10:14:32,975.0,100,157650
20240201,10:14:43,967.5,50,157650
20240201,10:14:59,965.0,150,157650
20240201,10:15:25,962.5,50,157650
20240201,10:15:29,960.0,50,157650
20240201,10:15:33,960.0,200,157650
20240201,10:15:47,957.5,50,157650
20240201,10:16:10,955.0,50,157650
20240201,10:16:30,952.5,50,157650
20240201,10:17:05,950.0,50,157650
20240201,10:19:06,965.0,50,157000
20240201,10:20:44,965.0,50,156950
20240201,10:21:01,962.5,50,156950
20240201,10:21:03,960.0,50,156950
20240201,10:21:24,957.5,50,156950
20240201,10:22:13,955.0,50,156950
20240201,10:23:05,960.0,50,156950
20240201,10:23:16,961.85,100,156950
20240201,10:23:31,957.5,50,156650
20240201,10:23:35,955.0,50,156650
20240201,10:25:46,960.0,50,156650
20240201,10:27:13,970.0,50,156650
20240201,10:27:17,967.5,50,156500
20240201,10:27:44,965.0,50,156500
20240201,10:27:48,962.5,50,156500
20240201,10:30:06,970.0,50,156300
20240201,10:30:07,967.5,50,156300
20240201,10:32:04,970.0,50,156300
20240201,10:32:21,967.5,50,156300
20240201,10:32:31,969.7,50,156300
20240201,10:33:06,965.0,50,156100
20240201,10:33:42,971.2,50,156100
20240201,10:34:21,975.9,50,156100
20240201,10:35:15,975.9,50,156100
20240201,10:35:46,972.55,50,155850
20240201,10:35:52,973.7,50,155850
20240201,10:36:22,979.0,50,155850
20240201,10:37:10,979.0,50,155850
20240201,10:37:19,972.55,50,155850
20240201,10:37:38,967.5,50,155850
20240201,10:38:19,973.55,50,155850
20240201,10:38:51,973.15,50,155600
20240201,10:39:17,974.45,50,155600
20240201,10:40:05,965.0,50,155600
20240201,10:40:42,962.5,50,155600
20240201,10:41:37,965.0,50,155400
20240201,10:41:59,962.5,50,155400
20240201,10:42:33,971.35,50,155400
20240201,10:43:06,965.0,50,155400
20240201,10:43:14,962.5,50,155400
20240201,10:44:33,970.0,50,155150
20240201,10:44:39,967.5,50,155150
20240201,10:45:45,967.5,50,155150
20240201,10:47:40,970.0,50,155000
20240201,10:50:22,967.95,50,155000
20240201,10:50:53,974.95,50,154950
20240201,10:51:16,970.0,50,154950
20240201,10:51:18,967.5,50,154950
20240201,10:53:09,970.0,50,154950
20240201,10:54:11,970.0,50,154750
20240201,10:56:48,980.0,50,154700
20240201,10:56:50,980.0,50,154700
20240201,10:56:55,975.0,50,154700
20240201,10:56:58,972.5,50,154700
20240201,10:57:12,970.0,50,154700
20240201,10:57:15,965.0,100,154700
20240201,10:57:17,960.0,100,154700
20240201,10:57:18,957.5,50,154700
20240201,10:58:05,977.75,100,154700
20240201,11:03:37,1003.35,50,154150
20240201,11:06:30,1003.35,50,154100
20240201,11:06:43,977.5,50,154100
20240201,11:06:53,980.55,150,154100
20240201,11:06:55,975.0,100,154100
20240201,11:06:56,970.0,100,154100
20240201,11:07:03,944.55,150,154100
20240201,11:10:01,985.0,50,153700
20240201,11:11:06,985.0,50,153700
20240201,11:11:38,985.7,100,153600
20240201,11:12:00,989.6,100,153600
20240201,11:12:24,980.0,50,153600
20240201,11:12:26,975.0,50,153600
20240201,11:13:19,976.05,50,153600
20240201,11:15:13,979.0,50,153500
20240201,11:16:47,931.1,150,153500
20240201,11:16:48,925.65,2500,153500
20240201,11:16:49,899.1,2300,153500
20240201,11:17:07,895.0,500,153500
20240201,11:17:09,868.15,100,153500
20240201,11:17:10,868.15,250,153500
20240201,11:17:11,871.8,250,153500
20240201,11:17:20,852.15,100,153500
20240201,11:17:28,852.15,50,153500
20240201,11:17:32,861.25,50,153500
20240201,11:17:43,865.5,100,153050
20240201,11:18:28,894.15,50,153050
20240201,11:18:49,920.1,100,153050
20240201,11:18:50,913.8,150,153050
20240201,11:18:54,907.2,50,153050
20240201,11:18:57,913.1,200,153050
20240201,11:19:13,918.95,100,153050
20240201,11:19:14,916.3,50,153050
20240201,11:19:16,917.1,50,153050
20240201,11:19:17,916.05,50,153050
20240201,11:19:20,927.25,50,153050
20240201,11:19:23,920.45,50,153050
20240201,11:19:25,920.15,50,153050
20240201,11:19:26,923.65,100,153050
20240201,11:19:43,923.9,50,153050
20240201,11:19:44,920.25,50,153050
20240201,11:19:47,926.25,50,153050
20240201,11:19:48,927.85,50,153050
20240201,11:19:56,920.5,50,153050
20240201,11:20:04,922.65,50,153050
20240201,11:20:20,922.25,50,153050
20240201,11:20:22,919.35,50,153050
20240201,11:20:25,914.35,100,153050
20240201,11:20:30,920.3,100,153050
20240201,11:20:32,915.5,100,153050
20240201,11:20:35,916.3,50,153050
20240201,11:22:24,926.35,50,153000
20240201,11:23:07,920.0,500,153000
20240201,11:24:08,934.3,250,152450
20240201,11:24:39,922.85,50,152450
20240201,11:31:32,933.3,300,152500
20240201,11:35:12,929.5,50,152200
20240201,11:38:00,947.35,50,152200
20240201,11:39:52,950.3,50,152150
20240201,11:44:20,941.25,50,152100
20240201,11:46:28,935.6,200,152100
20240201,11:46:52,952.2,300,152100
20240201,11:46:56,956.5,700,152100
20240201,11:46:58,954.05,250,152100
20240201,11:46:59,952.2,100,152100
20240201,11:47:01,951.4,300,152100
20240201,11:47:05,954.1,100,152100
20240201,11:47:23,946.35,500,152100
20240201,11:47:39,942.7,200,152100
20240201,11:47:52,942.55,100,152150
20240201,11:48:13,938.9,250,152150
20240201,11:48:27,938.6,1650,152150
20240201,11:48:33,936.1,150,152150
20240201,11:48:34,935.8,250,152150
20240201,11:48:39,935.7,500,152150
20240201,11:48:41,937.2,100,152150
20240201,11:48:44,937.8,150,152150
20240201,11:48:51,936.45,600,152150
20240201,11:49:03,940.05,500,152150
20240201,11:49:17,940.9,400,152150
20240201,11:49:23,940.0,250,152150
20240201,11:49:38,944.05,400,152150
20240201,11:49:40,942.25,250,152150
20240201,11:49:46,941.6,250,152150
20240201,11:49:49,940.3,250,152150
20240201,11:50:01,945.45,700,152150
20240201,11:50:03,944.7,550,152150
20240201,11:50:04,942.2,50,152150
20240201,11:50:26,952.75,1050,152150
20240201,11:50:28,952.8,250,152150
20240201,11:50:29,952.3,250,152150
20240201,11:50:36,952.65,750,152150
20240201,11:50:38,959.3,100,152150
20240201,11:50:40,957.7,500,152150
20240201,11:50:42,956.15,350,152150
20240201,11:50:45,955.35,550,152050
20240201,11:50:46,960.1,200,152050
20240201,11:50:51,960.65,1000,152050
20240201,11:50:52,959.6,1350,152050
20240201,11:50:53,955.35,1850,152050
20240201,11:50:57,952.65,250,152050
20240201,11:51:02,958.05,250,152050
20240201,11:51:03,956.75,1850,152050
20240201,11:51:05,954.65,900,152050
20240201,11:51:10,952.9,750,152050
20240201,11:51:17,949.95,100,152050
20240201,11:51:21,946.75,1100,152050
20240201,11:51:31,954.3,100,152050
20240201,11:51:32,953.05,650,152050
20240201,11:51:33,952.3,550,152050
20240201,11:51:35,950.8,750,152050
20240201,11:51:36,950.4,200,152050
20240201,11:51:40,951.85,350,152050
20240201,11:51:41,950.2,350,152050
20240201,11:52:01,956.2,50,152050
20240201,11:52:40,965.25,50,152050
20240201,11:52:46,962.25,100,152050
20240201,11:52:59,958.2,250,152050
20240201,11:53:08,957.7,250,152050
20240201,11:53:13,957.85,100,152050
20240201,11:53:23,962.3,50,152050
20240201,11:53:33,961.45,50,152050
20240201,11:53:55,967.95,100,152050
20240201,11:54:02,966.25,250,152050
20240201,11:56:23,933.6,50,152050
20240201,11:56:31,926.55,150,152050
20240201,11:56:50,930.25,50,152150
20240201,11:57:13,940.5,50,152150
20240201,11:58:19,917.65,50,152150
20240201,11:58:29,898.55,100,152150
20240201,11:58:36,899.0,350,152150
20240201,11:58:41,905.25,150,152150
20240201,11:58:42,907.65,50,152150
20240201,11:58:45,909.75,50,152150
20240201,11:58:51,908.1,50,152150
20240201,11:59:02,904.3,50,152150
20240201,11:59:03,909.15,100,152150
20240201,11:59:09,920.45,250,152150
20240201,11:59:13,918.85,50,152150
20240201,11:59:14,917.65,50,152150
20240201,11:59:34,920.8,100,152150
20240201,11:59:36,923.6,50,152150
20240201,11:59:49,922.75,50,152200
20240201,12:00:18,928.05,50,152200
20240201,12:01:00,930.4,50,152200
20240201,12:01:15,922.75,50,152200
20240201,12:01:49,912.55,50,152200
20240201,12:02:42,900.45,1000,152200
20240201,12:02:50,880.0,50,152150
20240201,12:02:55,885.85,100,152150
20240201,12:03:25,871.8,50,152150
20240201,12:05:30,907.05,50,152150
20240201,12:05:39,911.8,100,152150
20240201,12:06:10,918.95,50,151000
20240201,12:06:36,919.15,100,151000
20240201,12:09:12,943.9,100,151100
20240201,12:10:10,949.05,550,151100
20240201,12:15:00,932.7,400,151100
20240201,12:15:13,932.7,100,151100
20240201,12:17:28,939.4,100,151100
20240201,12:21:59,910.0,50,150900
20240201,12:25:03,913.25,150,150850
20240201,12:25:46,922.1,50,150850
20240201,12:28:23,926.7,100,150650
20240201,12:31:09,920.75,100,150550
20240201,12:35:03,924.0,100,150550
20240201,12:36:48,930.25,800,150500
20240201,12:37:02,925.3,100,150500
20240201,12:37:12,929.4,1850,150500
20240201,12:37:38,936.15,1900,150500
20240201,12:37:50,937.0,1800,150500
20240201,12:38:12,929.75,1800,150500
20240201,12:38:18,926.8,100,150500
20240201,12:38:20,926.8,600,150500
20240201,12:38:40,927.0,800,150500
20240201,12:38:43,923.95,100,150500
20240201,12:40:38,925.0,1000,141000
20240201,12:40:46,922.55,50,141000
20240201,12:40:54,923.45,100,141000
20240201,12:41:44,929.7,1600,141000
20240201,12:42:04,926.4,1000,138450
20240201,12:42:16,927.35,1200,138450
20240201,12:42:17,927.35,600,138450
20240201,12:42:22,929.7,100,138450
20240201,12:42:34,929.7,1800,138450
20240201,12:42:47,927.7,1800,138450
20240201,12:43:03,930.4,950,138450
20240201,12:43:15,933.8,1600,138450
20240201,12:43:34,929.1,1750,138450
20240201,12:43:44,929.05,1300,138450
20240201,12:43:54,929.5,1800,138450
20240201,12:44:11,928.7,600,138450
20240201,12:44:35,925.85,1800,138450
20240201,12:44:37,924.9,150,138450
20240201,12:44:59,924.8,550,138450
20240201,12:47:33,942.0,100,122100
20240201,12:47:39,939.75,50,122100
20240201,12:48:02,949.7,50,121550
20240201,12:48:04,952.5,50,121550
20240201,12:48:06,950.6,150,121550
20240201,12:48:07,950.45,50,121550
20240201,12:48:23,946.9,50,121550
20240201,12:50:23,949.55,50,121550
20240201,12:50:26,949.55,100,121550
20240201,12:54:39,952.9,50,121450
20240201,12:55:03,956.2,50,121450
20240201,12:55:33,947.3,200,121450
20240201,12:55:37,945.2,100,121450
20240201,12:57:28,942.0,50,121200
20240201,12:58:06,930.0,50,121200
20240201,13:00:15,930.0,50,121100
20240201,13:01:07,913.3,50,121100
20240201,13:05:15,929.65,100,121000
20240201,13:06:36,931.0,50,120950
20240201,13:13:58,925.0,50,120900
20240201,13:14:54,921.9,50,120900
20240201,13:15:01,916.85,50,120850
20240201,13:18:29,919.85,200,120850
20240201,13:21:30,915.85,50,120550
20240201,13:26:50,905.35,100,120550
20240201,13:26:57,904.9,100,120500
20240201,13:28:34,886.75,250,120500
20240201,13:28:42,883.1,50,120500
20240201,13:28:53,894.4,50,120500
20240201,13:31:31,885.15,50,120200
20240201,13:31:36,877.15,50,120200
20240201,13:32:14,896.65,50,120200
20240201,13:40:27,888.8,650,120050
20240201,13:40:58,887.15,100,120050
20240201,13:44:38,905.85,50,119350
20240201,13:44:53,902.75,100,119350
20240201,13:46:52,898.55,100,119200
20240201,13:47:57,911.75,100,119200
20240201,13:49:28,910.0,50,119100
20240201,13:49:42,910.0,50,119100
20240201,13:51:30,912.5,100,118900
20240201,13:54:49,915.7,50,118800
20240201,13:56:01,905.0,200,118800
20240201,14:05:20,910.0,1000,118550
20240201,14:05:27,909.6,50,118550
20240201,14:12:42,922.95,400,117500
20240201,14:21:25,905.0,700,117100
20240201,14:24:17,914.6,500,116400
20240201,14:24:46,916.9,500,116400
20240201,14:25:22,914.55,500,116400
20240201,14:25:57,912.15,500,116400
20240201,14:26:12,913.25,500,116400
20240201,14:30:03,922.0,1000,113900
20240201,14:31:05,914.0,150,113900
20240201,14:31:10,914.0,100,113900
20240201,14:31:16,912.0,250,113900
20240201,14:31:26,914.0,200,113900
20240201,14:32:07,917.85,200,113900
20240201,14:34:19,915.5,1800,112200
20240201,14:34:24,914.5,1800,112200
20240201,14:34:28,914.0,2050,112200
20240201,14:34:34,912.0,250,112200
20240201,14:35:00,912.0,1800,112200
20240201,14:35:15,911.5,450,112200
20240201,14:35:32,911.5,1350,112200
20240201,14:35:39,907.8,1800,112200
20240201,14:36:48,907.8,1800,100950
20240201,14:38:04,907.8,3600,100950
20240201,14:38:34,904.0,50,100950
20240201,14:38:36,903.0,1800,100950
20240201,14:41:18,903.0,1800,100950
20240201,14:41:26,902.0,1800,93700
20240201,14:41:33,901.7,1800,93700
20240201,14:41:48,902.9,50,93700
20240201,14:41:56,900.75,1800,93700
20240201,14:42:17,901.3,200,87900
20240201,14:42:47,903.2,50,87900
20240201,14:43:00,903.85,50,87900
20240201,14:43:34,896.05,50,87900
20240201,14:45:03,894.05,50,87900
20240201,14:46:25,904.2,50,87550
20240201,14:48:19,905.0,100,87500
20240201,14:48:55,905.5,50,87500
20240201,14:50:35,916.6,150,87500
20240201,14:50:36,917.0,50,87500
20240201,14:50:50,918.2,50,87500
20240201,14:51:25,919.8,100,87500
20240201,14:54:38,923.15,50,87300
20240201,14:54:42,919.8,1800,87300
20240201,14:54:45,919.8,1600,87300
20240201,14:54:50,919.8,200,87300
20240201,14:55:07,917.65,50,87300
20240201,14:55:52,923.0,50,87300
20240201,14:56:17,928.7,50,87300
20240201,14:56:23,926.45,50,87300
20240201,14:56:27,925.95,350,87300
20240201,14:57:16,920.0,100,83200
20240201,14:59:49,927.55,50,83200
20240201,15:00:03,921.0,750,83200
20240201,15:00:06,920.0,100,83200
20240201,15:00:19,908.0,100,83200
20240201,15:00:24,909.65,1600,83050
20240201,15:00:25,910.0,300,83050
20240201,15:02:25,904.0,500,83050
20240201,15:03:02,900.0,500,83050
20240201,15:04:26,903.0,300,81550
20240201,15:07:21,902.2,50,81250
20240201,15:07:39,900.2,150,81250
20240201,15:07:41,900.75,50,81250
20240201,15:09:09,902.0,350,81250
20240201,15:10:19,901.95,50,81050
20240201,15:13:27,900.85,50,80650
20240201,15:13:37,900.85,350,80650
20240201,15:13:55,898.5,50,80650
20240201,15:15:25,894.95,300,80200
20240201,15:15:46,892.35,100,80200
20240201,15:16:12,894.55,50,80200
20240201,15:16:34,894.4,50,80200
20240201,15:16:42,894.65,50,80200
20240201,15:17:14,899.65,50,80200
20240201,15:19:39,896.55,50,79700
20240201,15:19:56,897.2,100,79700
20240201,15:20:35,897.55,150,79700
20240201,15:20:44,899.75,100,79700
20240201,15:20:56,898.0,100,79700
20240201,15:21:12,897.2,50,79700
20240201,15:21:15,897.2,50,79550
20240201,15:24:39,899.2,150,79550
20240201,15:26:41,897.8,100,79500
20240201,15:26:53,898.2,100,79500
20240201,15:27:48,898.0,50,79250
20240201,15:29:31,897.0,100,79250
