date,time,tick_price,volume,open_interest
20231201,09:21:09,311.75,50,50
20231201,09:23:49,312.0,50,50
20231201,09:24:38,312.0,50,50
20231201,09:28:39,290.0,50,150
20231201,09:29:51,298.5,50,200
20231201,09:35:20,294.0,50,250
20231201,09:35:43,292.0,50,250
20231201,09:35:50,290.0,200,250
20231201,09:36:20,289.0,50,250
20231201,09:38:53,288.0,100,550
20231201,09:40:47,288.0,250,550
20231201,09:49:18,288.0,50,900
20231201,09:49:33,287.95,50,900
20231201,09:51:32,285.8,50,950
20231201,09:53:06,282.95,50,950
20231201,09:54:11,280.3,100,1050
20231201,09:57:05,280.3,50,1150
20231201,10:00:10,280.3,100,1200
20231201,10:04:04,281.95,50,1300
20231201,10:05:33,283.0,50,1350
20231201,10:23:22,283.0,50,1400
20231201,10:24:56,279.05,50,1450
20231201,10:30:59,279.05,50,1400
20231201,10:44:27,280.0,250,1400
20231201,10:44:34,280.0,50,1400
20231201,10:47:58,280.0,50,1400
20231201,10:54:24,280.0,500,1450
20231201,10:58:19,277.0,50,1950
20231201,11:00:24,273.7,700,2000
20231201,11:01:28,271.0,800,2000
20231201,11:06:28,270.0,900,2000
20231201,11:06:36,270.0,600,3300
20231201,11:06:59,270.0,300,3300
20231201,11:14:56,269.8,450,5100
20231201,11:19:29,266.5,600,5500
20231201,11:32:07,266.5,100,6100
20231201,11:32:22,268.5,100,6100
20231201,11:32:52,269.0,100,6300
20231201,11:37:52,269.9,150,6400
20231201,11:38:22,269.9,300,6400
20231201,11:42:52,274.9,50,6400
20231201,11:46:06,274.7,50,6850
20231201,11:51:04,275.0,50,6850
20231201,11:51:17,282.8,450,6850
20231201,12:08:24,278.65,50,6900
20231201,12:23:13,278.65,50,6900
20231201,12:23:30,280.6,100,6900
20231201,12:39:51,273.35,50,7000
20231201,13:02:36,276.1,50,6950
20231201,13:02:37,276.2,50,6950
20231201,13:02:41,276.15,50,6950
20231201,13:02:44,276.1,50,6950
20231201,13:04:16,274.0,50,7000
20231201,13:14:54,271.75,100,7000
20231201,13:14:55,271.75,200,7000
20231201,13:16:19,271.55,50,7000
20231201,13:16:55,270.55,250,7000
20231201,13:18:56,272.5,150,7600
20231201,13:20:49,272.7,100,7600
20231201,13:22:22,272.25,200,7850
20231201,13:22:35,272.25,50,7850
20231201,13:24:40,272.75,200,8100
20231201,13:28:16,272.55,400,8300
20231201,13:37:36,271.9,100,8700
20231201,13:41:32,271.45,50,8700
20231201,13:52:32,271.0,100,8750
20231201,13:52:47,271.9,100,8750
20231201,13:55:39,276.9,100,8750
20231201,13:55:40,277.1,100,8950
20231201,13:56:02,276.7,100,8950
20231201,14:03:49,272.65,100,9050
20231201,14:04:34,272.65,100,9050
20231201,14:05:00,272.6,150,9050
20231201,14:05:17,272.0,50,9050
20231201,14:09:53,270.0,700,8950
20231201,14:10:28,269.7,50,8950
20231201,14:21:01,269.0,50,9700
20231201,14:27:07,270.0,50,9700
20231201,14:42:52,275.0,100,9750
20231201,14:44:34,275.0,200,9750
20231201,14:48:39,275.0,50,9950
20231201,14:51:19,275.0,250,9950
20231201,14:57:16,274.95,100,10200
20231201,14:58:00,274.3,50,10200
20231201,15:04:52,275.0,50,10250
20231201,15:04:58,275.0,50,10250
20231201,15:05:17,274.3,50,10250
20231201,15:05:26,274.0,250,10250
20231201,15:05:44,270.0,1100,10250
20231201,15:08:20,276.9,50,10250
20231201,15:08:29,276.8,100,11200
20231201,15:08:30,276.85,50,11200
20231201,15:09:17,276.85,50,11050
20231201,15:09:25,276.9,50,11050
20231201,15:09:26,276.9,100,11050
20231201,15:09:31,276.9,50,11050
20231201,15:09:35,276.9,50,11050
20231201,15:09:41,276.9,100,11050
20231201,15:09:45,276.9,50,11050
20231201,15:09:50,276.9,50,11050
20231201,15:13:34,275.35,200,10850
20231201,15:13:42,275.35,100,10850
20231201,15:13:49,275.0,100,10850
20231201,15:15:43,274.85,100,10950
20231201,15:15:45,274.85,250,10950
20231201,15:21:51,275.05,150,10600
20231201,15:22:54,275.85,50,10600
20231201,15:27:48,274.0,500,10450
20231201,15:29:23,277.15,50,10450
20231204,09:19:00,202.0,1,10950
20231204,09:19:00,202.0,50,10950
20231204,09:19:23,202.55,250,10950
20231204,09:19:31,196.4,50,10950
20231204,09:19:46,196.4,50,10950
20231204,09:20:03,196.4,300,10950
20231204,09:22:42,211.3,50,11650
20231204,09:22:45,211.3,50,11650
20231204,09:23:21,192.85,500,11650
20231204,09:23:26,191.85,500,11700
20231204,09:23:43,191.45,500,11700
20231204,09:23:51,191.45,500,11700
20231204,09:24:01,192.95,450,11700
20231204,09:26:15,193.2,100,11700
20231204,09:26:28,194.45,500,11700
20231204,09:27:26,193.9,50,14250
20231204,09:27:31,192.4,500,14250
20231204,09:27:47,189.05,500,14250
20231204,09:29:51,189.05,100,15700
20231204,09:31:22,187.95,500,15700
20231204,09:32:15,187.3,500,15700
20231204,09:32:37,187.3,550,16800
20231204,09:33:05,188.95,500,16800
20231204,09:35:42,198.0,1500,17800
20231204,09:36:23,187.0,550,17800
20231204,09:40:40,187.0,100,17400
20231204,09:40:51,197.95,100,17400
20231204,09:42:25,198.0,50,17400
20231204,09:42:35,195.0,500,17400
20231204,09:43:13,196.0,50,17400
20231204,09:43:29,195.0,500,17400
20231204,09:43:45,195.95,600,17400
20231204,09:44:17,193.35,500,17400
20231204,09:44:24,195.35,250,18900
20231204,09:44:40,196.0,950,18900
20231204,09:44:48,190.75,1000,18900
20231204,09:44:56,194.15,200,18900
20231204,09:45:04,196.95,250,18900
20231204,09:45:13,197.0,300,18900
20231204,09:45:22,197.0,50,18900
20231204,09:45:39,197.0,650,18900
20231204,09:47:00,196.95,450,18900
20231204,09:47:41,198.0,50,22600
20231204,09:47:49,198.0,50,22600
20231204,09:49:04,196.85,500,22600
20231204,09:50:11,197.65,100,22600
20231204,09:50:19,194.95,500,22600
20231204,09:50:27,196.15,250,22600
20231204,09:50:36,196.9,250,23250
20231204,09:51:11,197.5,50,23250
20231204,09:51:27,197.3,50,23250
20231204,09:54:21,196.0,400,23250
20231204,09:56:37,197.9,50,23650
20231204,10:02:53,196.0,300,23700
20231204,10:06:50,197.1,50,24000
20231204,10:09:54,194.35,300,23950
20231204,10:10:26,195.0,200,23950
20231204,10:11:27,198.0,150,24400
20231204,10:11:27,198.1,250,24400
20231204,10:11:28,198.1,200,24400
20231204,10:11:38,198.05,350,24400
20231204,10:11:39,198.1,100,24400
20231204,10:11:40,203.85,500,24400
20231204,10:11:42,198.25,250,24400
20231204,10:11:43,198.35,50,24400
20231204,10:11:48,202.35,250,24400
20231204,10:11:51,202.5,250,24400
20231204,10:11:54,203.05,350,24400
20231204,10:11:56,203.25,250,24400
20231204,10:12:00,204.85,200,24400
20231204,10:12:02,203.75,100,24400
20231204,10:12:09,203.2,200,24400
20231204,10:12:19,198.9,300,24400
20231204,10:12:20,199.65,100,24400
20231204,10:12:31,202.8,100,24400
20231204,10:12:32,203.15,50,24400
20231204,10:12:33,203.05,100,24400
20231204,10:12:34,202.8,50,24400
20231204,10:12:44,202.7,600,24400
20231204,10:12:52,202.55,150,24400
20231204,10:12:54,202.35,100,24400
20231204,10:13:06,202.85,150,24400
20231204,10:13:36,202.05,100,24400
20231204,10:13:43,202.9,50,24400
20231204,10:13:56,202.2,50,24400
20231204,10:13:58,202.95,100,24400
20231204,10:14:17,203.45,50,24400
20231204,10:14:36,203.0,150,25500
20231204,10:14:44,202.7,50,25500
20231204,10:15:05,202.4,500,25500
20231204,10:15:07,199.15,100,25500
20231204,10:15:08,202.35,100,25500
20231204,10:15:09,199.5,200,25500
20231204,10:15:10,202.05,200,25500
20231204,10:15:11,202.1,200,25500
20231204,10:15:13,202.3,100,25500
20231204,10:15:15,200.3,100,25500
20231204,10:15:16,202.5,50,25500
20231204,10:15:24,202.75,150,25500
20231204,10:15:27,200.65,100,25500
20231204,10:15:27,202.85,50,25500
20231204,10:20:13,201.6,150,25900
20231204,10:22:36,196.4,300,25800
20231204,10:23:00,203.4,250,25800
20231204,10:23:16,198.9,50,25800
20231204,10:24:20,199.3,150,26050
20231204,10:24:52,199.25,50,26050
20231204,10:33:56,198.9,50,25900
20231204,10:38:28,201.45,750,25850
20231204,10:38:43,199.9,50,26100
20231204,10:38:51,197.2,50,26100
20231204,10:39:13,197.2,500,26100
20231204,10:39:43,197.0,400,26100
20231204,10:39:59,201.2,250,26100
20231204,10:42:16,196.1,250,26900
20231204,10:48:19,196.1,400,27150
20231204,10:49:29,196.1,100,27150
20231204,10:50:02,199.65,100,27150
20231204,10:50:17,200.65,1000,27150
20231204,10:50:25,199.65,50,27150
20231204,10:51:19,200.15,50,28100
20231204,10:51:26,200.2,100,28100
20231204,10:51:34,200.3,200,28100
20231204,10:51:42,200.2,50,28100
20231204,10:51:58,203.85,50,28100
20231204,10:53:28,200.0,50,28100
20231204,10:56:07,200.45,200,28150
20231204,11:00:07,203.95,100,28050
20231204,11:00:36,199.85,200,28050
20231204,11:03:02,201.0,100,27950
20231204,11:13:30,195.0,100,27900
20231204,11:15:54,195.0,300,28000
20231204,11:18:58,195.0,150,28000
20231204,11:36:51,195.0,200,27900
20231204,11:43:24,188.7,500,27900
20231204,11:43:32,188.7,500,28100
20231204,11:51:54,196.1,50,29050
20231204,11:57:11,195.55,50,29050
20231204,11:57:53,193.05,50,29050
20231204,12:06:29,193.05,50,29050
20231204,12:13:06,192.05,100,29100
20231204,12:13:15,192.0,50,29100
20231204,12:16:09,190.0,100,29100
20231204,12:16:35,190.0,200,29100
20231204,12:18:27,191.65,200,29200
20231204,12:26:27,193.1,100,29000
20231204,12:27:03,191.7,50,29000
20231204,12:27:07,191.55,100,29000
20231204,12:27:37,191.55,50,29000
20231204,12:29:32,191.55,50,29000
20231204,12:36:56,193.05,100,29100
20231204,12:37:08,195.95,250,29100
20231204,12:38:32,191.85,100,29100
20231204,12:52:28,192.8,50,29200
20231204,12:54:31,193.0,50,29200
20231204,13:07:44,193.0,50,29250
20231204,13:17:53,190.05,100,29300
20231204,13:17:57,190.0,150,29300
20231204,13:38:56,191.0,50,29150
20231204,13:42:35,190.0,300,29150
20231204,13:46:58,190.95,100,29150
20231204,13:47:59,191.0,50,29150
20231204,13:51:35,191.0,100,29150
20231204,13:51:51,191.0,200,29150
20231204,14:19:25,183.85,200,29050
20231204,14:22:07,186.65,100,29050
20231204,14:22:42,187.35,150,29050
20231204,14:22:56,187.1,150,29050
20231204,14:23:00,187.15,150,29050
20231204,14:34:38,183.1,500,29150
20231204,14:38:15,183.1,100,29150
20231204,14:38:34,186.85,50,29300
20231204,14:38:35,184.6,100,29300
20231204,14:39:50,187.3,50,29350
20231204,14:40:01,187.15,100,29350
20231204,14:40:08,187.05,50,29350
20231204,14:40:15,184.75,200,29350
20231204,14:43:36,185.15,100,29400
20231204,14:44:03,184.7,350,29400
20231204,14:44:54,185.05,100,29400
20231204,14:44:55,184.65,50,29400
20231204,14:45:02,185.45,50,29400
20231204,14:45:04,185.8,250,29400
20231204,14:45:07,186.1,50,29400
20231204,14:51:56,184.85,150,29150
20231204,14:54:05,185.1,50,29150
20231204,14:57:34,185.1,50,29100
20231204,15:03:39,185.0,50,29100
20231204,15:04:18,188.0,100,29100
20231204,15:08:57,188.0,50,29250
20231204,15:09:07,188.0,200,29250
20231204,15:09:26,188.0,450,29050
20231204,15:10:03,188.05,150,29050
20231204,15:10:31,190.0,800,29050
20231204,15:11:01,188.0,200,29050
20231204,15:11:12,187.2,100,29050
20231204,15:11:40,186.55,50,29050
20231204,15:11:56,186.05,150,29050
20231204,15:12:05,186.05,400,29050
20231204,15:12:15,186.05,300,29050
20231204,15:14:22,188.0,850,28750
20231204,15:14:52,189.0,650,28750
20231204,15:16:58,185.0,200,27600
20231204,15:17:08,184.5,50,27600
20231204,15:17:18,187.5,1250,27600
20231204,15:18:06,185.5,100,27600
20231204,15:20:29,189.0,350,26800
20231204,15:20:47,190.0,800,26800
20231204,15:21:55,190.5,1000,25800
20231204,15:22:23,188.0,300,25800
20231204,15:22:33,186.05,50,25800
20231204,15:23:57,184.0,50,25800
20231204,15:27:41,185.5,100,24800
20231204,15:28:00,183.0,150,24800
20231204,15:29:27,183.0,400,24800
20231204,15:29:37,180.8,50,24800
20231205,09:17:55,183.5,1,24150
20231205,09:17:55,183.5,50,24150
20231205,09:18:04,179.8,100,24150
20231205,09:18:19,178.45,50,24150
20231205,09:33:56,175.05,250,24200
20231205,09:34:48,175.05,50,24200
20231205,09:35:20,177.15,100,24200
20231205,09:44:41,174.5,1500,24150
20231205,09:47:58,189.0,50,23600
20231205,09:54:26,173.65,50,23550
20231205,09:55:31,178.6,100,23550
20231205,09:56:57,176.95,600,23400
20231205,10:00:17,177.7,50,23250
20231205,10:01:00,180.05,50,23250
20231205,10:01:10,178.05,50,23250
20231205,10:07:32,176.75,100,23200
20231205,10:07:53,176.05,100,23200
20231205,10:09:36,174.05,150,23200
20231205,10:10:07,173.2,50,23200
20231205,10:11:31,173.2,50,23200
20231205,10:11:42,174.7,50,23250
20231205,10:12:25,174.85,50,23250
20231205,10:14:21,174.5,50,23250
20231205,10:15:35,174.0,50,23100
20231205,10:15:46,173.65,100,23100
20231205,10:15:57,173.2,100,23100
20231205,10:17:02,173.55,50,23100
20231205,10:18:39,173.05,200,22900
20231205,10:19:46,172.25,50,22900
20231205,10:24:26,172.25,250,22750
20231205,10:24:36,172.3,50,22750
20231205,10:24:46,172.25,50,22750
20231205,10:31:58,174.9,50,22500
20231205,10:33:02,173.6,250,22550
20231205,10:34:46,175.0,500,22550
20231205,10:37:36,176.6,100,22050
20231205,10:38:08,175.05,100,22050
20231205,10:39:24,175.05,50,22050
20231205,10:40:43,174.05,700,22050
20231205,10:47:19,175.5,250,21650
20231205,10:47:30,174.05,50,21650
20231205,10:50:59,174.05,50,21650
20231205,10:53:15,175.0,50,21650
20231205,10:53:46,174.05,200,21650
20231205,10:54:07,173.05,550,21600
20231205,10:55:51,173.0,50,21600
20231205,11:01:11,173.0,450,21600
20231205,11:04:31,172.6,100,21250
20231205,11:07:37,171.8,150,20700
20231205,11:20:05,171.8,50,20700
20231205,11:25:25,177.65,50,20750
20231205,11:27:21,177.75,50,20700
20231205,11:31:45,178.5,100,20700
20231205,11:32:49,180.0,50,20700
20231205,11:33:00,181.0,50,20850
20231205,11:42:51,182.0,150,20900
20231205,11:43:01,182.0,150,20900
20231205,11:44:11,183.5,50,20900
20231205,11:45:20,194.8,500,20900
20231205,11:50:16,194.8,50,20600
20231205,11:50:30,182.55,150,20600
20231205,11:52:21,182.55,50,20600
20231205,11:53:44,183.2,50,20500
20231205,11:55:27,183.8,50,20550
20231205,11:55:38,182.8,100,20550
20231205,11:58:05,180.4,50,20500
20231205,11:58:16,180.7,50,20500
20231205,12:01:09,175.55,50,20400
20231205,12:04:26,174.45,250,20400
20231205,12:14:35,173.45,50,20650
20231205,12:35:25,173.1,50,20700
20231205,12:40:23,172.0,50,20700
20231205,12:44:14,176.0,50,20700
20231205,12:50:44,173.0,50,20700
20231205,13:22:37,175.0,100,20750
20231205,13:30:14,175.0,50,20850
20231205,13:31:53,172.05,50,20850
20231205,13:33:35,172.05,100,20850
20231205,13:34:06,172.0,450,20850
20231205,13:52:55,172.3,50,20400
20231205,14:02:19,174.9,50,20400
20231205,14:02:40,177.0,50,20400
20231205,14:03:51,172.55,50,20500
20231205,14:38:54,171.0,300,20500
20231205,14:43:38,171.0,800,20200
20231205,14:59:12,170.0,50,19500
20231205,15:00:27,170.0,600,19500
20231205,15:01:01,168.15,100,19500
20231205,15:20:06,166.25,50,18900
20231205,15:26:09,165.8,250,18900
20231205,15:28:10,165.0,50,18800
20231206,09:19:02,161.35,1,18750
20231206,09:19:02,161.35,100,18750
20231206,09:25:18,160.0,150,18750
20231206,09:25:50,156.0,50,18750
20231206,09:27:36,156.0,50,18550
20231206,09:29:32,162.9,50,18550
20231206,09:31:08,162.9,50,18600
20231206,09:31:40,166.45,50,18600
20231206,09:37:15,170.0,300,18650
20231206,09:37:47,172.0,50,18650
20231206,09:40:52,172.0,50,19000
20231206,09:45:59,167.0,50,18950
20231206,09:47:42,183.1,350,18950
20231206,09:49:45,183.1,100,18600
20231206,10:23:39,167.0,50,18600
20231206,10:25:47,179.95,50,18650
20231206,10:26:07,175.0,50,18650
20231206,10:31:20,175.0,50,18650
20231206,10:38:42,173.05,100,18650
20231206,10:38:52,174.0,250,18650
20231206,10:54:08,172.4,50,18450
20231206,11:04:34,160.3,50,18500
20231206,11:17:42,164.95,100,18450
20231206,11:18:02,165.0,50,18450
20231206,11:20:03,166.45,50,18600
20231206,12:10:39,162.0,100,18650
20231206,12:19:26,162.0,50,18750
20231206,12:20:10,162.0,100,18750
20231206,12:20:36,163.0,50,18750
20231206,12:26:46,164.9,50,18950
20231206,12:32:38,165.0,50,19000
20231206,13:03:23,173.95,500,19050
20231206,13:03:33,173.55,450,19550
20231206,13:03:43,173.05,100,19550
20231206,13:07:38,173.05,150,19250
20231206,13:08:23,173.05,50,19250
20231206,13:19:21,167.9,500,19200
20231206,13:20:20,168.3,500,19200
20231206,13:22:30,171.0,200,20150
20231206,13:22:40,171.0,100,20150
20231206,13:22:50,171.0,50,20150
20231206,13:24:39,168.65,150,20500
20231206,13:25:11,172.0,50,20500
20231206,13:31:04,165.15,300,20700
20231206,13:31:34,172.2,50,20700
20231206,13:33:16,165.1,50,20700
20231206,13:34:28,165.1,50,21000
20231206,13:35:19,165.05,50,21000
20231206,13:35:40,165.05,50,21000
20231206,13:46:45,164.0,50,20950
20231206,13:59:16,164.0,50,20950
20231206,14:05:44,158.3,100,21000
20231206,14:21:21,155.75,50,21100
20231206,14:21:42,155.05,50,21100
20231206,14:21:52,155.0,50,21100
20231206,14:22:02,155.0,100,21100
20231206,14:28:00,155.0,50,21250
20231206,14:29:49,156.6,50,21250
20231206,14:29:59,156.55,150,21250
20231206,14:30:19,156.25,100,21250
20231206,14:30:30,156.15,50,21250
20231206,14:31:10,155.9,50,21300
20231206,14:31:59,155.95,100,21300
20231206,14:33:07,156.55,100,21300
20231206,14:33:46,157.35,50,21300
20231206,14:33:56,157.25,100,21300
20231206,14:35:26,155.55,50,21300
20231206,14:36:09,155.0,150,21300
20231206,14:37:50,154.4,50,21300
20231206,14:38:10,154.4,50,21300
20231206,14:39:18,154.4,50,21300
20231206,14:41:16,154.55,50,21450
20231206,14:41:44,154.0,50,21450
20231206,14:44:13,154.0,100,21500
20231206,14:47:20,154.5,100,21450
20231206,14:47:29,155.0,50,21450
20231206,14:48:27,154.0,50,21450
20231206,14:52:07,154.0,200,21600
20231206,15:01:24,155.85,50,21600
20231206,15:05:49,156.2,200,21600
20231206,15:06:50,154.7,50,21600
20231206,15:07:01,154.65,100,21600
20231206,15:09:20,154.5,50,21600
20231206,15:10:53,153.7,250,21600
20231206,15:11:33,152.65,250,21600
20231206,15:23:12,152.25,50,21600
20231206,15:24:15,152.25,200,21600
20231206,15:24:58,151.55,100,21650
20231206,15:25:09,151.5,50,21650
20231206,15:25:29,151.35,150,21650
20231206,15:25:39,151.35,50,21650
20231206,15:27:12,147.0,50,21650
20231207,09:27:53,154.55,1,21700
20231207,09:27:53,154.55,50,21700
20231207,09:28:03,155.05,50,21700
20231207,09:31:14,158.3,50,21800
20231207,09:34:41,159.7,50,21800
20231207,09:34:51,159.7,50,21800
20231207,09:35:01,159.0,100,21800
20231207,09:41:29,158.45,50,21800
20231207,09:42:10,157.95,50,21750
20231207,09:43:52,157.95,100,21750
20231207,09:44:03,157.95,50,21750
20231207,09:44:13,158.0,50,21750
20231207,09:44:54,158.0,50,21750
20231207,09:48:25,158.05,50,21800
20231207,09:50:18,158.65,50,21800
20231207,09:50:28,158.05,50,21800
20231207,09:52:19,159.0,50,21950
20231207,09:53:19,160.9,400,21950
20231207,09:53:29,160.9,400,21950
20231207,09:55:19,160.9,100,21500
20231207,10:01:40,160.0,100,21450
20231207,10:03:47,159.95,50,21450
20231207,10:04:35,160.0,300,21450
20231207,10:04:55,153.95,500,21450
20231207,10:11:24,153.95,300,22250
20231207,10:13:13,159.0,50,22450
20231207,10:13:52,159.0,50,22450
20231207,10:14:50,159.5,50,22550
20231207,10:21:07,159.75,100,22550
20231207,10:21:18,159.0,50,22550
20231207,10:43:20,153.25,100,22550
20231207,10:49:12,153.25,50,22550
20231207,10:51:09,154.0,50,22600
20231207,10:53:00,153.05,100,22600
20231207,10:53:54,151.7,100,22650
20231207,10:54:15,151.95,50,22650
20231207,10:55:52,152.75,100,22650
20231207,10:57:34,150.85,150,22650
20231207,10:57:44,150.9,50,22650
20231207,11:04:36,150.9,100,22700
20231207,11:08:52,147.85,100,22700
20231207,11:09:11,147.85,50,22750
20231207,11:10:44,147.85,50,22750
20231207,11:16:53,150.0,50,22850
20231207,11:20:33,150.9,150,22850
20231207,11:30:55,146.5,50,23000
20231207,11:39:15,146.5,50,23000
20231207,11:53:03,150.0,150,23050
20231207,11:53:32,150.0,100,23050
20231207,12:05:35,150.85,150,23300
20231207,12:07:59,151.2,200,23450
20231207,12:08:02,150.95,50,23450
20231207,12:16:35,147.7,100,23650
20231207,12:16:36,150.2,300,23650
20231207,12:19:03,152.0,100,23650
20231207,12:20:08,152.25,50,23950
20231207,12:22:16,152.3,150,24000
20231207,12:29:13,152.3,50,23950
20231207,12:33:43,152.25,300,23950
20231207,12:34:33,153.0,50,23950
20231207,12:34:44,153.3,100,23950
20231207,12:57:46,151.0,50,24300
20231207,13:04:28,151.65,50,24300
20231207,13:25:45,150.0,50,24350
20231207,13:30:30,149.0,50,24400
20231207,13:38:01,149.0,50,24450
20231207,13:42:26,150.0,50,24500
20231207,13:43:09,149.0,250,24500
20231207,13:43:22,148.0,450,24500
20231207,13:43:23,148.0,500,24500
20231207,13:43:42,146.0,1000,24500
20231207,13:43:43,146.0,800,24500
20231207,13:43:45,146.0,150,24500
20231207,13:43:46,149.3,100,24500
20231207,13:54:22,147.75,350,27250
20231207,14:04:38,148.85,150,27500
20231207,14:04:46,148.95,200,27500
20231207,14:06:17,147.75,150,27300
20231207,14:10:15,147.35,250,27150
20231207,14:12:07,148.0,50,27150
20231207,14:12:51,148.0,100,27300
20231207,14:20:07,148.0,50,27400
20231207,14:21:35,146.3,50,27450
20231207,14:22:03,146.6,100,27450
20231207,14:25:00,147.4,100,27550
20231207,14:31:07,145.85,100,27550
20231207,14:31:12,144.05,300,27550
20231207,14:31:15,143.9,50,27550
20231207,14:31:29,143.9,50,27550
20231207,14:31:51,143.9,50,27550
20231207,14:32:38,146.3,200,27550
20231207,14:45:33,146.25,100,27700
20231207,14:45:42,147.75,50,27700
20231207,14:47:03,151.7,50,27700
20231207,14:47:33,148.1,150,27700
20231207,14:50:57,148.2,100,27800
20231207,14:54:09,148.25,200,27900
20231207,14:54:11,148.8,100,27900
20231207,14:55:14,149.05,100,28100
20231207,14:55:26,149.0,300,28100
20231207,14:55:36,148.55,50,28100
20231207,14:55:38,148.55,50,28100
20231207,15:01:49,147.55,100,27900
20231207,15:02:35,148.85,50,27900
20231207,15:02:59,147.35,100,27900
20231207,15:03:28,149.35,50,28000
20231207,15:03:29,149.4,100,28000
20231207,15:04:39,145.95,100,28000
20231207,15:07:31,145.95,300,27950
20231207,15:09:22,147.9,50,28200
20231207,15:09:25,146.95,50,28200
20231207,15:11:26,146.35,200,28200
20231207,15:18:23,144.95,100,28000
20231207,15:18:33,146.75,150,28000
20231207,15:18:43,142.8,100,28000
20231207,15:19:52,142.8,150,28000
20231207,15:23:07,146.5,100,27800
20231207,15:25:03,143.5,100,27750
20231207,15:25:53,143.2,150,27750
20231207,15:26:33,143.9,50,27750
20231207,15:28:11,144.45,150,27850
20231208,09:20:41,144.0,1,27700
20231208,09:20:41,144.0,50,27700
20231208,09:27:29,135.1,50,27700
20231208,09:34:42,135.1,100,27700
20231208,09:35:45,139.0,50,27800
20231208,09:35:54,142.0,50,27800
20231208,09:37:52,142.1,500,27800
20231208,09:45:50,142.05,1000,27900
20231208,09:46:44,142.0,500,27900
20231208,09:47:02,141.85,50,27900
20231208,09:47:20,141.55,150,27900
20231208,09:47:29,141.15,500,27900
20231208,09:47:39,141.45,1000,26200
20231208,09:47:48,142.25,150,26200
20231208,09:47:57,154.25,1000,26200
20231208,09:51:33,144.8,1000,23800
20231208,09:52:09,139.7,450,23800
20231208,09:52:18,140.05,50,23800
20231208,09:53:41,139.75,50,22650
20231208,09:54:28,139.4,50,22650
20231208,09:54:48,143.85,500,22650
20231208,09:55:16,140.25,600,22650
20231208,09:55:26,140.8,100,22650
20231208,09:55:35,140.9,400,22650
20231208,09:55:45,140.95,250,22650
20231208,09:57:44,140.85,250,21350
20231208,09:57:46,144.85,500,21350
20231208,09:57:48,141.4,250,21350
20231208,10:00:05,140.05,100,20850
20231208,10:00:07,140.1,150,20850
20231208,10:00:16,140.0,50,20850
20231208,10:00:18,140.05,50,20850
20231208,10:00:27,142.55,400,20850
20231208,10:01:24,139.7,50,20850
20231208,10:01:25,139.75,100,20850
20231208,10:01:26,139.7,100,20850
20231208,10:01:27,139.55,100,20850
20231208,10:01:28,139.5,100,20850
20231208,10:02:50,139.5,50,20550
20231208,10:02:57,140.0,400,20550
20231208,10:02:58,140.0,100,20550
20231208,10:02:59,140.0,100,20550
20231208,10:03:00,140.0,100,20550
20231208,10:03:01,140.0,100,20550
20231208,10:03:02,140.0,50,20550
20231208,10:03:03,140.05,50,20550
20231208,10:03:04,140.0,50,20550
20231208,10:03:05,140.0,100,20550
20231208,10:04:28,143.0,1000,20550
20231208,10:05:01,139.75,100,20550
20231208,10:05:06,139.4,200,20550
20231208,10:05:13,140.4,50,20550
20231208,10:05:19,140.65,100,20550
20231208,10:05:38,140.45,50,19150
20231208,10:05:51,139.95,150,19150
20231208,10:09:09,141.55,100,19150
20231208,10:09:47,141.35,100,19150
20231208,10:10:44,141.9,50,19150
20231208,10:13:15,140.0,200,19250
20231208,10:18:24,143.0,1000,19350
20231208,10:19:44,143.0,100,19350
20231208,10:21:42,143.65,50,18800
20231208,10:27:03,141.0,200,18850
20231208,10:27:21,140.9,100,18850
20231208,10:27:48,141.95,100,18850
20231208,10:27:58,142.0,50,18850
20231208,10:28:34,142.55,100,18850
20231208,10:29:59,141.0,250,18850
20231208,10:33:45,140.25,50,18950
20231208,10:33:52,145.0,500,18950
20231208,10:33:56,147.0,500,18950
20231208,10:33:57,142.45,300,18950
20231208,10:42:19,140.45,100,18450
20231208,10:42:28,140.45,100,18450
20231208,10:46:46,140.45,100,18350
20231208,10:50:02,138.15,50,18350
20231208,10:50:19,139.0,50,18350
20231208,10:51:04,139.0,50,18300
20231208,10:52:24,140.35,50,18300
20231208,10:52:50,140.55,100,18300
20231208,10:53:09,140.9,50,18300
20231208,10:54:15,141.2,200,18450
20231208,10:54:24,141.9,150,18450
20231208,10:54:50,142.05,250,18450
20231208,10:56:37,142.0,100,18450
20231208,11:00:57,144.55,450,18400
20231208,11:02:11,143.75,200,18400
20231208,11:02:39,144.9,150,18400
20231208,11:03:37,147.45,300,18500
20231208,11:05:32,146.9,100,18500
20231208,11:08:56,148.2,100,18500
20231208,11:09:15,146.15,150,18500
20231208,11:09:33,148.0,300,18500
20231208,11:10:11,149.35,200,18500
20231208,11:10:30,148.0,200,18500
20231208,11:13:26,148.0,50,18500
20231208,11:14:04,145.05,100,18500
20231208,11:14:13,145.0,50,18500
20231208,11:17:03,144.0,200,18550
20231208,11:23:16,142.8,50,18600
20231208,11:26:26,143.05,300,18600
20231208,11:28:54,143.05,450,18500
20231208,11:33:33,144.0,750,18050
20231208,11:33:51,141.85,100,18050
20231208,11:33:59,141.95,100,18050
20231208,11:37:09,141.75,100,17450
20231208,11:40:04,140.95,100,17450
20231208,11:43:32,143.0,1400,17450
20231208,11:50:41,141.25,250,16550
20231208,11:51:43,141.25,100,16650
20231208,11:53:19,143.5,550,16650
20231208,12:02:28,141.95,100,16350
20231208,12:03:31,141.75,50,16450
20231208,12:04:16,142.7,100,16450
20231208,12:05:41,142.45,100,16450
20231208,12:07:28,142.65,50,16300
20231208,12:13:58,142.95,50,16300
20231208,12:19:12,143.5,150,16300
20231208,12:21:05,143.9,50,16450
20231208,12:23:32,144.95,100,16450
20231208,12:27:45,144.0,50,16450
20231208,12:29:44,143.6,100,16450
20231208,12:33:52,145.0,100,16500
20231208,12:37:16,145.0,50,16600
20231208,12:38:49,145.65,50,16600
20231208,12:40:45,146.0,50,16650
20231208,12:43:52,144.55,100,16650
20231208,12:46:50,145.15,50,16750
20231208,12:49:42,150.0,50,16800
20231208,12:56:48,147.9,150,16800
20231208,13:02:37,150.7,150,16950
20231208,13:02:57,152.0,100,16950
20231208,13:04:16,152.0,50,17200
20231208,13:11:09,153.0,50,17250
20231208,13:14:09,152.15,400,17300
20231208,13:21:04,150.15,100,17300
20231208,13:21:13,151.0,50,17300
20231208,13:21:30,152.25,50,17300
20231208,13:21:57,151.7,50,17300
20231208,13:23:44,152.2,50,17300
20231208,13:23:53,153.0,50,17300
20231208,13:27:10,153.9,50,17500
20231208,13:27:38,154.0,50,17500
20231208,13:29:03,155.0,200,17500
20231208,13:34:29,155.0,50,17550
20231208,13:35:06,153.0,100,17550
20231208,13:37:07,153.0,50,17700
20231208,13:37:54,153.75,100,17700
20231208,13:38:03,154.0,50,17700
20231208,13:38:32,155.0,50,17700
20231208,13:40:02,156.15,50,17900
20231208,13:43:42,159.95,50,17950
20231208,13:43:51,160.85,100,17950
20231208,13:46:28,160.85,50,18100
20231208,13:48:33,160.85,150,18150
20231208,13:51:15,160.85,500,18300
20231208,13:52:58,156.25,50,18300
20231208,14:00:09,158.1,50,18350
20231208,14:04:00,158.1,100,18400
20231208,14:11:30,156.0,50,18400
20231208,14:23:42,154.0,50,18400
20231208,14:25:39,155.0,50,18450
20231208,14:30:58,155.0,200,18500
20231208,14:35:19,154.0,50,18500
20231208,14:36:18,152.3,100,18550
20231208,14:39:28,150.5,50,18650
20231208,14:45:40,147.15,50,18700
20231208,14:49:58,146.1,50,18750
20231208,14:50:27,147.25,50,18750
20231208,14:53:25,148.0,50,18800
20231208,14:58:19,150.0,500,18850
20231208,14:59:37,148.65,50,18850
20231208,15:00:32,147.15,100,18800
20231208,15:03:14,144.8,100,18900
20231208,15:06:05,143.8,100,18900
20231208,15:08:12,142.25,100,18900
20231208,15:09:20,143.15,100,18800
20231208,15:15:05,141.45,100,18800
20231208,15:18:16,140.8,100,18700
20231208,15:23:01,140.2,650,18800
20231208,15:25:21,139.95,200,18800
20231208,15:25:31,140.0,50,18800
20231208,15:27:42,140.25,100,18850
20231208,15:28:59,140.25,50,18850
20231208,15:29:27,138.7,50,18850
20231211,09:17:49,142.0,1,18350
20231211,09:17:49,142.0,50,18350
20231211,09:23:07,127.8,200,18400
20231211,09:26:40,142.0,50,18600
20231211,09:27:01,136.45,150,18600
20231211,09:29:15,142.55,200,18600
20231211,09:34:42,142.55,50,18700
20231211,09:35:11,142.05,150,18700
20231211,09:36:19,142.0,50,18750
20231211,09:36:28,140.45,1850,18750
20231211,09:36:58,140.45,50,18750
20231211,09:38:35,139.9,500,20550
20231211,09:38:44,141.45,50,20550
20231211,09:39:24,139.55,150,20550
20231211,09:46:19,143.9,150,21100
20231211,09:47:17,144.8,250,21100
20231211,09:53:07,144.8,50,21150
20231211,09:53:35,141.0,50,21150
20231211,10:07:01,140.8,50,21100
20231211,10:17:15,140.25,50,21150
20231211,10:18:31,140.0,50,21150
20231211,10:19:10,140.65,50,21150
20231211,10:29:25,137.9,50,21200
20231211,10:29:35,137.9,100,21200
20231211,10:30:24,136.55,200,21200
20231211,10:30:44,137.9,50,21200
20231211,10:35:41,137.3,50,21450
20231211,10:37:16,138.45,100,21500
20231211,10:37:25,139.0,100,21500
20231211,10:37:44,139.2,100,21500
20231211,10:38:41,139.9,50,21500
20231211,10:38:51,140.65,100,21800
20231211,10:39:01,140.9,150,21800
20231211,10:40:01,141.9,100,21800
20231211,10:40:11,142.9,50,21800
20231211,10:40:22,143.45,150,21800
20231211,10:40:43,144.05,50,21800
20231211,10:40:53,145.0,100,21800
20231211,10:41:12,146.0,100,21800
20231211,10:43:34,144.5,50,22450
20231211,10:49:40,145.45,100,22500
20231211,10:51:14,144.95,100,22400
20231211,10:51:34,144.65,50,22400
20231211,10:53:19,146.75,100,22400
20231211,11:09:28,146.75,50,22400
20231211,11:13:53,138.7,50,22450
20231211,11:25:59,140.25,50,22500
20231211,11:26:17,140.65,50,22500
20231211,11:26:26,140.95,100,22500
20231211,11:30:26,141.5,200,22400
20231211,11:37:13,141.55,150,22500
20231211,11:37:24,142.0,50,22500
20231211,11:37:54,142.2,100,22500
20231211,11:38:04,142.95,50,22500
20231211,11:38:44,143.9,100,22500
20231211,11:48:01,140.95,200,22750
20231211,11:51:25,142.75,200,22950
20231211,11:52:03,142.9,50,22950
20231211,11:54:00,143.0,50,23050
20231211,11:54:10,144.9,50,23050
20231211,11:54:30,144.95,150,23050
20231211,11:54:50,144.0,50,23050
20231211,12:08:13,141.25,50,23100
20231211,12:14:18,141.5,50,23150
20231211,12:18:14,142.65,50,23200
20231211,12:24:16,142.65,50,23250
20231211,12:24:35,142.7,50,23250
20231211,12:29:51,143.25,100,23300
20231211,12:36:25,143.75,100,23400
20231211,12:36:36,143.9,100,23400
20231211,12:36:47,143.25,50,23400
20231211,12:48:52,140.35,50,23650
20231211,12:49:55,140.9,50,23650
20231211,12:51:56,141.9,50,23700
20231211,12:53:08,142.25,100,23700
20231211,13:03:55,142.7,200,23850
20231211,13:04:36,142.75,150,23850
20231211,13:07:11,142.9,50,24100
20231211,13:07:44,143.25,50,24100
20231211,13:08:16,144.0,400,24100
20231211,13:20:53,141.0,50,24100
20231211,13:29:25,138.85,50,24100
20231211,13:29:33,141.0,50,24100
20231211,13:40:18,140.0,50,24100
20231211,13:46:42,139.95,50,24100
20231211,13:49:55,140.0,50,24100
20231211,13:52:26,141.0,50,24100
20231211,13:53:19,140.65,50,24100
20231211,13:53:28,141.0,100,24100
20231211,13:53:46,141.25,50,24100
20231211,13:55:49,141.45,50,24300
20231211,14:09:02,138.75,100,24350
20231211,14:09:55,138.75,50,24400
20231211,14:13:13,138.75,50,24450
20231211,14:13:30,138.7,100,24450
20231211,14:25:49,138.0,50,24500
20231211,14:25:58,138.0,50,24500
20231211,14:29:11,137.5,150,24550
20231211,14:34:22,137.35,100,24450
20231211,14:50:24,139.85,500,24550
20231211,14:54:03,138.45,50,24550
20231211,15:00:03,136.65,150,24700
20231211,15:00:40,138.25,50,24800
20231211,15:01:07,137.95,350,24800
20231211,15:03:18,136.35,50,24800
20231211,15:03:48,135.95,350,25100
20231211,15:06:06,136.1,300,25100
20231211,15:07:33,136.1,50,25750
20231211,15:10:26,136.5,50,25800
20231211,15:19:18,139.0,100,25800
20231211,15:25:10,135.65,50,25700
20231211,15:28:00,138.4,50,25750
20231211,15:28:10,138.35,250,25750
20231211,15:28:19,138.35,100,25750
20231211,15:29:17,138.5,50,25750
20231211,15:29:27,138.5,50,25750
20231211,15:29:36,138.5,50,25750
20231212,09:28:25,125.6,1,25700
20231212,09:28:25,125.6,50,25700
20231212,09:35:18,127.0,50,25700
20231212,09:36:14,136.3,200,25750
20231212,09:36:23,136.3,100,25750
20231212,09:41:07,131.15,50,25700
20231212,09:41:25,127.55,100,25700
20231212,09:42:20,129.95,100,25800
20231212,09:42:48,130.0,100,25800
20231212,09:46:00,131.9,50,25800
20231212,09:48:57,130.0,100,25850
20231212,09:50:27,130.0,550,25850
20231212,09:50:45,130.0,50,25850
20231212,09:52:19,131.5,50,25850
20231212,09:52:54,131.5,50,25850
20231212,09:53:28,131.5,50,25850
20231212,10:02:25,131.0,50,25950
20231212,10:07:24,130.0,100,25950
20231212,10:11:20,130.9,50,25950
20231212,10:11:58,131.0,50,25950
20231212,10:13:25,131.9,50,25950
20231212,10:13:55,130.05,50,25950
20231212,10:17:25,134.85,50,26050
20231212,10:18:04,133.0,50,26050
20231212,10:18:34,134.0,50,26050
20231212,10:19:25,134.0,50,26050
20231212,10:19:35,135.0,150,26050
20231212,10:23:41,135.85,50,26300
20231212,10:24:50,135.9,50,26350
20231212,10:38:32,132.0,50,26350
20231212,10:38:42,132.25,50,26350
20231212,10:43:01,132.45,50,26450
20231212,10:45:40,132.45,100,26450
20231212,10:51:38,130.65,50,26450
20231212,10:51:47,130.65,50,26450
20231212,10:56:29,130.95,50,26550
20231212,11:00:25,131.0,100,26550
20231212,11:02:32,131.0,100,26550
20231212,11:09:12,131.0,500,26550
20231212,11:16:00,130.0,50,26250
20231212,11:18:33,131.0,50,26250
20231212,11:20:14,131.4,50,26250
20231212,11:20:25,131.9,50,26250
20231212,11:21:30,131.0,100,26250
20231212,11:25:45,131.25,50,26250
20231212,11:26:14,133.0,50,26250
20231212,11:28:53,130.0,150,26250
20231212,11:36:10,132.25,200,26350
20231212,11:37:17,131.9,50,26350
20231212,12:03:04,129.9,50,26400
20231212,12:07:50,130.0,50,26450
20231212,12:08:24,130.0,50,26450
20231212,12:13:03,128.9,50,26550
20231212,12:23:43,128.9,50,26600
20231212,12:29:39,127.9,50,26600
20231212,12:36:46,127.9,100,26650
20231212,12:38:08,127.9,50,26650
20231212,12:39:50,128.9,100,26750
20231212,12:42:14,128.9,100,26750
20231212,12:46:18,129.25,50,26850
20231212,12:47:22,129.9,50,26850
20231212,12:48:59,130.85,100,26950
20231212,12:49:48,130.85,50,26950
20231212,12:50:40,130.9,50,26950
20231212,12:51:22,131.95,150,27100
20231212,12:52:11,132.0,100,27100
20231212,12:52:52,125.15,50,27100
20231212,12:53:02,125.15,50,27100
20231212,12:53:32,130.25,50,27100
20231212,12:54:40,131.9,100,27400
20231212,12:57:33,132.8,50,27500
20231212,12:59:02,133.1,100,27500
20231212,13:00:14,134.25,150,27450
20231212,13:00:30,132.9,50,27450
20231212,13:01:45,133.0,50,27450
20231212,13:01:52,133.0,100,27450
20231212,13:04:15,130.95,50,27750
20231212,13:07:43,131.25,50,27800
20231212,13:16:52,131.45,50,27850
20231212,13:17:59,131.5,150,27850
20231212,13:18:47,132.0,350,28000
20231212,13:19:15,132.25,50,28000
20231212,13:20:13,130.35,100,28000
20231212,13:25:37,131.25,50,28250
20231212,13:27:10,131.2,50,28250
20231212,13:29:13,130.15,50,28300
20231212,13:32:06,129.95,50,28300
20231212,13:32:53,129.9,50,28300
20231212,13:33:31,130.85,50,28350
20231212,13:34:14,130.25,50,28350
20231212,13:36:49,130.9,50,28350
20231212,13:44:57,129.0,50,28400
20231212,13:45:08,129.0,50,28400
20231212,13:45:37,129.0,100,28500
20231212,13:52:45,129.0,250,28600
20231212,13:53:56,130.0,50,28600
20231212,13:54:05,130.0,100,28600
20231212,13:54:35,130.85,100,28600
20231212,13:55:05,130.9,50,28600
20231212,13:58:15,131.2,250,28650
20231212,13:59:32,131.45,250,28650
20231212,14:00:13,131.9,50,28650
20231212,14:01:35,134.2,200,29200
20231212,14:02:33,133.75,200,29200
20231212,14:09:57,132.85,100,29300
20231212,14:12:21,132.35,50,29300
20231212,14:14:37,132.15,50,29300
20231212,14:15:04,133.0,50,29300
20231212,14:17:49,131.55,50,29400
20231212,14:18:40,132.0,100,29400
20231212,14:19:05,132.9,50,29400
20231212,14:19:07,133.05,150,29400
20231212,14:19:15,133.0,50,29400
20231212,14:19:23,133.0,50,29400
20231212,14:19:45,135.0,1700,29400
20231212,14:19:53,132.65,100,29400
20231212,14:20:30,132.65,50,29400
20231212,14:20:56,133.05,50,29400
20231212,14:21:24,133.8,2200,27650
20231212,14:22:05,134.0,50,27650
20231212,14:22:14,134.7,350,27650
20231212,14:22:24,134.45,50,27650
20231212,14:25:03,134.9,50,26400
20231212,14:25:23,134.9,50,26400
20231212,14:27:41,133.95,50,26400
20231212,14:27:53,134.0,50,26400
20231212,14:29:58,134.5,50,26400
20231212,14:37:54,135.0,50,26550
20231212,14:39:07,135.85,50,26550
20231212,14:41:46,138.0,200,26650
20231212,14:42:29,138.0,50,26650
20231212,14:43:02,140.0,50,26850
20231212,14:44:17,140.0,100,26850
20231212,14:53:04,141.95,50,26950
20231212,14:53:26,141.95,50,26950
20231212,14:53:36,139.3,50,26950
20231212,14:53:47,139.0,50,26950
20231212,14:56:49,139.95,50,27050
20231212,15:00:56,137.0,50,27050
20231212,15:08:37,136.1,250,27050
20231212,15:11:51,136.8,50,27200
20231212,15:14:39,139.0,100,27250
20231212,15:26:50,139.5,150,27150
20231213,09:25:31,137.55,1,27150
20231213,09:25:31,137.55,150,27150
20231213,09:33:15,135.9,50,27000
20231213,09:37:49,135.9,50,27000
20231213,09:43:53,136.9,50,27000
20231213,09:45:04,135.0,50,27050
20231213,09:49:24,135.0,50,27050
20231213,09:51:44,135.0,200,27100
20231213,09:52:24,137.9,100,27100
20231213,09:52:35,137.9,50,27100
20231213,09:53:16,138.0,50,27100
20231213,09:54:39,138.0,550,27400
20231213,09:55:00,137.0,150,27400
20231213,09:55:11,137.0,200,27400
20231213,09:55:21,136.95,250,27400
20231213,09:58:18,140.9,100,28550
20231213,09:59:11,140.9,100,28550
20231213,10:00:56,140.0,50,28650
20231213,10:07:10,137.65,50,28700
20231213,10:10:46,136.7,150,28750
20231213,10:11:08,137.9,50,28750
20231213,10:21:16,137.4,50,28950
20231213,10:22:27,139.45,50,28950
20231213,10:22:58,139.45,50,28950
20231213,10:24:02,141.0,50,29050
20231213,10:28:54,141.0,200,29100
20231213,10:30:30,140.15,50,29300
20231213,10:38:43,140.25,50,29350
20231213,10:39:51,142.0,50,29400
20231213,10:42:29,142.0,250,29400
20231213,10:44:19,140.05,50,29400
20231213,10:44:30,139.75,50,29400
20231213,10:44:40,140.55,100,29400
20231213,10:47:51,139.6,100,29050
20231213,10:51:06,141.0,150,29150
20231213,10:54:12,139.0,50,29300
20231213,10:54:21,139.0,250,29300
20231213,11:08:41,136.0,100,29350
20231213,11:09:40,137.0,50,29450
20231213,11:18:34,135.95,1200,29500
20231213,11:19:03,134.25,900,29500
20231213,11:19:42,137.9,100,29500
20231213,11:20:03,138.9,50,29500
20231213,11:21:24,138.05,200,31500
20231213,11:21:34,138.25,200,31500
20231213,11:21:44,138.0,50,31500
20231213,11:21:54,138.0,50,31500
20231213,11:24:27,138.0,150,31450
20231213,11:25:13,138.55,100,31450
20231213,11:26:10,138.9,200,31450
20231213,11:32:14,140.0,150,31800
20231213,11:33:14,140.9,200,31950
20231213,11:33:24,141.0,100,31950
20231213,11:34:55,142.45,50,31950
20231213,11:35:11,143.6,150,31950
20231213,11:35:46,143.9,50,31950
20231213,11:35:49,143.9,50,31950
20231213,11:36:24,143.8,100,32350
20231213,11:37:14,143.5,50,32350
20231213,11:37:44,143.5,100,32350
20231213,11:37:54,143.4,50,32350
20231213,11:40:32,143.05,250,32500
20231213,11:52:29,140.0,50,32750
20231213,12:05:09,140.0,50,32800
20231213,12:05:18,140.5,50,32800
20231213,12:11:22,141.7,150,32900
20231213,12:11:32,141.7,50,32900
20231213,12:12:09,141.9,50,33100
20231213,12:12:28,141.9,50,33100
20231213,12:16:03,142.9,150,33200
20231213,12:21:54,143.0,50,33250
20231213,12:25:20,143.05,100,33300
20231213,12:25:48,143.0,100,33300
20231213,12:30:07,141.9,50,33300
20231213,12:43:16,138.9,50,33300
20231213,12:43:51,139.95,150,33300
20231213,12:44:22,140.0,50,33300
20231213,12:49:05,134.9,50,33300
20231213,12:49:09,134.9,50,33450
20231213,12:50:49,136.9,50,33450
20231213,12:53:52,136.95,100,33550
20231213,12:54:11,136.95,50,33550
20231213,12:54:40,137.9,50,33700
20231213,12:55:08,137.95,50,33700
20231213,12:55:35,138.1,50,33700
20231213,12:55:54,138.6,100,33700
20231213,12:56:13,138.6,100,33700
20231213,12:56:51,138.1,100,33700
20231213,12:57:00,138.05,50,33700
20231213,12:57:29,137.55,50,33750
20231213,12:57:49,137.55,50,33750
20231213,12:58:37,137.55,100,33750
20231213,12:58:58,135.5,150,33750
20231213,12:59:19,136.7,50,33750
20231213,13:08:13,135.0,50,33750
20231213,13:14:11,135.0,150,33800
20231213,13:20:29,131.3,50,33950
20231213,13:26:16,131.3,50,33950
20231213,13:34:35,135.0,50,33950
20231213,13:36:23,132.9,100,33950
20231213,13:36:33,133.9,50,34050
20231213,13:40:10,130.0,1800,34100
20231213,13:40:21,130.0,50,34100
20231213,13:40:31,131.0,50,34100
20231213,13:44:07,131.0,100,35400
20231213,13:45:15,130.0,50,35400
20231213,13:47:55,130.0,50,35250
20231213,13:49:23,132.0,200,35300
20231213,13:52:30,130.0,50,35500
20231213,13:53:55,130.0,500,35500
20231213,13:55:09,128.95,150,34950
20231213,13:55:19,131.0,150,34950
20231213,14:05:26,129.0,150,34950
20231213,14:13:06,129.0,50,34950
20231213,14:17:44,130.0,50,35000
20231213,14:20:02,130.9,50,35050
20231213,14:22:12,130.0,100,35100
20231213,14:22:39,130.0,50,35100
20231213,14:22:48,130.0,50,35100
20231213,14:27:00,130.0,50,35300
20231213,14:30:45,127.0,300,35350
20231213,14:31:40,128.75,50,35350
20231213,14:31:57,127.25,400,35350
20231213,14:32:07,127.0,200,35350
20231213,14:38:16,130.45,50,36050
20231213,14:43:46,132.55,150,36050
20231213,14:50:13,130.1,50,36050
20231213,14:51:41,130.0,100,36000
20231213,14:55:24,128.0,50,36000
20231213,15:02:06,126.75,250,36000
20231213,15:02:38,125.0,50,36000
20231213,15:13:15,123.3,100,35750
20231213,15:15:27,123.3,200,35750
20231213,15:18:06,120.95,500,35750
20231213,15:18:41,120.95,500,36150
20231213,15:19:08,120.95,400,36150
20231213,15:19:55,120.95,100,36150
20231213,15:21:53,123.1,50,37050
20231213,15:24:04,121.05,50,37050
20231213,15:25:49,120.8,500,37050
20231213,15:26:09,120.8,1100,37050
20231213,15:26:19,120.95,500,37050
20231213,15:26:39,120.65,500,37050
20231213,15:27:09,120.65,500,37050
20231213,15:27:30,120.9,500,37050
20231213,15:29:12,121.5,50,40600
20231214,09:19:30,111.45,1,40650
20231214,09:19:30,111.85,100,40650
20231214,09:19:58,105.0,50,40650
20231214,09:20:08,103.0,50,40650
20231214,09:23:01,92.0,50,40600
20231214,09:29:45,92.0,50,40650
20231214,09:31:27,102.0,50,40650
20231214,09:32:35,102.0,100,40650
20231214,09:33:32,102.0,50,40650
20231214,09:34:11,103.0,1800,40650
20231214,09:34:41,104.0,1900,40650
20231214,09:35:30,103.6,1000,40650
20231214,09:37:37,102.0,300,36000
20231214,09:38:25,102.45,250,36000
20231214,09:38:44,102.5,250,35950
20231214,09:38:53,100.55,100,35950
20231214,09:39:53,100.55,100,35950
20231214,09:42:57,102.0,150,36200
20231214,09:43:34,100.95,600,36200
20231214,09:43:54,101.1,100,36200
20231214,09:47:19,100.35,300,36350
20231214,09:49:09,101.4,100,36650
20231214,09:50:00,100.05,100,36650
20231214,09:51:03,99.65,150,36550
20231214,09:51:34,99.15,50,36550
20231214,09:52:15,100.05,600,36550
20231214,09:55:57,99.25,50,36050
20231214,09:56:37,99.05,50,36050
20231214,09:59:08,100.0,200,36050
20231214,10:01:00,100.05,100,35950
20231214,10:03:04,101.0,100,36000
20231214,10:03:14,101.05,50,36000
20231214,10:03:24,101.45,200,36000
20231214,10:07:14,101.25,50,35800
20231214,10:09:46,100.45,200,35850
20231214,10:14:42,102.15,400,35950
20231214,10:15:02,100.05,100,35600
20231214,10:15:43,100.0,400,35600
20231214,10:17:26,102.05,50,35600
20231214,10:19:58,101.1,100,35550
20231214,10:21:20,100.05,50,35550
20231214,10:23:52,100.0,100,35550
20231214,10:24:40,100.0,100,35550
20231214,10:26:09,98.85,50,35550
20231214,10:26:38,101.3,100,35550
20231214,10:30:09,101.25,700,35400
20231214,10:30:48,99.45,100,35400
20231214,10:32:16,99.45,50,35400
20231214,10:32:44,99.45,150,35400
20231214,10:36:18,99.65,50,35100
20231214,10:37:16,102.3,50,35100
20231214,10:37:45,99.95,50,35100
20231214,10:39:12,99.9,150,35050
20231214,10:39:22,99.9,150,35050
20231214,10:39:41,100.0,350,35050
20231214,10:39:52,100.0,50,35050
20231214,10:43:26,100.0,50,35450
20231214,10:49:33,98.45,50,35500
20231214,10:49:42,98.25,50,35500
20231214,10:49:52,98.45,50,35500
20231214,10:50:02,98.45,50,35500
20231214,10:50:50,98.4,50,35700
20231214,10:51:55,98.0,500,35700
20231214,10:54:27,99.0,50,35800
20231214,11:00:09,99.9,500,35850
20231214,11:01:31,99.0,50,35850
20231214,11:05:08,99.95,200,36000
20231214,11:12:08,99.4,100,36150
20231214,11:12:56,98.55,50,36150
20231214,11:15:09,98.95,50,36250
20231214,11:16:27,97.85,50,36250
20231214,11:19:21,98.95,50,36250
20231214,11:24:27,98.95,200,36300
20231214,11:33:41,98.45,50,36300
20231214,11:35:21,97.35,100,36300
20231214,11:36:54,97.0,700,36300
20231214,11:37:03,97.0,50,36300
20231214,11:41:52,96.75,100,36950
20231214,11:42:03,96.75,50,37050
20231214,11:48:05,95.95,150,37100
20231214,11:48:15,95.95,50,37100
20231214,11:49:11,96.25,50,37100
20231214,11:49:21,96.45,50,37100
20231214,11:50:55,96.9,100,37100
20231214,11:51:24,96.0,150,37450
20231214,11:51:33,96.0,50,37450
20231214,11:53:31,98.0,600,37450
20231214,12:17:35,97.2,50,37150
20231214,12:19:16,97.5,100,37200
20231214,12:19:42,98.0,350,37200
20231214,12:20:39,98.0,100,37200
20231214,12:30:00,96.8,100,37650
20231214,12:31:45,97.45,50,37750
20231214,12:42:56,97.25,50,37800
20231214,12:43:05,97.25,50,37800
20231214,12:43:13,97.45,100,37800
20231214,12:43:22,97.7,50,37800
20231214,12:44:19,97.7,50,37800
20231214,13:10:29,95.0,50,38050
20231214,13:16:24,96.7,250,38050
20231214,13:17:43,97.65,500,38050
20231214,13:19:30,97.65,500,38350
20231214,13:20:55,97.0,500,38350
20231214,13:21:27,96.7,250,38400
20231214,13:29:17,94.9,50,38400
20231214,13:29:27,95.5,150,38400
20231214,13:30:33,95.4,50,38300
20231214,13:34:56,95.15,250,38350
20231214,13:35:47,95.4,100,38350
20231214,13:37:01,95.45,50,38600
20231214,13:38:54,95.95,50,38600
20231214,13:47:19,96.25,50,38700
20231214,13:48:32,96.45,50,38750
20231214,13:49:10,97.0,150,38750
20231214,13:50:12,97.5,50,38750
20231214,13:58:11,97.65,100,38750
20231214,14:02:39,97.0,100,38750
20231214,14:08:16,97.25,600,38650
20231214,14:10:06,97.5,100,39250
20231214,14:17:45,98.05,250,39150
20231214,14:22:26,96.05,50,39300
20231214,14:22:36,96.05,150,39300
20231214,14:23:13,96.45,50,39300
20231214,14:23:30,96.65,350,39300
20231214,14:23:47,96.65,50,39300
20231214,14:30:35,95.0,50,39000
20231214,14:31:31,95.0,500,39000
20231214,14:33:03,96.0,50,39000
20231214,14:37:35,95.15,50,39100
20231214,14:40:22,97.0,50,39150
20231214,14:42:27,95.45,50,39150
20231214,14:42:36,95.65,50,39200
20231214,14:45:50,95.95,250,39250
20231214,14:49:07,96.45,50,39400
20231214,14:49:17,97.05,900,39400
20231214,14:49:26,98.0,1050,39400
20231214,14:51:00,96.85,250,39400
20231214,14:55:25,95.8,100,37950
20231214,14:56:50,96.65,50,37950
20231214,14:57:23,96.9,50,37950
20231214,14:58:16,97.0,50,38050
20231214,15:00:01,97.0,50,38050
20231214,15:00:12,97.25,50,38050
20231214,15:00:52,97.15,200,38200
20231214,15:04:03,97.15,150,38300
20231214,15:10:55,97.2,50,38350
20231214,15:12:05,96.1,150,38350
20231214,15:12:15,95.85,50,38350
20231214,15:17:09,96.6,200,38500
20231214,15:21:54,94.25,150,38400
20231214,15:22:28,94.2,100,38400
20231214,15:22:52,94.1,50,38400
20231214,15:23:27,93.55,150,38400
20231214,15:24:10,93.55,50,38400
20231214,15:25:59,92.05,250,38300
20231214,15:26:20,92.0,100,38300
20231214,15:26:55,91.05,150,38300
20231214,15:27:40,91.05,50,37850
20231214,15:27:51,93.5,150,37850
20231214,15:29:02,91.0,500,37850
20231214,15:29:13,91.0,50,37850
20231215,09:23:35,92.0,1,38150
20231215,09:23:35,92.0,50,38150
20231215,09:32:37,91.95,500,38200
20231215,09:34:31,94.75,100,38200
20231215,09:38:48,91.35,50,38550
20231215,09:38:57,92.25,50,38550
20231215,09:39:41,94.7,500,38550
20231215,09:42:27,94.2,300,38650
20231215,09:43:02,94.35,50,38650
20231215,09:45:42,93.0,400,38650
20231215,09:48:02,92.55,100,39050
20231215,09:51:26,93.0,50,39050
20231215,09:51:34,92.65,50,39050
20231215,09:51:50,93.0,100,39050
20231215,09:53:30,93.0,50,39050
20231215,09:53:39,93.0,50,39200
20231215,09:53:47,93.0,50,39200
20231215,09:54:12,92.8,100,39200
20231215,09:54:21,92.9,50,39200
20231215,09:59:08,91.1,100,39450
20231215,09:59:16,91.05,100,39450
20231215,09:59:33,90.85,50,39450
20231215,09:59:59,90.55,50,39600
20231215,10:00:35,90.55,50,39600
20231215,10:04:56,91.25,100,39650
20231215,10:05:05,91.25,50,39650
20231215,10:07:09,91.0,50,39800
20231215,10:07:18,90.35,150,39800
20231215,10:07:27,90.5,100,39800
20231215,10:07:36,90.3,100,39800
20231215,10:08:18,90.75,50,39800
20231215,10:11:32,90.9,50,40000
20231215,10:13:08,91.95,200,40050
20231215,10:17:48,89.35,150,39950
20231215,10:18:14,89.25,100,39950
20231215,10:18:49,89.25,100,39950
20231215,10:20:33,88.65,100,39950
20231215,10:21:40,88.65,150,39950
20231215,10:22:12,90.25,50,39950
20231215,10:22:44,90.0,50,39950
20231215,10:25:15,90.35,50,40150
20231215,10:29:02,91.0,50,40200
20231215,10:32:19,91.65,100,40250
20231215,10:35:08,91.7,50,40350
20231215,10:37:34,91.45,50,40400
20231215,10:38:32,91.75,50,40400
20231215,10:39:31,92.0,50,40500
20231215,10:40:05,91.25,50,40500
20231215,10:40:46,91.25,50,40500
20231215,10:40:54,91.55,50,40500
20231215,10:41:18,92.0,350,40500
20231215,10:43:42,92.7,150,40600
20231215,10:46:56,92.45,50,40650
20231215,10:48:08,92.9,100,40650
20231215,10:51:13,93.0,50,40750
20231215,10:51:22,93.0,150,40750
20231215,10:51:49,93.45,50,40750
20231215,10:52:41,94.0,150,40750
20231215,10:53:01,94.5,50,40750
20231215,10:54:14,95.0,50,41100
20231215,10:56:18,95.0,50,41100
20231215,10:57:38,94.4,50,41100
20231215,11:04:39,91.95,50,41150
20231215,11:04:47,92.85,50,41150
20231215,11:04:56,92.9,50,41150
20231215,11:07:38,93.0,100,41250
20231215,11:07:56,93.45,50,41250
20231215,11:09:43,93.45,50,41400
20231215,11:09:59,93.9,50,41400
20231215,11:11:20,92.55,50,41400
20231215,11:15:56,92.55,50,41400
20231215,11:20:54,92.0,50,41450
20231215,11:21:27,92.2,100,41450
20231215,11:21:35,92.25,50,41450
20231215,11:21:43,92.2,100,41450
20231215,11:23:51,92.55,50,41750
20231215,11:26:31,92.0,50,41750
20231215,11:42:01,91.1,100,41800
20231215,11:42:47,91.65,100,41800
20231215,11:42:54,91.65,100,41800
20231215,11:43:02,91.75,100,41800
20231215,11:43:17,91.85,100,41800
20231215,11:43:24,91.4,100,41800
20231215,11:43:40,91.65,50,41800
20231215,11:43:47,91.65,50,41800
20231215,11:44:17,91.4,50,41800
20231215,11:44:32,91.9,50,41800
20231215,11:44:40,92.0,50,41800
20231215,11:44:47,91.8,100,42250
20231215,11:45:25,92.0,50,42250
20231215,11:46:09,91.95,50,42250
20231215,11:46:47,92.05,50,42250
20231215,11:47:25,92.0,50,42250
20231215,11:48:09,92.2,100,42250
20231215,11:50:00,92.35,100,42250
20231215,11:51:07,92.6,50,42250
20231215,11:52:55,92.25,50,42250
20231215,11:53:02,92.25,50,42250
20231215,11:55:56,92.45,50,42350
20231215,11:57:49,92.85,200,42400
20231215,11:57:57,92.9,50,42400
20231215,12:05:45,92.9,50,42550
20231215,12:05:53,91.5,100,42600
20231215,12:06:37,93.0,200,42600
20231215,12:06:44,93.25,50,42600
20231215,12:06:51,93.25,350,42600
20231215,12:07:26,93.25,250,42600
20231215,12:09:48,94.0,300,42850
20231215,12:19:13,93.5,50,43150
20231215,12:20:48,93.0,100,43150
20231215,12:20:56,93.25,50,43300
20231215,12:22:11,93.9,50,43300
20231215,12:28:10,93.95,50,43300
20231215,12:32:13,93.55,250,43400
20231215,12:34:34,92.9,50,43400
20231215,12:34:41,93.45,50,43400
20231215,12:35:01,93.75,50,43400
20231215,12:36:59,93.5,50,43550
20231215,12:37:06,93.5,50,43550
20231215,12:37:50,93.5,50,43550
20231215,12:49:28,92.45,150,43700
20231215,12:49:34,92.65,150,43700
20231215,12:49:39,92.75,50,43700
20231215,12:49:52,92.75,50,43700
20231215,12:51:11,93.0,50,44100
20231215,13:04:04,91.6,50,44150
20231215,13:04:10,91.65,50,44150
20231215,13:10:51,92.45,100,44150
20231215,13:11:11,93.0,200,44150
20231215,13:17:23,92.8,50,44200
20231215,13:21:08,91.75,50,44150
20231215,13:21:20,91.9,50,44150
20231215,13:23:56,92.0,50,44150
20231215,13:24:34,92.2,50,44300
20231215,13:24:41,92.25,50,44300
20231215,13:28:05,92.0,50,44400
20231215,13:28:11,92.25,100,44400
20231215,13:32:46,92.15,50,44550
20231215,13:35:37,91.45,100,44550
20231215,13:35:43,91.25,50,44550
20231215,13:43:55,90.15,100,44700
20231215,13:45:21,90.85,100,44700
20231215,13:45:28,90.9,50,44700
20231215,13:48:35,91.25,100,44850
20231215,13:54:57,90.05,50,44950
20231215,13:55:13,91.75,100,44950
20231215,13:56:00,91.7,50,44950
20231215,13:57:09,91.75,50,44950
20231215,14:02:40,91.4,500,45050
20231215,14:02:56,90.95,100,45050
20231215,14:03:29,90.95,50,45150
20231215,14:04:53,91.0,50,45150
20231215,14:05:52,91.25,100,45150
20231215,14:10:27,90.15,50,45200
20231215,14:15:10,91.6,50,45200
20231215,14:15:19,91.65,50,45250
20231215,14:16:48,91.9,50,45250
20231215,14:17:37,92.0,150,45250
20231215,14:23:11,92.0,50,45450
20231215,14:23:36,92.4,100,45450
20231215,14:36:51,92.0,50,45600
20231215,14:42:24,89.75,500,45650
20231215,14:46:23,90.45,50,45500
20231215,14:46:31,90.55,50,45500
20231215,14:46:47,91.0,150,45500
20231215,14:48:13,91.05,50,45500
20231215,14:49:35,91.9,50,45750
20231215,14:49:52,91.9,50,45750
20231215,14:53:06,91.85,150,45750
20231215,14:59:49,89.4,100,45650
20231215,15:04:37,91.5,50,45550
20231215,15:05:24,90.5,50,45550
20231215,15:09:01,91.0,50,45650
20231215,15:09:38,91.0,250,45650
20231215,15:09:48,91.0,100,45650
20231215,15:10:06,91.0,50,45650
20231215,15:13:32,89.85,150,46050
20231215,15:15:51,89.25,50,45950
20231215,15:16:24,90.5,50,45950
20231215,15:16:56,91.0,100,45950
20231215,15:18:31,91.9,50,46100
20231215,15:21:38,93.2,50,46100
20231215,15:21:49,93.95,50,46100
20231215,15:27:00,92.85,50,46100
20231215,15:28:28,94.35,100,46100
20231215,15:29:34,93.8,50,46100
20231218,09:18:04,93.15,1,46000
20231218,09:18:04,93.1,250,46000
20231218,09:26:07,93.55,100,46000
20231218,09:27:07,98.25,100,46000
20231218,09:27:56,98.25,750,46000
20231218,09:28:33,72.0,750,46000
20231218,09:29:00,72.0,100,46000
20231218,09:30:13,95.0,100,46000
20231218,09:30:31,95.4,750,46000
20231218,09:31:00,95.4,100,46000
20231218,09:35:10,95.9,50,46200
20231218,09:35:20,97.9,500,46200
20231218,09:37:21,97.2,50,46200
20231218,09:42:00,97.65,50,46300
20231218,09:42:10,98.25,100,46300
20231218,09:42:19,98.25,50,46300
20231218,09:43:14,97.95,1200,46300
20231218,09:43:32,98.1,100,46300
20231218,09:43:42,98.05,1800,46300
20231218,09:50:22,98.25,1200,46500
20231218,09:56:19,99.0,50,46500
20231218,09:56:38,99.0,50,46500
20231218,09:56:55,99.25,100,46600
20231218,10:02:27,99.25,150,46700
20231218,10:06:44,98.0,100,46600
20231218,10:09:03,97.0,50,46700
20231218,10:09:12,97.0,100,46700
20231218,10:09:21,97.0,50,46700
20231218,10:09:39,97.25,50,46700
20231218,10:10:07,97.3,100,46700
20231218,10:10:54,95.7,500,46700
20231218,10:11:04,96.25,100,46700
20231218,10:11:13,96.45,50,46700
20231218,10:12:21,96.75,100,47400
20231218,10:15:50,96.55,50,47450
20231218,10:17:08,96.15,200,47450
20231218,10:17:38,96.5,300,47450
20231218,10:17:48,96.5,200,47450
20231218,10:17:57,96.5,250,47450
20231218,10:18:06,96.65,100,47450
20231218,10:18:15,96.8,150,47450
20231218,10:18:24,96.85,100,47450
20231218,10:18:33,97.0,250,47450
20231218,10:22:26,98.0,100,47500
20231218,10:23:21,97.1,50,47500
20231218,10:23:49,97.25,100,47650
20231218,10:24:17,97.45,200,47650
20231218,10:24:27,97.7,200,47650
20231218,10:29:33,96.05,50,48100
20231218,10:30:52,95.9,150,48050
20231218,10:33:32,96.45,50,48200
20231218,10:35:26,97.25,50,48200
20231218,10:37:41,97.75,50,48200
20231218,10:38:01,97.95,50,48200
20231218,10:39:26,97.25,50,48300
20231218,10:39:45,99.7,200,48300
20231218,10:40:42,100.5,200,48300
20231218,10:43:57,100.5,1750,48500
20231218,10:49:45,98.45,50,48500
20231218,10:51:39,97.1,50,48500
20231218,10:51:48,97.3,100,48500
20231218,10:52:31,98.5,200,48500
20231218,10:52:40,98.0,100,48500
20231218,10:54:02,98.35,150,48600
20231218,10:54:55,96.65,50,48600
20231218,10:55:39,97.95,50,48600
20231218,10:56:04,98.0,50,48600
20231218,11:00:15,98.0,50,48500
20231218,11:01:05,98.35,200,48500
20231218,11:04:58,97.45,50,48300
20231218,11:07:07,97.95,250,48350
20231218,11:09:12,97.4,50,48600
20231218,11:10:28,97.45,50,48600
20231218,11:16:57,97.0,50,48600
20231218,11:17:57,97.25,100,48650
20231218,11:21:10,96.9,50,48650
20231218,11:21:18,96.9,50,48650
20231218,11:21:26,96.9,50,48650
20231218,11:21:43,96.95,100,48650
20231218,11:22:32,97.35,50,48650
20231218,11:23:07,97.4,50,48650
20231218,11:27:03,98.0,300,49000
20231218,11:39:39,96.25,150,49050
20231218,11:39:49,96.35,100,49050
20231218,11:42:25,96.8,100,49100
20231218,11:43:59,96.9,100,49100
20231218,11:48:58,97.25,100,49250
20231218,11:51:31,96.15,50,49350
20231218,11:52:43,97.45,50,49350
20231218,11:54:03,97.25,50,49400
20231218,11:54:11,97.0,100,49400
20231218,11:54:18,97.0,150,49400
20231218,11:54:26,97.0,50,49400
20231218,11:59:39,99.25,50,49700
20231218,11:59:59,99.25,50,49750
20231218,12:00:27,99.65,50,49750
20231218,12:06:43,99.6,50,49850
20231218,12:07:00,98.5,250,49850
20231218,12:07:33,99.65,50,49850
20231218,12:07:41,99.75,50,49850
20231218,12:08:22,99.95,50,49850
20231218,12:09:19,100.25,50,50300
20231218,12:09:37,99.4,50,50300
20231218,12:15:09,99.4,500,50400
20231218,12:15:26,99.0,100,50400
20231218,12:15:34,98.7,100,50400
20231218,12:16:24,98.5,150,50400
20231218,12:16:33,98.4,50,50400
20231218,12:16:58,98.75,50,50400
20231218,12:17:03,98.8,50,50400
20231218,12:17:05,99.0,50,50400
20231218,12:17:09,99.2,100,50400
20231218,12:17:11,99.2,250,50400
20231218,12:17:12,99.0,50,50400
20231218,12:17:26,99.25,50,50400
20231218,12:17:34,99.35,50,50400
20231218,12:17:35,99.35,50,50400
20231218,12:17:41,99.3,50,50400
20231218,12:17:42,99.35,50,50400
20231218,12:17:43,99.35,50,50400
20231218,12:17:57,99.35,50,50800
20231218,12:17:58,99.4,100,50800
20231218,12:17:59,99.5,50,50800
20231218,12:18:09,99.65,100,50800
20231218,12:18:17,99.85,200,50800
20231218,12:18:36,99.7,400,50800
20231218,12:21:31,100.0,50,51000
20231218,12:23:10,99.45,200,51000
20231218,12:29:38,101.0,50,50900
20231218,12:29:49,101.6,100,50900
20231218,12:32:03,101.6,150,50950
20231218,12:33:49,100.4,50,51000
20231218,12:36:46,98.7,150,51050
20231218,12:40:46,99.95,150,51200
20231218,12:42:55,98.6,200,51250
20231218,12:43:05,99.0,200,51250
20231218,12:43:14,99.0,200,51250
20231218,12:44:53,98.25,50,51250
20231218,12:46:22,98.25,50,51900
20231218,12:47:21,98.65,50,51900
20231218,12:49:18,99.0,50,52000
20231218,12:50:49,99.45,100,52000
20231218,12:56:13,98.4,50,52150
20231218,12:57:41,98.5,50,52150
20231218,12:57:49,98.5,50,52150
20231218,12:59:15,98.45,200,52150
20231218,12:59:23,98.5,50,52150
20231218,12:59:45,98.65,50,52150
20231218,13:00:08,99.0,100,52450
20231218,13:01:24,98.95,50,52450
20231218,13:01:32,99.05,200,52450
20231218,13:05:26,99.9,50,52450
20231218,13:10:30,100.95,500,52500
20231218,13:10:38,99.65,50,52500
20231218,13:11:20,100.25,100,52500
20231218,13:12:15,100.95,50,52850
20231218,13:12:53,100.95,50,52850
20231218,13:14:33,100.25,50,52850
20231218,13:18:24,98.65,200,53000
20231218,13:25:01,98.9,50,53100
20231218,13:25:16,98.85,150,53100
20231218,13:31:16,99.45,350,53300
20231218,13:32:26,99.9,50,53300
20231218,13:38:13,99.9,50,53550
20231218,13:38:21,100.0,50,53550
20231218,13:38:28,100.2,100,53550
20231218,13:39:43,100.25,100,53650
20231218,13:41:09,100.25,50,53650
20231218,13:42:30,100.25,50,53700
20231218,13:44:22,99.6,250,53700
20231218,13:44:29,100.0,50,53700
20231218,13:45:01,100.2,100,53700
20231218,13:49:10,100.25,50,53950
20231218,13:50:27,100.25,50,53950
20231218,14:02:37,99.4,100,54050
20231218,14:05:16,98.6,400,53950
20231218,14:05:32,98.0,50,53950
20231218,14:08:04,98.65,50,54200
20231218,14:09:39,99.0,50,54250
20231218,14:12:52,98.65,50,54250
20231218,14:14:02,98.0,100,54300
20231218,14:17:26,98.25,150,54350
20231218,14:17:49,98.5,200,54350
20231218,14:17:57,98.5,100,54350
20231218,14:18:13,98.55,50,54350
20231218,14:19:36,98.6,50,54750
20231218,14:21:00,98.8,50,54750
20231218,14:28:07,97.9,100,54800
20231218,14:28:14,97.95,100,54800
20231218,14:30:28,97.85,50,55000
20231218,14:34:30,97.95,300,54950
20231218,14:34:38,97.95,250,54950
20231218,14:42:11,98.0,200,55050
20231218,14:43:49,98.4,50,55150
20231218,14:44:26,98.9,50,55150
20231218,14:44:55,99.25,50,55150
20231218,14:47:32,99.65,50,55300
20231218,14:48:57,99.05,50,55350
20231218,14:50:41,99.1,50,55350
20231218,15:05:10,99.0,100,55350
20231218,15:06:12,98.0,1200,55350
20231218,15:08:55,97.75,100,56550
20231218,15:09:05,97.3,100,56550
20231218,15:21:40,98.25,200,56450
20231218,15:24:37,99.05,50,56500
20231218,15:24:56,99.5,150,56500
20231218,15:25:06,99.55,1000,56500
20231218,15:26:59,99.45,100,56500
20231218,15:27:38,98.75,50,57550
20231218,15:27:47,99.2,200,57550
20231219,09:16:43,99.55,1,57550
20231219,09:16:43,99.55,100,57550
20231219,09:18:59,99.3,550,57650
20231219,09:22:25,95.35,500,57800
20231219,09:23:10,95.35,50,57800
20231219,09:35:26,96.9,150,57700
20231219,09:35:45,97.4,50,57700
20231219,09:36:17,97.4,200,57900
20231219,09:39:02,97.4,50,57900
20231219,09:39:13,98.45,200,57900
20231219,09:41:07,99.3,200,57900
20231219,09:43:18,100.0,50,58200
20231219,09:43:39,100.0,50,58200
20231219,09:44:11,99.9,50,58200
20231219,09:44:22,99.05,50,58200
20231219,09:44:41,99.05,50,58200
20231219,09:46:05,100.5,100,58200
20231219,09:46:25,100.9,50,58200
20231219,09:50:52,100.9,100,58400
20231219,09:53:39,101.0,150,58400
20231219,10:00:45,101.0,50,58600
20231219,10:04:04,100.0,250,58600
20231219,10:04:13,100.0,100,58600
20231219,10:04:21,100.25,50,58600
20231219,10:04:59,101.25,150,58600
20231219,10:05:47,101.5,100,58600
20231219,10:06:33,102.5,100,59250
20231219,10:10:20,102.5,50,59300
20231219,10:10:37,101.0,50,59300
20231219,10:10:55,101.0,50,59300
20231219,10:11:13,101.0,50,59300
20231219,10:14:06,99.55,750,59500
20231219,10:17:57,99.9,50,60250
20231219,10:18:06,99.9,50,60250
20231219,10:19:18,100.8,50,60250
20231219,10:20:23,100.0,50,60250
20231219,10:30:03,99.9,50,60300
20231219,10:32:35,100.0,50,60300
20231219,10:33:39,99.9,50,60350
20231219,10:34:23,99.9,50,60350
20231219,10:34:40,99.45,50,60350
20231219,10:45:52,96.9,50,60450
20231219,10:51:18,97.0,50,60450
20231219,10:51:27,97.0,50,60450
20231219,10:51:36,97.0,50,60450
20231219,10:51:53,97.25,100,60450
20231219,10:53:46,96.8,150,60450
20231219,10:57:16,97.2,50,60550
20231219,10:57:49,97.2,50,60550
20231219,11:02:42,95.9,100,60450
20231219,11:05:04,95.25,100,60550
20231219,11:05:51,95.25,50,60550
20231219,11:15:03,94.4,100,60650
20231219,11:23:53,94.4,100,60650
20231219,11:24:01,94.9,100,60650
20231219,11:24:44,95.4,100,60850
20231219,11:24:53,95.45,50,60850
20231219,11:25:38,95.9,50,60850
20231219,11:29:43,95.5,50,61000
20231219,11:47:21,92.5,150,60950
20231219,11:50:05,92.0,50,61100
20231219,11:52:27,91.0,100,61100
20231219,11:52:48,91.0,100,61100
20231219,11:55:03,91.0,150,61000
20231219,11:55:13,91.0,550,61000
20231219,11:56:30,91.75,200,61000
20231219,11:56:39,91.65,100,61000
20231219,11:57:27,91.75,100,61100
20231219,11:57:46,91.75,150,61100
20231219,11:57:56,92.0,450,61100
20231219,12:04:22,92.2,50,61150
20231219,12:05:53,90.9,50,61150
20231219,12:06:47,90.9,50,61200
20231219,12:07:06,91.25,50,61200
20231219,12:09:52,90.0,400,61300
20231219,12:10:37,90.0,50,61300
20231219,12:13:13,91.45,50,61550
20231219,12:13:48,90.75,50,61550
20231219,12:31:58,90.7,100,61650
20231219,12:32:39,90.3,50,61650
20231219,12:35:09,89.45,50,61550
20231219,12:36:18,89.45,50,61550
20231219,12:37:09,89.9,50,61550
20231219,12:43:37,89.85,50,61650
20231219,12:44:03,89.0,100,61650
20231219,12:44:12,89.0,200,61650
20231219,12:44:20,89.0,200,61650
20231219,12:47:32,89.0,50,62100
20231219,12:47:49,90.0,50,62100
20231219,12:48:51,90.2,50,62150
20231219,12:52:51,90.25,100,62100
20231219,12:54:31,90.75,50,62200
20231219,13:09:38,91.0,50,62250
20231219,13:12:46,91.95,200,62300
20231219,13:13:03,92.0,100,62300
20231219,13:22:51,92.0,50,62350
20231219,13:23:01,92.25,50,62350
20231219,13:25:58,92.65,100,62350
20231219,13:39:32,89.7,400,62350
20231219,13:43:15,90.3,150,62650
20231219,13:46:15,90.8,100,62650
20231219,13:50:20,90.8,50,62550
20231219,13:51:28,89.85,150,62550
20231219,13:54:42,90.75,100,62500
20231219,13:55:15,90.75,50,62500
20231219,13:56:17,90.1,150,62500
20231219,13:57:13,89.85,50,62500
20231219,14:02:34,89.8,500,62450
20231219,14:07:31,88.95,200,62500
20231219,14:10:58,88.5,150,62600
20231219,14:11:07,88.5,250,62600
20231219,14:12:18,88.5,50,62600
20231219,14:13:08,88.5,50,62600
20231219,14:14:03,88.5,250,62600
20231219,14:15:40,89.0,300,62600
20231219,14:15:48,89.85,50,62600
20231219,14:17:13,89.85,50,62600
20231219,14:18:54,89.7,50,62650
20231219,14:19:03,89.5,450,62650
20231219,14:19:31,89.5,50,62650
20231219,14:20:07,89.9,50,62650
20231219,14:20:41,90.25,50,62650
20231219,14:20:58,90.25,50,62650
20231219,14:21:41,90.3,50,62800
20231219,14:22:26,90.35,50,62800
20231219,14:33:24,90.0,100,62850
20231219,14:38:49,90.4,50,62950
20231219,14:44:18,87.3,450,63000
20231219,14:45:46,89.0,250,63350
20231219,14:46:23,90.8,50,63350
20231219,14:47:12,90.85,250,63350
20231219,14:47:30,90.8,350,63350
20231219,14:47:39,90.8,300,63350
20231219,14:49:40,91.3,50,62950
20231219,14:50:11,91.8,50,62950
20231219,14:52:48,92.0,350,63000
20231219,14:52:57,92.0,50,63000
20231219,14:53:59,92.5,300,63000
20231219,14:54:09,93.15,150,63000
20231219,14:54:19,93.45,50,63000
20231219,14:55:57,92.9,50,63600
20231219,14:56:16,92.8,50,63600
20231219,14:56:35,93.0,50,63600
20231219,14:57:04,93.25,650,63600
20231219,14:57:14,93.2,50,63600
20231219,14:57:32,93.25,300,64300
20231219,14:57:42,93.45,200,64300
20231219,14:57:53,93.45,1150,64300
20231219,14:58:06,93.45,350,64300
20231219,14:58:17,93.75,50,64300
20231219,14:58:27,93.95,200,64300
20231219,14:58:38,93.95,450,64300
20231219,14:58:49,93.95,300,64300
20231219,14:58:59,93.65,400,64300
20231219,14:59:09,93.65,50,64300
20231219,14:59:20,94.0,300,64300
20231219,14:59:31,94.0,300,64300
20231219,14:59:41,93.9,100,64300
20231219,14:59:52,94.25,750,64300
20231219,15:00:03,94.45,50,64300
20231219,15:00:25,94.25,800,64300
20231219,15:00:59,94.25,50,67700
20231219,15:01:09,93.8,350,67700
20231219,15:02:41,92.5,50,67700
20231219,15:03:02,92.45,100,67700
20231219,15:03:12,93.05,250,67700
20231219,15:03:43,93.0,50,67800
20231219,15:04:51,93.05,50,67800
20231219,15:06:31,92.15,50,67800
20231219,15:07:10,92.5,50,67800
20231219,15:07:39,92.45,50,67800
20231219,15:07:48,92.5,250,67800
20231219,15:09:56,92.15,50,68000
20231219,15:10:14,92.85,250,68000
20231219,15:10:24,92.85,150,68000
20231219,15:11:03,93.35,50,68000
20231219,15:11:12,93.35,50,68000
20231219,15:14:00,93.3,350,68200
20231219,15:14:57,93.3,50,68200
20231219,15:15:34,93.1,150,68200
20231219,15:17:57,93.25,100,68100
20231219,15:18:17,93.25,50,68100
20231219,15:22:28,93.25,100,68100
20231219,15:22:37,92.35,100,68100
20231219,15:22:59,92.4,100,68100
20231219,15:25:10,92.8,100,68100
20231219,15:25:38,92.5,100,68100
20231219,15:27:36,92.1,150,68100
20231219,15:28:55,92.35,100,68100
20231219,15:30:01,93.0,550,68100
20231220,09:24:23,86.1,1,68100
20231220,09:24:23,86.1,50,68100
20231220,09:25:22,86.45,100,68100
20231220,09:26:36,86.55,200,68100
20231220,09:26:47,86.4,50,68050
20231220,09:27:38,85.95,100,68050
20231220,09:27:46,85.95,150,68050
20231220,09:28:19,86.0,50,68050
20231220,09:28:52,86.35,100,68050
20231220,09:31:55,86.65,50,68200
20231220,09:34:01,86.65,400,68200
20231220,09:34:09,86.55,350,68200
20231220,09:34:18,86.8,1400,68200
20231220,09:34:27,86.55,2100,68200
20231220,09:34:35,87.05,1400,68200
20231220,09:34:52,87.05,50,68200
20231220,09:35:16,86.65,50,68200
20231220,09:35:24,86.55,150,68200
20231220,09:35:32,86.55,50,68200
20231220,09:35:41,86.45,150,68200
20231220,09:38:29,86.6,200,68800
20231220,09:38:46,86.6,250,68800
20231220,09:39:29,86.5,50,69100
20231220,09:42:11,86.65,50,69100
20231220,09:43:08,86.8,50,69100
20231220,09:43:17,86.9,50,69100
20231220,09:43:34,87.1,100,69100
20231220,09:43:42,87.2,50,69100
20231220,09:43:51,87.2,200,69100
20231220,09:44:15,87.3,50,69100
20231220,09:44:38,87.75,100,69100
20231220,09:46:43,87.75,50,69600
20231220,09:50:47,87.05,350,69650
20231220,09:50:55,87.1,350,69650
20231220,09:51:03,87.25,50,69650
20231220,09:51:12,87.25,300,69650
20231220,09:51:19,87.25,200,69650
20231220,09:51:28,87.0,50,69650
20231220,09:52:05,87.25,50,69650
20231220,09:52:15,87.95,100,69650
20231220,09:52:40,87.95,100,69650
20231220,09:53:05,87.5,100,69650
20231220,09:54:35,87.7,50,69800
20231220,09:54:43,87.85,50,69800
20231220,09:55:16,87.9,150,69800
20231220,09:55:25,88.0,100,69800
20231220,09:56:15,88.35,50,69800
20231220,09:56:55,88.4,50,69950
20231220,09:57:28,88.4,100,69950
20231220,09:58:09,87.35,150,69950
20231220,10:00:18,87.95,200,69900
20231220,10:00:51,88.2,50,69900
20231220,10:02:38,88.95,300,69900
20231220,10:03:01,89.0,50,70050
20231220,10:04:28,89.0,100,70050
20231220,10:05:09,89.0,50,70050
20231220,10:05:26,88.05,100,70050
20231220,10:05:35,88.0,150,70050
20231220,10:06:23,88.0,500,70100
20231220,10:08:00,88.65,100,70100
20231220,10:08:37,88.55,50,70100
20231220,10:08:46,88.55,250,70100
20231220,10:18:43,86.0,200,70550
20231220,10:19:24,86.5,50,70550
20231220,10:19:42,85.3,200,70550
20231220,10:20:23,85.3,100,70550
20231220,10:20:25,86.45,100,70550
20231220,10:22:03,86.45,100,71050
20231220,10:22:11,86.45,100,71050
20231220,10:22:27,86.5,50,71050
20231220,10:27:53,86.4,100,71300
20231220,10:28:02,86.6,150,71300
20231220,10:29:13,86.75,50,71300
20231220,10:31:04,87.0,50,71500
20231220,10:31:46,86.9,50,71500
20231220,10:35:07,86.0,50,71500
20231220,10:35:53,85.05,150,71500
20231220,10:36:00,85.05,100,71500
20231220,10:36:08,85.55,50,71500
20231220,10:36:22,85.55,50,71500
20231220,10:36:29,85.5,250,71500
20231220,10:39:55,85.0,100,72000
20231220,10:42:13,84.15,50,71900
20231220,10:42:55,84.15,50,71900
20231220,10:43:19,84.25,50,71900
20231220,10:43:27,84.35,150,71900
20231220,10:43:35,84.25,100,71900
20231220,10:43:44,84.15,50,71900
20231220,10:43:52,84.15,50,71900
20231220,10:48:40,84.0,100,71900
20231220,10:49:15,84.0,250,71900
20231220,10:49:48,84.95,50,71900
20231220,10:50:14,85.0,150,71900
20231220,10:51:55,84.45,50,72250
20231220,10:52:03,84.65,50,72250
20231220,10:52:11,84.9,100,72250
20231220,10:53:19,85.0,100,72250
20231220,10:54:03,85.3,50,72550
20231220,10:57:00,84.9,100,72550
20231220,10:58:24,84.9,150,72550
20231220,11:08:49,84.65,50,72800
20231220,11:08:56,84.65,50,72800
20231220,11:09:18,84.65,50,72900
20231220,11:09:33,84.25,50,72900
20231220,11:12:08,84.65,50,73000
20231220,11:13:57,84.95,150,73000
20231220,11:14:11,84.95,50,73000
20231220,11:14:27,84.95,100,73000
20231220,11:14:55,85.0,50,73000
20231220,11:15:15,85.0,50,73150
20231220,11:15:33,85.45,100,73150
20231220,11:17:42,85.45,50,73150
20231220,11:19:09,85.75,50,73300
20231220,11:19:42,85.85,50,73300
20231220,11:21:24,85.25,50,73350
20231220,11:21:32,85.25,100,73350
20231220,11:24:29,85.65,50,73450
20231220,11:30:25,85.95,150,73500
20231220,11:33:01,85.35,100,73500
20231220,11:33:10,85.4,100,73650
20231220,11:33:18,85.4,200,73650
20231220,11:33:27,86.05,1050,73650
20231220,11:33:37,86.25,500,73650
20231220,11:35:20,86.45,100,73650
20231220,11:35:29,86.95,300,73650
20231220,11:35:47,86.45,50,73650
20231220,11:35:56,86.3,50,73650
20231220,11:36:05,86.45,50,73650
20231220,11:36:39,85.9,50,74150
20231220,11:37:21,86.0,50,74150
20231220,11:40:53,86.45,50,74150
20231220,11:41:30,86.85,50,74150
20231220,11:42:07,87.55,50,74200
20231220,11:44:42,86.45,50,74200
20231220,11:51:38,86.45,250,74300
20231220,11:51:47,86.65,50,74300
20231220,11:52:05,86.65,50,74300
20231220,11:53:42,88.0,200,74300
20231220,11:53:52,88.5,500,74300
20231220,11:54:12,88.5,50,74850
20231220,11:54:30,88.1,50,74850
20231220,11:57:59,85.9,350,74950
20231220,11:59:42,87.1,350,74950
20231220,12:03:49,86.5,50,74950
20231220,12:03:58,86.65,150,74950
20231220,12:04:07,86.75,50,74950
20231220,12:08:43,86.0,50,75050
20231220,12:09:00,86.15,200,75050
20231220,12:09:57,85.3,50,75200
20231220,12:10:05,85.1,100,75200
20231220,12:11:35,85.95,50,75200
20231220,12:11:52,85.85,50,75200
20231220,12:12:01,85.6,50,75200
20231220,12:12:09,85.45,400,75200
20231220,12:14:19,86.1,100,75150
20231220,12:14:27,86.25,200,75150
20231220,12:14:43,86.25,50,75150
20231220,12:14:51,86.25,150,75150
20231220,12:16:14,86.65,50,75250
20231220,12:16:22,86.85,50,75250
20231220,12:16:40,86.95,250,75250
20231220,12:16:49,87.4,50,75250
20231220,12:17:58,87.45,50,75250
20231220,12:18:41,87.9,50,75500
20231220,12:20:33,88.45,50,75500
20231220,12:22:12,88.45,50,75550
20231220,12:22:37,88.0,50,75550
20231220,12:22:54,88.0,50,75550
20231220,12:24:13,87.0,50,75600
20231220,12:24:21,87.25,50,75600
20231220,12:28:24,87.9,50,75700
20231220,12:31:11,88.5,50,75750
20231220,12:32:36,88.6,50,75750
20231220,12:32:45,89.0,450,75750
20231220,12:35:20,86.5,100,75600
20231220,12:35:28,86.5,100,75600
20231220,12:35:53,86.9,100,75600
20231220,12:38:14,87.0,100,75750
20231220,12:38:22,87.05,100,75750
20231220,12:48:23,85.45,50,75950
20231220,12:50:11,85.4,50,75950
20231220,12:50:20,85.35,200,75950
20231220,12:54:47,85.35,50,76100
20231220,12:54:55,85.35,50,76100
20231220,12:55:03,85.35,100,76100
20231220,12:55:11,85.35,50,76100
20231220,12:58:20,85.9,50,76250
20231220,13:01:01,86.45,50,76300
20231220,13:01:27,86.3,100,76300
20231220,13:04:13,86.65,50,76350
20231220,13:07:54,86.8,150,76350
20231220,13:08:02,86.85,50,76350
20231220,13:08:10,86.95,50,76350
20231220,13:08:34,87.25,150,76350
20231220,13:08:43,87.25,50,76350
20231220,13:08:51,87.25,100,76350
20231220,13:09:08,87.9,100,76350
20231220,13:09:36,88.45,100,76800
20231220,13:10:06,88.9,50,76800
20231220,13:12:55,89.6,50,76900
20231220,13:13:43,90.0,100,76900
20231220,13:16:30,90.2,150,77000
20231220,13:17:45,91.55,100,77000
20231220,13:17:55,92.25,300,77000
20231220,13:18:05,91.9,50,77000
20231220,13:18:25,92.65,100,76900
20231220,13:18:35,92.65,150,76900
20231220,13:19:33,93.0,100,76900
20231220,13:20:44,93.0,100,76900
20231220,13:21:03,92.0,50,76900
20231220,13:21:13,92.0,50,76900
20231220,13:21:22,92.0,50,77100
20231220,13:21:32,92.0,50,77100
20231220,13:21:41,90.35,50,77100
20231220,13:26:15,93.95,50,77200
20231220,13:27:16,94.8,50,77200
20231220,13:27:27,95.0,100,77200
20231220,13:27:37,95.65,600,77200
20231220,13:27:48,96.45,100,77200
20231220,13:27:59,97.0,50,77200
20231220,13:28:10,97.15,100,77200
20231220,13:28:21,98.45,500,77200
20231220,13:28:32,98.9,450,77200
20231220,13:32:53,98.85,50,77450
20231220,13:33:13,96.85,50,77450
20231220,13:33:22,97.0,50,77400
20231220,13:34:23,96.9,50,77400
20231220,13:34:43,99.9,100,77400
20231220,13:35:21,100.45,150,77400
20231220,13:35:31,100.9,50,77400
20231220,13:36:10,100.9,50,77400
20231220,13:36:38,100.75,50,77750
20231220,13:36:48,102.0,50,77750
20231220,13:37:54,102.0,50,77750
20231220,13:39:26,95.45,250,77750
20231220,13:39:48,93.6,150,77750
20231220,13:40:19,91.1,50,77750
20231220,13:40:28,92.0,50,77750
20231220,13:43:48,95.0,50,77900
20231220,13:43:57,95.0,50,77900
20231220,13:44:06,95.0,100,77900
20231220,13:44:15,95.0,50,77900
20231220,13:46:15,96.0,50,78150
20231220,13:54:59,97.6,550,78200
20231220,13:55:26,97.0,100,78200
20231220,13:55:35,98.0,50,78200
20231220,13:56:29,98.0,150,78200
20231220,13:56:38,99.0,50,78200
20231220,13:57:05,99.95,50,78200
20231220,13:57:33,99.8,150,79100
20231220,13:57:59,100.0,150,79100
20231220,14:01:46,100.0,150,79200
20231220,14:01:55,100.0,50,79200
20231220,14:04:13,105.0,50,79350
20231220,14:05:37,105.0,400,79350
20231220,14:05:56,105.0,50,79350
20231220,14:06:05,103.1,250,79350
20231220,14:06:33,103.1,50,78950
20231220,14:07:21,103.8,150,78950
20231220,14:08:13,104.15,50,78950
20231220,14:08:23,103.9,100,78950
20231220,14:08:32,103.45,50,78950
20231220,14:08:59,100.85,200,78950
20231220,14:09:31,99.0,100,78950
20231220,14:09:50,98.0,100,78950
20231220,14:09:59,99.0,150,78950
20231220,14:10:27,100.7,200,78950
20231220,14:11:58,100.9,50,78950
20231220,14:15:37,105.65,550,79250
20231220,14:20:04,106.0,100,79250
20231220,14:20:20,106.2,50,79250
20231220,14:20:37,106.2,50,79250
20231220,14:20:46,104.1,50,79250
20231220,14:20:55,104.05,50,79250
20231220,14:21:03,104.3,350,79250
20231220,14:21:21,105.6,100,79250
20231220,14:21:48,104.0,50,79250
20231220,14:22:07,104.0,100,79250
20231220,14:22:26,104.0,100,79250
20231220,14:22:36,102.4,100,79250
20231220,14:23:03,102.9,150,79250
20231220,14:23:14,102.8,150,79250
20231220,14:23:35,103.2,50,79250
20231220,14:23:44,104.05,300,79250
20231220,14:23:54,104.3,50,79250
20231220,14:24:12,104.15,50,79250
20231220,14:24:30,104.0,50,79250
20231220,14:24:57,104.2,100,79800
20231220,14:25:53,104.9,50,79800
20231220,14:26:13,105.0,50,79800
20231220,14:26:23,106.25,200,79800
20231220,14:27:51,106.85,50,79900
20231220,14:28:19,106.85,100,79900
20231220,14:29:06,105.95,50,79900
20231220,14:29:15,105.95,100,79900
20231220,14:29:24,105.75,150,79900
20231220,14:29:34,106.0,100,79900
20231220,14:29:44,105.9,50,79900
20231220,14:29:53,106.0,50,79900
20231220,14:30:20,107.7,250,79900
20231220,14:30:39,108.0,50,80100
20231220,14:31:15,108.8,100,80100
20231220,14:31:25,109.0,50,80100
20231220,14:31:46,110.05,250,80100
20231220,14:32:03,110.05,50,80100
20231220,14:33:08,110.0,100,80100
20231220,14:35:20,110.15,200,80150
20231220,14:35:30,110.15,250,80150
20231220,14:36:08,103.9,50,80150
20231220,14:37:38,103.65,100,80150
20231220,14:37:47,106.0,100,80150
20231220,14:38:06,113.9,50,80150
20231220,14:38:34,113.9,100,80150
20231220,14:41:05,110.35,50,80300
20231220,14:43:37,116.8,100,80350
20231220,14:43:49,119.85,100,80350
20231220,14:45:56,116.5,400,80300
20231220,14:46:06,116.5,100,80300
20231220,14:47:02,114.9,100,80300
20231220,14:49:23,117.9,100,80350
20231220,14:50:01,116.6,50,80350
20231220,14:52:05,115.55,50,80350
20231220,14:56:02,113.9,100,80350
20231220,14:56:31,111.0,50,80350
20231220,14:56:41,111.0,50,80350
20231220,14:56:50,110.15,100,80350
20231220,14:57:00,110.1,50,80350
20231220,15:02:00,116.0,150,80550
20231220,15:03:15,120.0,50,80550
20231220,15:05:06,121.95,50,80700
20231220,15:07:06,121.95,1750,80750
20231220,15:08:02,119.8,300,80750
20231220,15:08:11,119.8,250,80750
20231220,15:08:20,119.75,100,80750
20231220,15:09:29,119.0,50,80750
20231220,15:11:42,119.1,50,80850
20231220,15:12:54,118.9,250,80800
20231220,15:13:44,121.0,50,80800
20231220,15:13:54,120.75,100,80800
20231220,15:14:15,120.75,50,80800
20231220,15:14:34,120.8,50,80800
20231220,15:15:03,119.45,50,80800
20231220,15:15:34,121.45,150,80800
20231220,15:15:44,121.35,50,80850
20231220,15:15:54,120.65,100,80850
20231220,15:16:31,118.35,500,80850
20231220,15:16:49,121.35,50,80850
20231220,15:18:20,119.2,50,80850
20231220,15:18:46,121.15,50,80800
20231220,15:19:21,121.3,100,80800
20231220,15:19:30,122.0,100,80800
20231220,15:20:08,122.0,50,80800
20231220,15:20:57,123.1,200,80800
20231220,15:21:20,123.1,150,80800
20231220,15:22:06,123.8,250,81150
20231220,15:22:24,124.7,100,81150
20231220,15:23:32,124.7,250,81150
20231220,15:24:10,122.2,50,81150
20231220,15:25:13,122.85,200,81350
20231220,15:26:14,124.5,550,81350
20231220,15:27:27,125.35,150,81350
20231220,15:27:47,125.35,50,81350
20231220,15:27:57,127.0,150,81350
20231220,15:29:42,127.0,50,81350
20231220,15:29:53,124.4,50,81350
20231221,09:18:16,124.4,1,81400
20231221,09:18:16,124.4,50,81400
20231221,09:18:49,132.0,200,81400
20231221,09:19:00,132.0,150,81400
20231221,09:19:12,135.7,100,81400
20231221,09:19:45,135.7,100,81400
20231221,09:19:55,136.0,300,81400
20231221,09:20:05,139.85,100,81400
20231221,09:21:43,139.85,950,81900
20231221,09:21:52,133.8,150,81900
20231221,09:22:25,132.0,50,81900
20231221,09:23:07,137.7,100,81900
20231221,09:23:36,139.45,450,81900
20231221,09:27:35,142.05,50,81800
20231221,09:28:15,142.05,100,81800
20231221,09:28:25,139.9,50,81800
20231221,09:28:34,140.5,300,81800
20231221,09:28:44,139.75,50,81800
20231221,09:28:54,139.55,100,81800
20231221,09:29:32,140.85,50,81800
20231221,09:30:29,140.05,100,82300
20231221,09:30:39,140.9,100,82300
20231221,09:35:08,142.95,100,82300
20231221,09:35:18,143.0,150,82300
20231221,09:35:58,143.0,150,82350
20231221,09:36:26,143.0,450,82350
20231221,09:38:59,143.0,50,82900
20231221,09:39:10,134.8,250,82900
20231221,09:39:53,139.85,50,82900
20231221,09:40:04,139.9,50,82900
20231221,09:42:09,132.5,50,83150
20231221,09:45:06,131.9,100,83200
20231221,09:49:05,132.5,150,83200
20231221,09:49:17,132.9,100,83200
20231221,09:50:18,130.0,50,83200
20231221,09:54:41,129.0,100,83400
20231221,09:56:54,129.3,50,83500
20231221,09:57:03,129.75,100,83500
20231221,09:58:09,130.5,150,83500
20231221,10:00:04,130.0,100,83400
20231221,10:01:31,127.15,100,83400
20231221,10:05:42,124.95,50,83400
20231221,10:06:01,123.9,50,83400
20231221,10:06:11,123.9,200,83400
20231221,10:06:50,124.15,150,83400
20231221,10:07:59,122.2,50,83400
20231221,10:08:11,121.9,50,83400
20231221,10:08:22,120.55,100,83400
20231221,10:10:23,119.0,50,83700
20231221,10:10:33,119.0,50,83700
20231221,10:12:16,118.85,50,83700
20231221,10:14:19,118.85,50,83700
20231221,10:14:30,117.75,200,83700
20231221,10:19:30,117.75,100,83850
20231221,10:20:10,118.9,50,83850
20231221,10:22:40,118.9,50,84000
20231221,10:23:11,119.0,50,84000
20231221,10:25:40,119.6,100,84100
20231221,10:27:22,117.65,150,84100
20231221,10:27:42,117.65,50,84100
20231221,10:28:30,119.8,100,84100
20231221,10:28:39,120.4,50,84100
20231221,10:28:49,121.0,200,84100
20231221,10:30:57,124.95,50,84350
20231221,10:31:07,127.7,250,84350
20231221,10:31:18,129.6,200,84350
20231221,10:31:29,129.8,100,84350
20231221,10:34:49,127.9,50,84400
20231221,10:34:58,127.9,50,84400
20231221,10:37:20,128.0,100,84500
20231221,10:40:16,128.0,50,84600
20231221,10:41:39,124.5,50,84600
20231221,10:41:49,122.65,100,84600
20231221,10:45:49,111.25,50,84600
20231221,10:48:15,111.25,500,84600
20231221,10:51:39,120.85,200,84550
20231221,10:51:49,120.9,50,84550
20231221,10:52:19,121.0,50,84550
20231221,11:05:13,117.95,100,84700
20231221,11:06:20,118.0,150,84800
20231221,11:06:48,117.9,50,84800
20231221,11:06:58,118.45,50,84800
20231221,11:07:26,119.0,200,84800
20231221,11:07:36,119.45,50,84800
20231221,11:07:45,121.25,350,84800
20231221,11:13:15,122.0,50,85250
20231221,11:16:42,121.1,150,85250
20231221,11:16:51,121.05,100,85250
20231221,11:17:10,122.55,50,85250
20231221,11:20:04,120.1,50,85200
20231221,11:26:36,120.9,50,85200
20231221,11:27:46,121.9,50,85250
20231221,11:27:55,121.6,100,85250
20231221,11:29:51,121.9,50,85250
20231221,11:29:59,122.0,50,85250
20231221,11:30:08,120.5,200,85250
20231221,11:37:37,122.3,100,85250
20231221,11:43:29,122.4,600,85300
20231221,11:43:56,121.0,100,85300
20231221,11:44:05,120.0,650,85300
20231221,11:44:50,118.5,50,85300
20231221,11:45:08,119.45,100,85300
20231221,11:45:17,119.9,250,86300
20231221,11:47:05,118.5,50,86300
20231221,11:47:15,117.3,50,86300
20231221,11:48:14,120.85,50,86550
20231221,11:48:23,120.9,100,86550
20231221,11:53:43,120.9,200,86650
20231221,12:01:08,119.5,50,86650
20231221,12:02:07,119.0,50,86650
20231221,12:02:45,117.55,100,86650
20231221,12:03:22,117.6,100,86500
20231221,12:04:22,116.15,100,86500
20231221,12:05:24,115.85,50,86500
20231221,12:05:35,116.9,100,86500
20231221,12:05:44,116.9,50,86500
20231221,12:06:04,117.0,150,86500
20231221,12:07:23,116.5,150,86750
20231221,12:08:03,115.5,50,86750
20231221,12:08:21,117.0,150,86750
20231221,12:09:28,117.45,100,87050
20231221,12:15:08,117.9,50,87100
20231221,12:16:01,118.5,50,87100
20231221,12:20:52,116.9,100,87200
20231221,12:23:45,117.9,50,87300
20231221,12:24:41,118.5,50,87350
20231221,12:25:30,115.35,200,87350
20231221,12:29:06,116.95,50,87350
20231221,12:34:11,113.9,50,87400
20231221,12:34:21,114.1,50,87400
20231221,12:44:58,111.5,50,87450
20231221,12:54:49,111.55,50,87450
20231221,12:59:51,112.45,50,87450
20231221,13:01:24,112.75,50,87450
20231221,13:01:34,114.9,100,87450
20231221,13:09:50,115.9,100,87500
20231221,13:18:00,114.0,50,87600
20231221,13:29:30,114.0,150,87650
20231221,13:32:41,111.6,200,87600
20231221,13:37:07,114.0,400,87600
20231221,13:39:07,116.85,50,87600
20231221,13:39:18,116.9,50,87600
20231221,13:40:36,117.9,50,87600
20231221,13:40:46,118.1,50,87600
20231221,13:41:07,118.45,400,87600
20231221,13:45:26,118.2,1650,87650
20231221,13:50:27,112.4,200,87650
20231221,14:05:30,119.0,50,87650
20231221,14:08:28,119.0,50,87700
20231221,14:20:21,114.0,100,87650
20231221,14:25:27,113.8,150,87750
20231221,14:25:37,111.25,50,87750
20231221,14:25:46,111.9,50,87750
20231221,14:25:55,111.85,50,87750
20231221,14:26:15,111.85,50,87750
20231221,14:33:12,108.55,1000,87700
20231221,14:39:51,105.9,50,88700
20231221,14:42:52,105.9,50,88700
20231221,14:43:13,104.25,50,88700
20231221,14:52:58,104.25,50,88700
20231221,14:53:08,105.0,100,88700
20231221,14:55:56,104.1,100,88600
20231221,14:56:06,103.95,50,88600
20231221,14:57:05,103.95,150,88600
20231221,14:57:45,103.0,50,88700
20231221,14:57:55,102.75,650,88700
20231221,14:58:04,102.0,50,88700
20231221,15:02:39,102.0,50,88800
20231221,15:05:31,102.0,300,88800
20231221,15:05:41,101.7,200,88800
20231221,15:07:22,103.4,100,88800
20231221,15:08:38,104.55,50,88800
20231221,15:09:30,104.7,50,88800
20231221,15:10:33,104.5,50,88800
20231221,15:11:03,103.75,100,88800
20231221,15:11:23,102.95,2150,88800
20231221,15:11:45,101.8,50,88800
20231221,15:11:57,101.5,200,88800
20231221,15:12:08,101.0,200,88800
20231221,15:12:19,101.0,50,88800
20231221,15:12:39,101.45,300,88800
20231221,15:13:01,101.0,50,89050
20231221,15:13:21,101.0,50,89050
20231221,15:13:31,101.0,50,89050
20231221,15:13:51,101.8,200,89050
20231221,15:15:01,103.0,300,89050
20231221,15:15:20,102.25,50,89050
20231221,15:16:13,102.25,50,89250
20231221,15:16:33,102.35,150,89250
20231221,15:16:43,102.25,450,89250
20231221,15:16:53,101.9,50,89250
20231221,15:18:51,101.25,150,89150
20231221,15:19:01,101.45,50,89150
20231221,15:19:11,101.0,150,89150
20231221,15:19:31,103.7,50,89150
20231221,15:20:16,102.65,150,89150
20231221,15:21:42,102.05,50,89150
20231221,15:25:51,100.65,50,88900
20231221,15:27:30,99.45,50,88900
20231221,15:27:40,99.45,200,88900
20231221,15:28:01,97.6,50,88600
20231221,15:28:22,97.6,100,88600
20231221,15:28:44,97.0,100,88600
20231222,09:15:06,102.3,1,88700
20231222,09:15:06,102.3,50,88700
20231222,09:16:09,102.3,50,88700
20231222,09:16:36,102.25,200,88700
20231222,09:17:55,95.9,50,88950
20231222,09:19:24,95.9,550,88950
20231222,09:19:56,102.6,100,88950
20231222,09:21:24,102.6,50,89200
20231222,09:22:51,101.4,50,89200
20231222,09:23:08,100.9,200,89200
20231222,09:24:04,99.4,50,89100
20231222,09:26:17,97.25,400,89100
20231222,09:28:46,101.5,100,89550
20231222,09:29:04,102.0,50,89550
20231222,09:29:31,101.95,50,89550
20231222,09:30:04,100.1,50,89750
20231222,09:34:24,99.25,50,89800
20231222,09:36:33,100.0,100,89850
20231222,09:39:55,99.25,150,89950
20231222,09:41:36,100.55,50,89950
20231222,09:42:52,100.0,150,90100
20231222,09:45:28,98.9,50,90100
20231222,09:45:36,99.45,50,90100
20231222,09:48:31,96.9,50,90200
20231222,09:49:14,95.0,50,90200
20231222,09:49:41,93.45,50,90200
20231222,09:49:50,93.45,50,90200
20231222,09:50:08,95.0,50,90200
20231222,09:50:51,95.5,100,90300
20231222,09:53:25,95.5,50,90300
20231222,10:04:29,94.2,50,90250
20231222,10:04:38,94.95,100,90250
20231222,10:04:46,95.0,50,90250
20231222,10:04:55,94.0,50,90250
20231222,10:16:13,93.0,50,90500
20231222,10:17:28,93.0,50,90500
20231222,10:17:36,93.9,50,90500
20231222,10:17:45,94.45,100,90600
20231222,10:21:18,94.45,150,90700
20231222,10:21:42,92.9,50,90700
20231222,10:22:13,92.3,50,90700
20231222,10:24:07,92.3,50,90650
20231222,10:24:42,94.9,50,90650
20231222,10:33:12,92.9,50,90700
20231222,10:36:04,93.9,50,90700
20231222,10:37:20,94.0,50,90700
20231222,10:39:47,94.0,200,90800
20231222,10:49:06,94.0,100,90600
20231222,10:52:09,92.0,200,90600
20231222,10:56:20,89.75,800,90400
20231222,10:56:29,89.15,1200,90400
20231222,10:59:00,87.5,700,92050
20231222,10:59:09,87.5,1000,92050
20231222,10:59:18,87.25,300,92050
20231222,10:59:54,87.25,200,94000
20231222,11:00:03,90.0,150,94000
20231222,11:00:12,90.0,150,94000
20231222,11:03:43,89.0,150,94100
20231222,11:03:52,89.0,150,94100
20231222,11:04:18,87.8,800,94100
20231222,11:04:27,87.25,1700,94100
20231222,11:05:19,88.6,200,94100
20231222,11:06:44,88.65,100,97050
20231222,11:07:09,88.45,150,97050
20231222,11:07:26,88.4,50,97050
20231222,11:07:35,88.55,300,97050
20231222,11:09:18,89.6,50,97450
20231222,11:10:16,89.6,100,97450
20231222,11:10:25,89.9,150,97450
20231222,11:10:34,89.25,50,97450
20231222,11:10:42,89.95,50,97450
20231222,11:10:51,90.0,100,97450
20231222,11:11:09,89.5,200,97450
20231222,11:12:23,88.5,150,97500
20231222,11:12:25,87.5,150,97500
20231222,11:13:17,90.0,100,97500
20231222,11:13:32,90.0,50,97500
20231222,11:14:11,90.0,50,97500
20231222,11:18:32,89.45,100,97550
20231222,11:19:12,89.4,50,97550
20231222,11:19:20,89.4,50,97550
20231222,11:19:28,89.45,100,97550
20231222,11:19:44,89.5,250,97550
20231222,11:20:08,89.95,100,97550
20231222,11:20:17,90.45,100,97550
20231222,11:20:26,90.5,250,97550
20231222,11:30:08,90.3,50,98300
20231222,11:30:17,90.5,50,98300
20231222,11:33:14,89.9,50,98350
20231222,11:33:39,90.45,50,98350
20231222,11:33:56,90.95,100,98350
20231222,11:47:50,90.6,50,98550
20231222,11:47:58,90.65,100,98550
20231222,11:48:13,90.85,50,98550
20231222,11:51:59,90.0,400,98650
20231222,11:52:07,90.0,200,98650
20231222,11:53:24,89.2,50,98650
20231222,12:02:43,89.0,150,99300
20231222,12:03:31,89.45,100,99350
20231222,12:06:30,89.45,50,99400
20231222,12:08:24,89.9,50,99400
20231222,12:11:33,90.45,50,99500
20231222,12:14:02,90.8,100,99500
20231222,12:14:09,90.85,50,99500
20231222,12:14:50,91.0,150,99500
20231222,12:14:59,91.25,50,99750
20231222,12:15:57,91.25,50,99750
20231222,12:16:28,91.5,150,99750
20231222,12:16:37,91.45,50,99750
20231222,12:17:51,91.9,50,99750
20231222,12:18:49,92.45,50,100100
20231222,12:19:34,92.9,50,100100
20231222,12:19:53,93.0,50,100100
20231222,12:20:19,92.4,50,100100
20231222,12:20:45,93.25,50,100100
20231222,12:23:02,92.7,50,100300
20231222,12:23:10,92.75,150,100300
20231222,12:24:25,92.25,50,100500
20231222,12:24:33,90.9,50,100500
20231222,12:24:41,92.5,200,100500
20231222,12:24:57,92.5,300,100500
20231222,12:25:05,92.45,150,100500
20231222,12:25:21,92.5,150,100500
20231222,12:26:17,92.75,50,100500
20231222,12:27:46,93.0,100,101400
20231222,12:28:35,92.7,50,101400
20231222,12:28:43,92.75,50,101400
20231222,12:29:15,92.75,50,101400
20231222,12:29:47,93.0,50,101400
20231222,12:30:02,92.8,50,101600
20231222,12:30:10,93.0,50,101600
20231222,12:30:36,93.0,50,101600
20231222,12:31:01,93.0,50,101600
20231222,12:31:19,93.15,150,101600
20231222,12:31:27,93.25,50,101600
20231222,12:32:34,93.5,100,101600
20231222,12:32:43,93.9,100,101600
20231222,12:33:39,95.45,300,102200
20231222,12:34:08,95.9,50,102200
20231222,12:37:20,96.0,50,102500
20231222,12:37:29,96.0,50,102500
20231222,12:38:14,95.75,200,102500
20231222,12:38:51,96.65,150,102500
20231222,12:40:11,95.15,100,102450
20231222,12:40:20,95.55,150,102450
20231222,12:43:11,94.7,150,102700
20231222,12:43:46,94.55,50,102700
20231222,12:45:26,94.0,50,102800
20231222,12:47:40,90.75,50,102800
20231222,12:49:06,90.75,150,102750
20231222,12:49:15,91.1,300,102750
20231222,12:57:07,91.0,150,103050
20231222,13:00:15,91.75,150,103200
20231222,13:01:37,91.9,50,103200
20231222,13:06:04,92.55,150,103400
20231222,13:08:48,92.9,50,103400
20231222,13:10:02,93.45,50,103600
20231222,13:13:35,93.9,50,103650
20231222,13:17:47,93.75,50,103650
20231222,13:18:29,94.0,200,103750
20231222,13:20:54,93.7,50,103750
20231222,13:22:41,92.75,50,104000
20231222,13:23:20,93.0,50,104000
20231222,13:23:36,92.5,150,104000
20231222,13:23:45,93.0,50,104000
20231222,13:24:33,93.0,100,104250
20231222,13:26:20,93.0,50,104250
20231222,13:26:36,93.0,50,104250
20231222,13:27:51,94.1,150,104450
20231222,13:30:50,94.1,100,104600
20231222,13:31:16,94.35,100,104600
20231222,13:34:00,94.45,50,104800
20231222,13:34:41,94.9,50,104800
20231222,13:35:06,94.25,50,104800
20231222,13:39:13,94.75,150,104850
20231222,13:39:22,95.0,50,104850
20231222,13:39:53,95.9,50,104850
20231222,13:40:22,96.45,50,104850
20231222,13:40:32,96.9,50,104850
20231222,13:41:21,98.0,50,104850
20231222,13:43:05,99.85,50,105250
20231222,13:43:14,100.25,500,105250
20231222,13:43:23,100.3,50,105250
20231222,13:48:28,102.0,50,105000
20231222,13:48:49,105.0,450,105000
20231222,13:49:09,105.0,200,105000
20231222,13:49:19,101.85,50,105000
20231222,13:56:47,101.0,50,105100
20231222,13:58:12,101.3,50,105150
20231222,13:58:36,101.3,50,105150
20231222,14:01:20,101.3,150,105200
20231222,14:01:36,100.8,750,105200
20231222,14:02:53,101.0,50,105200
20231222,14:03:24,99.9,50,105250
20231222,14:03:32,99.9,50,105250
20231222,14:03:48,98.25,50,105250
20231222,14:11:02,96.9,50,105400
20231222,14:12:42,97.9,50,105450
20231222,14:15:59,98.9,50,105500
20231222,14:22:55,95.0,50,105550
20231222,14:23:03,95.0,50,105550
20231222,14:23:27,95.75,50,105550
20231222,14:30:25,94.9,50,105700
20231222,14:30:33,94.9,50,105700
20231222,14:32:45,95.9,50,105700
20231222,14:34:40,96.5,100,105850
20231222,14:35:38,95.0,50,105850
20231222,14:35:46,95.0,50,105850
20231222,14:37:00,95.0,100,106050
20231222,14:40:22,90.45,200,106150
20231222,14:41:19,92.0,50,106150
20231222,14:45:37,90.45,200,106200
20231222,14:48:49,91.65,50,106050
20231222,14:48:57,92.0,50,106050
20231222,14:49:13,92.0,50,106050
20231222,14:53:28,93.0,50,106200
20231222,14:58:22,93.0,100,106100
20231222,14:58:49,92.95,50,106100
20231222,15:00:00,92.0,50,106100
20231222,15:00:18,92.35,100,106100
20231222,15:01:40,93.0,50,106250
20231222,15:04:14,93.05,50,106300
20231222,15:04:51,92.0,50,106300
20231222,15:05:57,94.15,50,106300
20231222,15:08:04,95.1,50,106450
20231222,15:10:57,96.55,50,106450
20231222,15:12:44,92.05,50,106450
20231222,15:12:54,90.95,200,106450
20231222,15:17:05,96.45,150,106450
20231222,15:21:32,92.5,50,106600
20231222,15:25:47,92.2,1300,106650
20231222,15:26:54,92.35,200,106650
20231222,15:27:13,92.35,200,106650
20231222,15:29:13,90.75,100,108100
20231226,09:17:13,92.0,1,106200
20231226,09:17:13,92.0,50,106200
20231226,09:18:51,92.05,250,106250
20231226,09:19:32,93.0,250,106250
20231226,09:23:01,91.0,50,106250
20231226,09:24:08,91.0,1000,106250
20231226,09:24:36,90.8,1050,106250
20231226,09:24:44,91.15,850,106250
20231226,09:26:13,89.8,50,106250
20231226,09:32:02,89.8,50,106300
20231226,09:33:04,91.3,150,106300
20231226,09:33:49,88.7,300,106300
20231226,09:33:58,88.2,300,106300
20231226,09:34:07,88.15,550,106300
20231226,09:34:16,88.15,450,106300
20231226,09:34:24,88.95,400,106300
20231226,09:34:33,89.25,600,106300
20231226,09:34:42,88.65,200,106300
20231226,09:34:51,88.35,250,106300
20231226,09:35:00,88.35,350,106300
20231226,09:35:09,88.8,350,106300
20231226,09:35:19,88.55,50,106300
20231226,09:35:29,89.0,50,106300
20231226,09:35:40,89.0,50,106300
20231226,09:35:50,88.1,200,106300
20231226,09:36:17,87.6,50,106300
20231226,09:36:26,87.55,250,106300
20231226,09:36:34,87.95,250,106300
20231226,09:36:43,87.45,250,106300
20231226,09:36:51,87.45,150,106300
20231226,09:37:00,87.25,400,106300
20231226,09:37:09,87.25,450,106300
20231226,09:37:18,87.45,200,106300
20231226,09:37:27,87.45,100,106300
20231226,09:37:35,87.75,250,106300
20231226,09:37:44,87.7,150,106300
20231226,09:37:53,87.7,250,106300
20231226,09:38:01,87.9,350,106300
20231226,09:38:10,87.9,350,106300
20231226,09:38:19,87.9,200,106300
20231226,09:38:28,87.7,250,106300
20231226,09:38:36,87.65,450,106300
20231226,09:38:45,87.65,250,106550
