date,time,tick_price,volume,open_interest
20231229,09:15:36,20.0,300,300
20231229,09:17:11,19.15,2200,300
20231229,09:17:16,18.95,350,300
20231229,09:17:22,18.75,900,300
20231229,09:17:37,18.55,350,300
20231229,09:17:42,18.75,100,300
20231229,09:17:59,18.35,1000,300
20231229,09:18:07,18.05,550,300
20231229,09:18:15,18.05,350,300
20231229,09:18:22,17.8,450,300
20231229,09:18:30,17.8,100,300
20231229,09:18:44,18.05,300,300
20231229,09:18:59,17.85,50,300
20231229,09:19:06,17.5,500,300
20231229,09:19:40,17.6,450,300
20231229,09:19:46,17.85,500,300
20231229,09:19:54,17.6,100,300
20231229,09:20:01,17.7,350,300
20231229,09:20:08,17.65,450,300
20231229,09:20:14,17.8,500,7000
20231229,09:20:35,17.85,650,7000
20231229,09:20:57,18.15,300,7000
20231229,09:21:04,17.95,1250,7000
20231229,09:21:11,17.95,1800,7000
20231229,09:21:18,18.0,200,7000
20231229,09:21:24,18.0,200,7000
20231229,09:21:31,18.05,350,7000
20231229,09:21:38,17.95,300,7000
20231229,09:21:45,17.6,400,7000
20231229,09:21:52,17.35,100,7000
20231229,09:22:08,17.1,1200,7000
20231229,09:22:17,17.3,550,7000
20231229,09:22:26,17.25,350,7000
20231229,09:22:33,17.2,250,7000
20231229,09:22:40,17.25,250,7000
20231229,09:22:46,17.3,300,7000
20231229,09:22:53,17.3,600,7000
20231229,09:23:00,17.05,1400,7000
20231229,09:23:07,17.05,350,7000
20231229,09:23:14,17.25,250,14500
20231229,09:23:28,17.3,250,14500
20231229,09:23:35,17.2,150,14500
20231229,09:23:42,17.2,50,14500
20231229,09:23:49,17.3,350,14500
20231229,09:23:56,17.4,100,14500
20231229,09:24:11,17.45,100,14500
20231229,09:24:18,17.45,50,14500
20231229,09:24:54,17.35,200,14500
20231229,09:25:01,17.2,300,14500
20231229,09:25:09,17.3,150,14500
20231229,09:25:16,17.4,150,14500
20231229,09:25:23,17.5,100,14500
20231229,09:25:30,17.5,50,14500
20231229,09:25:45,17.6,450,14500
20231229,09:25:51,17.55,150,14500
20231229,09:25:59,17.45,1350,14500
20231229,09:26:06,17.55,100,14500
20231229,09:26:20,17.55,1200,16650
20231229,09:26:28,17.55,300,16650
20231229,09:26:35,17.6,50,16650
20231229,09:26:49,17.7,100,16650
20231229,09:26:57,17.75,250,16650
20231229,09:27:05,17.8,200,16650
20231229,09:27:12,17.8,1050,16650
20231229,09:27:20,17.95,1050,16650
20231229,09:27:27,18.0,350,16650
20231229,09:27:35,18.05,50,16650
20231229,09:27:50,18.1,1200,16650
20231229,09:27:57,18.3,250,16650
20231229,09:28:05,18.35,1650,16650
20231229,09:28:13,18.4,600,16650
20231229,09:28:21,18.25,700,16650
20231229,09:28:28,18.25,300,16650
20231229,09:28:36,18.05,250,16650
20231229,09:28:43,18.2,450,16650
20231229,09:28:50,18.3,100,16650
20231229,09:28:57,18.15,50,16650
20231229,09:29:05,18.5,2100,16650
20231229,09:29:12,18.4,2950,26200
20231229,09:29:19,18.55,800,26200
20231229,09:29:26,18.55,1400,26200
20231229,09:29:34,18.6,650,26200
20231229,09:29:41,18.4,1500,26200
20231229,09:29:48,18.45,50,26200
20231229,09:29:56,18.4,200,26200
20231229,09:30:03,18.35,1300,26200
20231229,09:30:11,18.35,100,26200
20231229,09:30:18,18.55,100,26200
20231229,09:30:33,18.65,450,26200
20231229,09:30:40,18.8,200,26200
20231229,09:30:47,18.75,1800,26200
20231229,09:30:55,18.6,3300,26200
20231229,09:31:03,18.5,500,26200
20231229,09:31:11,18.5,250,26200
20231229,09:31:25,18.35,150,26200
20231229,09:31:33,18.3,550,26200
20231229,09:32:02,18.2,100,26200
20231229,09:32:17,18.05,600,31000
20231229,09:32:53,18.05,50,31000
20231229,09:33:01,18.05,300,31000
20231229,09:33:09,18.0,500,31000
20231229,09:33:26,17.9,100,31000
20231229,09:33:48,17.85,50,31000
20231229,09:33:56,17.8,100,31000
20231229,09:34:04,17.7,250,31000
20231229,09:34:21,17.9,200,31000
20231229,09:34:37,18.0,550,31000
20231229,09:34:46,18.05,850,31000
20231229,09:35:03,18.1,250,31000
20231229,09:35:10,18.1,150,31000
20231229,09:35:27,18.3,50,32150
20231229,09:35:42,18.3,250,32150
20231229,09:35:57,18.15,200,32150
20231229,09:36:04,18.15,150,32150
20231229,09:36:12,18.2,2700,32150
20231229,09:36:20,18.4,750,32150
20231229,09:36:27,18.45,100,32150
20231229,09:36:42,18.45,450,32150
20231229,09:36:56,18.45,100,32150
20231229,09:37:03,18.45,300,32150
20231229,09:37:11,18.35,100,32150
20231229,09:37:18,18.35,50,32150
20231229,09:37:25,18.35,1400,32150
20231229,09:37:33,18.15,400,32150
20231229,09:37:40,18.2,150,32150
20231229,09:37:55,18.35,250,32150
20231229,09:38:02,18.3,50,32150
20231229,09:38:09,18.15,250,32150
20231229,09:38:17,18.15,100,35650
20231229,09:38:24,18.2,200,35650
20231229,09:38:32,18.1,50,35650
20231229,09:38:40,18.05,1000,35650
20231229,09:38:54,18.1,550,35650
20231229,09:39:01,18.05,50,35650
20231229,09:39:09,17.9,100,35650
20231229,09:39:23,17.95,50,35650
20231229,09:39:30,18.0,50,35650
20231229,09:39:38,17.85,750,35650
20231229,09:39:46,17.85,50,35650
20231229,09:39:53,18.05,200,35650
20231229,09:40:01,18.05,100,35650
20231229,09:40:08,17.95,50,35650
20231229,09:40:16,17.65,150,35650
20231229,09:40:24,17.75,50,35650
20231229,09:40:53,17.8,150,35650
20231229,09:41:01,17.6,1000,35650
20231229,09:41:45,17.85,50,37200
20231229,09:42:08,17.8,1000,37200
20231229,09:42:16,17.75,50,37200
20231229,09:42:24,17.85,200,37200
20231229,09:42:39,18.0,100,37200
20231229,09:42:46,18.0,50,37200
20231229,09:43:01,18.3,1250,37200
20231229,09:44:22,18.0,400,37900
20231229,09:44:50,18.05,1050,37900
20231229,09:44:57,18.0,50,37900
20231229,09:45:26,17.95,300,37900
20231229,09:45:52,18.05,50,37900
20231229,09:45:59,18.0,250,37900
20231229,09:46:07,17.8,800,37900
20231229,09:46:14,17.75,150,37900
20231229,09:46:21,17.95,550,37900
20231229,09:46:28,17.9,50,37900
20231229,09:47:30,17.75,350,40800
20231229,09:47:38,17.8,100,40800
20231229,09:47:45,17.75,100,40800
20231229,09:48:04,17.7,50,40800
20231229,09:48:18,17.85,1900,40800
20231229,09:48:25,17.9,800,40800
20231229,09:48:32,17.9,100,40800
20231229,09:48:39,18.0,300,40800
20231229,09:49:00,18.05,50,40800
20231229,09:49:15,18.1,1200,40800
20231229,09:49:37,18.2,50,40800
20231229,09:50:05,18.1,50,40800
20231229,09:50:11,18.05,200,40800
20231229,09:50:47,18.1,50,41100
20231229,09:51:08,18.05,250,41100
20231229,09:51:15,18.0,50,41100
20231229,09:51:29,17.95,400,41100
20231229,09:52:04,18.05,100,41100
20231229,09:52:11,18.0,100,41100
20231229,09:52:40,17.95,250,41100
20231229,09:52:54,17.9,100,41100
20231229,09:53:01,17.9,50,41100
20231229,09:53:08,17.95,200,41100
20231229,09:53:16,18.0,750,41450
20231229,09:53:24,17.95,700,41450
20231229,09:53:31,17.95,150,41450
20231229,09:53:52,18.0,50,41450
20231229,09:53:59,18.0,50,41450
20231229,09:54:07,18.0,400,41450
20231229,09:54:15,18.0,200,41450
20231229,09:54:22,18.0,150,41450
20231229,09:54:30,18.05,300,41450
20231229,09:54:38,18.1,150,41450
20231229,09:54:46,18.1,400,41450
20231229,09:54:53,18.15,550,41450
20231229,09:55:01,17.95,800,41450
20231229,09:55:16,17.85,250,41450
20231229,09:55:37,17.85,1350,41450
20231229,09:55:44,17.85,50,41450
20231229,09:55:51,17.75,200,41450
20231229,09:55:59,17.7,1150,41450
20231229,09:56:07,17.75,50,41450
20231229,09:56:14,17.8,5550,46850
20231229,09:56:21,17.8,1900,46850
20231229,09:56:29,17.85,950,46850
20231229,09:56:36,17.85,500,46850
20231229,09:56:43,17.9,450,46850
20231229,09:56:51,17.9,200,46850
20231229,09:57:29,17.85,1150,46850
20231229,09:57:43,17.85,1850,46850
20231229,09:57:50,17.85,3250,46850
20231229,09:57:57,17.85,500,46850
20231229,09:58:05,17.8,700,46850
20231229,09:58:13,17.8,900,46850
20231229,09:58:30,17.6,250,46850
20231229,09:58:37,17.7,50,46850
20231229,09:58:45,17.75,150,46850
20231229,09:58:53,17.8,50,46850
20231229,09:59:00,17.65,5150,46850
20231229,09:59:16,17.6,50,46850
20231229,09:59:23,17.5,200,58000
20231229,09:59:38,17.4,350,58000
20231229,09:59:46,17.35,200,58000
20231229,09:59:54,17.25,200,58000
20231229,10:00:02,17.2,350,58000
20231229,10:00:10,17.1,1800,58000
20231229,10:00:17,17.2,3300,58000
20231229,10:00:37,17.4,200,58000
20231229,10:00:44,17.3,750,58000
20231229,10:00:59,17.2,350,58000
20231229,10:01:07,17.15,300,58000
20231229,10:01:14,17.15,700,58000
20231229,10:01:58,17.2,50,58000
20231229,10:02:05,17.25,50,58000
20231229,10:02:27,17.25,150,62950
20231229,10:02:34,17.3,50,62950
20231229,10:02:42,17.3,50,62950
20231229,10:02:49,17.3,50,62950
20231229,10:03:25,17.4,500,62950
20231229,10:03:39,17.4,550,62950
20231229,10:03:55,17.6,100,62950
20231229,10:04:09,17.7,50,62950
20231229,10:04:38,17.6,50,62950
20231229,10:04:59,17.5,150,62950
20231229,10:05:06,17.5,50,62950
20231229,10:05:13,17.5,100,62950
20231229,10:05:20,17.45,550,63300
20231229,10:05:27,17.3,50,63300
20231229,10:06:03,17.45,50,63300
20231229,10:06:10,17.4,100,63300
20231229,10:06:17,17.55,150,63300
20231229,10:06:24,17.55,50,63300
20231229,10:06:39,17.35,500,63300
20231229,10:06:53,17.3,50,63300
20231229,10:07:15,17.25,100,63300
20231229,10:07:23,17.3,50,63300
20231229,10:07:38,17.2,450,63300
20231229,10:07:46,17.0,500,63300
20231229,10:07:55,16.95,50,63300
20231229,10:08:05,16.8,450,63300
20231229,10:08:14,16.75,1050,63300
20231229,10:08:23,16.75,1050,65100
20231229,10:08:32,16.6,350,65100
20231229,10:08:41,16.6,100,65100
20231229,10:08:58,16.6,50,65100
20231229,10:09:06,16.4,600,65100
20231229,10:09:22,16.4,100,65100
20231229,10:09:29,16.3,250,65100
20231229,10:10:07,16.05,1000,65100
20231229,10:10:26,16.0,750,65100
20231229,10:10:42,16.0,900,65100
20231229,10:11:06,15.9,200,65100
20231229,10:11:14,15.8,400,65100
20231229,10:11:31,15.8,700,65800
20231229,10:11:46,15.9,200,65800
20231229,10:11:54,15.85,900,65800
20231229,10:12:24,15.65,300,65800
20231229,10:12:32,15.65,400,65800
20231229,10:12:40,15.75,1100,65800
20231229,10:12:48,15.85,50,65800
20231229,10:13:03,15.85,750,65800
20231229,10:13:18,15.6,1350,65800
20231229,10:13:26,15.55,650,65800
20231229,10:13:34,15.55,250,65800
20231229,10:13:41,15.55,850,65800
20231229,10:13:48,15.6,900,65800
20231229,10:13:56,15.55,250,65800
20231229,10:14:03,15.55,650,65800
20231229,10:14:11,15.65,400,65800
20231229,10:14:18,15.55,150,65800
20231229,10:14:25,15.55,50,64650
20231229,10:14:33,15.5,200,64650
20231229,10:14:53,15.35,300,64650
20231229,10:15:03,15.25,100,64650
20231229,10:15:13,15.25,250,64650
20231229,10:15:22,15.25,600,64650
20231229,10:15:53,15.4,250,64650
20231229,10:16:10,15.5,50,64650
20231229,10:16:18,15.35,50,64650
20231229,10:16:34,15.5,100,64650
20231229,10:16:42,15.5,250,64650
20231229,10:17:04,15.5,750,64650
20231229,10:17:20,15.5,550,65400
20231229,10:17:28,15.55,200,65400
20231229,10:17:44,15.5,250,65400
20231229,10:18:07,15.6,400,65400
20231229,10:18:15,15.65,200,65400
20231229,10:18:23,15.55,50,65400
20231229,10:18:39,15.6,750,65400
20231229,10:18:54,15.55,50,65400
20231229,10:19:02,15.55,300,65400
20231229,10:19:09,15.6,100,65400
20231229,10:19:26,15.6,250,65400
20231229,10:19:34,15.5,50,65400
20231229,10:19:42,15.6,5400,65400
20231229,10:19:50,15.45,10450,65400
20231229,10:19:58,15.45,6450,65400
20231229,10:20:07,15.5,200,65400
20231229,10:20:31,15.4,10300,80900
20231229,10:20:39,15.45,4300,80900
20231229,10:21:02,15.5,500,80900
20231229,10:21:10,15.5,700,80900
20231229,10:21:17,15.45,600,80900
20231229,10:21:25,15.5,450,80900
20231229,10:21:49,15.6,150,80900
20231229,10:21:56,15.55,50,80900
20231229,10:22:04,15.4,2800,80900
20231229,10:22:12,15.5,1550,80900
20231229,10:22:27,15.55,50,80900
20231229,10:22:35,15.6,150,80900
20231229,10:22:43,15.5,300,80900
20231229,10:23:19,15.45,250,80900
20231229,10:23:26,15.45,600,91850
20231229,10:23:41,15.45,100,91850
20231229,10:24:11,15.55,200,91850
20231229,10:24:20,15.75,950,91850
20231229,10:24:28,15.55,300,91850
20231229,10:24:36,15.6,500,91850
20231229,10:24:45,15.7,650,91850
20231229,10:25:00,15.85,50,91850
20231229,10:25:08,15.9,50,91850
20231229,10:25:15,15.9,650,91850
20231229,10:25:23,15.8,1100,91850
20231229,10:25:30,15.85,1500,91850
20231229,10:25:52,15.8,1300,91850
20231229,10:25:59,15.8,350,91850
20231229,10:26:07,15.8,550,91850
20231229,10:26:14,15.8,50,91850
20231229,10:26:28,15.8,100,94000
20231229,10:26:36,15.75,100,94000
20231229,10:26:51,15.6,500,94000
20231229,10:27:06,15.6,750,94000
20231229,10:27:21,15.75,50,94000
20231229,10:27:28,15.8,50,94000
20231229,10:27:43,15.8,100,94000
20231229,10:28:25,15.7,200,94000
20231229,10:28:33,15.75,50,94000
20231229,10:28:40,15.75,500,94000
20231229,10:28:54,15.65,250,94000
20231229,10:29:17,15.6,300,94000
20231229,10:29:25,15.55,150,94500
20231229,10:29:41,15.5,100,94500
20231229,10:29:48,15.5,100,94500
20231229,10:30:27,15.75,350,94500
20231229,10:30:35,15.7,1150,94500
20231229,10:31:06,15.6,750,94500
20231229,10:31:29,15.6,900,94500
20231229,10:31:37,15.55,1150,94500
20231229,10:31:52,15.5,250,94500
20231229,10:32:06,15.45,100,94500
20231229,10:32:14,15.3,250,94500
20231229,10:32:21,15.5,1250,93250
20231229,10:32:30,15.65,50,93250
20231229,10:32:38,15.65,50,93250
20231229,10:32:45,15.5,50,93250
20231229,10:32:54,15.6,100,93250
20231229,10:33:09,15.6,50,93250
20231229,10:33:17,15.65,7350,93250
20231229,10:33:25,15.6,500,93250
20231229,10:33:32,15.55,1550,93250
20231229,10:34:10,15.6,100,93250
20231229,10:34:24,15.7,50,93250
20231229,10:34:38,15.85,7200,93250
20231229,10:34:45,15.8,50,93250
20231229,10:34:59,15.75,4350,93250
20231229,10:35:07,15.75,1600,93250
20231229,10:35:14,15.85,100,93250
20231229,10:35:36,15.85,750,94300
20231229,10:35:50,15.75,100,94300
20231229,10:36:05,15.7,100,94300
20231229,10:36:12,15.7,250,94300
20231229,10:36:48,15.8,250,94300
20231229,10:37:03,16.0,1650,94300
20231229,10:37:11,16.05,2200,94300
20231229,10:37:48,15.8,800,94300
20231229,10:37:55,15.8,50,94300
20231229,10:38:09,15.85,400,94300
20231229,10:38:16,15.9,450,94300
20231229,10:38:31,15.85,100,95300
20231229,10:38:38,15.8,100,95300
20231229,10:38:46,15.85,150,95300
20231229,10:38:53,15.8,700,95300
20231229,10:39:00,15.85,250,95300
20231229,10:39:07,15.9,700,95300
20231229,10:39:58,15.9,250,95300
20231229,10:40:05,15.9,1000,95300
20231229,10:40:26,15.85,200,95300
20231229,10:40:55,15.8,50,95300
20231229,10:41:01,15.8,50,95300
20231229,10:41:09,15.7,450,95300
20231229,10:41:24,15.7,100,96550
20231229,10:41:32,15.7,500,96550
20231229,10:41:40,15.8,50,96550
20231229,10:42:02,15.8,50,96550
20231229,10:42:10,15.8,1200,96550
20231229,10:42:18,15.85,100,96550
20231229,10:42:26,15.85,150,96550
20231229,10:42:33,15.8,550,96550
20231229,10:42:41,15.9,50,96550
20231229,10:42:48,15.9,100,96550
20231229,10:42:56,15.95,150,96550
20231229,10:43:04,15.9,50,96550
20231229,10:43:11,15.9,1450,96550
20231229,10:43:26,15.9,50,96550
20231229,10:43:48,15.8,250,96550
20231229,10:43:56,15.95,3750,96550
20231229,10:44:26,15.95,200,96550
20231229,10:44:33,15.95,200,97650
20231229,10:44:41,15.85,250,97650
20231229,10:45:04,15.85,400,97650
20231229,10:45:20,15.9,300,97650
20231229,10:45:35,16.0,150,97650
20231229,10:45:42,16.0,200,97650
20231229,10:45:50,16.0,200,97650
20231229,10:45:57,16.0,50,97650
20231229,10:46:05,16.1,550,97650
20231229,10:46:21,16.1,250,97650
20231229,10:46:38,16.25,100,97650
20231229,10:46:47,16.35,250,97650
20231229,10:46:56,16.35,950,97650
20231229,10:47:05,16.3,50,97650
20231229,10:47:13,16.2,550,97650
20231229,10:47:22,16.25,150,97650
20231229,10:47:30,16.35,150,99000
20231229,10:47:38,16.3,50,99000
20231229,10:47:46,16.3,50,99000
20231229,10:47:55,16.25,50,99000
20231229,10:48:02,16.3,150,99000
20231229,10:48:18,16.3,50,99000
20231229,10:48:26,16.35,150,99000
20231229,10:48:49,16.25,100,99000
20231229,10:49:04,16.25,100,99000
20231229,10:49:21,15.95,500,99000
20231229,10:49:37,16.1,50,99000
20231229,10:50:01,16.1,500,99000
20231229,10:50:10,16.0,7450,99000
20231229,10:50:26,16.05,7250,98500
20231229,10:50:34,15.85,450,98500
20231229,10:50:43,15.9,300,98500
20231229,10:50:59,16.0,1150,98500
20231229,10:51:07,16.0,400,98500
20231229,10:51:23,15.75,7200,98500
20231229,10:51:31,15.9,950,98500
20231229,10:51:38,15.85,200,98500
20231229,10:52:02,15.8,2000,98500
20231229,10:52:25,15.85,750,98500
20231229,10:52:33,15.85,50,98500
20231229,10:52:40,15.8,200,98500
20231229,10:52:49,15.8,50,98500
20231229,10:52:57,15.8,900,98500
20231229,10:53:04,15.85,1300,98500
20231229,10:53:12,15.75,2050,98500
20231229,10:53:36,15.85,1000,98450
20231229,10:54:10,15.65,350,98450
20231229,10:54:19,15.7,1400,98450
20231229,10:54:29,15.6,100,98450
20231229,10:54:46,15.55,950,98450
20231229,10:54:55,15.55,250,98450
20231229,10:55:03,15.55,650,98450
20231229,10:55:12,15.6,650,98450
20231229,10:55:20,15.55,750,98450
20231229,10:55:28,15.5,2300,98450
20231229,10:55:44,15.6,350,98450
20231229,10:56:01,15.55,100,98450
20231229,10:56:09,15.5,50,98450
20231229,10:56:17,15.55,100,98450
20231229,10:56:33,15.5,450,99950
20231229,10:56:41,15.5,50,99950
20231229,10:56:49,15.6,250,99950
20231229,10:57:05,15.65,1800,99950
20231229,10:57:13,15.65,1800,99950
20231229,10:57:21,15.65,400,99950
20231229,10:57:45,15.45,250,99950
20231229,10:58:55,15.5,450,99950
20231229,10:59:11,15.4,100,99950
20231229,10:59:35,15.35,200,101550
20231229,11:00:24,15.4,1300,101550
20231229,11:00:40,15.4,750,101550
20231229,11:00:48,15.4,250,101550
20231229,11:01:03,15.3,450,101550
20231229,11:01:36,15.25,550,101550
20231229,11:01:44,15.3,500,101550
20231229,11:01:52,15.35,500,101550
20231229,11:02:00,15.4,250,101550
20231229,11:02:25,15.3,50,101650
20231229,11:02:33,15.3,50,101650
20231229,11:02:41,15.35,450,101650
20231229,11:03:04,15.45,150,101650
20231229,11:03:37,15.55,400,101650
20231229,11:03:59,15.55,50,101650
20231229,11:04:31,15.55,200,101650
20231229,11:05:03,15.6,350,101650
20231229,11:06:13,15.5,200,102350
20231229,11:06:29,15.35,100,102350
20231229,11:06:53,15.55,150,102350
20231229,11:07:53,15.6,400,102350
20231229,11:08:01,15.65,50,102350
20231229,11:09:11,15.2,3000,101350
20231229,11:09:19,15.15,550,101350
20231229,11:09:27,15.15,100,101350
20231229,11:09:51,15.35,250,101350
20231229,11:09:58,15.35,100,101350
20231229,11:10:06,15.35,2000,101350
20231229,11:10:14,15.4,1550,101350
20231229,11:10:22,15.4,100,101350
20231229,11:10:29,15.4,800,101350
20231229,11:10:37,15.35,250,101350
20231229,11:10:45,15.3,1850,101350
20231229,11:11:00,15.4,350,101350
20231229,11:11:53,15.5,600,100700
20231229,11:12:09,15.5,1400,100700
20231229,11:12:16,15.35,250,100700
20231229,11:12:39,15.4,50,100700
20231229,11:12:46,15.3,400,100700
20231229,11:13:25,15.3,50,100700
20231229,11:13:33,15.3,200,100700
20231229,11:14:09,15.2,200,100700
20231229,11:14:16,15.3,950,100700
20231229,11:14:49,15.35,250,100600
20231229,11:16:08,15.45,250,100600
20231229,11:16:32,15.6,400,100600
20231229,11:16:40,15.6,800,100600
20231229,11:17:13,15.7,550,100600
20231229,11:17:22,15.7,200,100600
20231229,11:17:39,15.75,250,101650
20231229,11:17:47,15.7,400,101650
20231229,11:17:56,15.55,300,101650
20231229,11:19:02,15.6,150,101650
20231229,11:19:18,15.7,50,101650
20231229,11:19:26,15.7,100,101650
20231229,11:19:50,15.7,200,101650
20231229,11:20:16,15.85,450,101650
20231229,11:20:40,15.85,2900,101100
20231229,11:21:14,15.95,750,101100
20231229,11:21:38,15.7,200,101100
20231229,11:21:46,15.65,1400,101100
20231229,11:21:54,15.65,750,101100
20231229,11:22:02,15.65,1500,101100
20231229,11:22:26,15.65,500,101100
20231229,11:23:20,15.55,50,101100
20231229,11:23:28,15.55,100,101100
20231229,11:24:21,15.65,650,104050
20231229,11:24:29,15.75,1050,104050
20231229,11:24:46,15.8,150,104050
20231229,11:24:54,16.0,1000,104050
20231229,11:25:03,15.9,450,104050
20231229,11:25:11,15.9,250,104050
20231229,11:25:26,15.9,200,104050
20231229,11:26:08,15.9,450,104050
20231229,11:26:24,15.9,50,104050
20231229,11:26:32,16.0,200,104050
20231229,11:26:55,15.9,650,104050
20231229,11:27:10,15.9,200,104050
20231229,11:27:33,15.85,250,104050
20231229,11:27:48,15.8,50,104050
20231229,11:28:19,15.85,1850,104050
20231229,11:28:42,15.85,1250,104050
20231229,11:28:50,15.8,1150,104050
20231229,11:28:59,15.75,850,104050
20231229,11:29:07,15.75,500,104050
20231229,11:29:16,15.65,1250,104050
20231229,11:29:32,15.65,1200,108700
20231229,11:29:40,15.65,500,108700
20231229,11:30:03,15.6,250,108700
20231229,11:30:19,15.8,1150,108700
20231229,11:30:35,15.8,1200,108700
20231229,11:31:50,15.8,500,108700
20231229,11:31:58,15.85,150,108700
20231229,11:32:13,15.85,400,108700
20231229,11:32:28,15.75,250,111050
20231229,11:33:07,15.7,500,111050
20231229,11:33:22,15.7,50,111050
20231229,11:33:30,15.7,650,111050
20231229,11:33:38,15.8,3050,111050
20231229,11:33:53,15.85,50,111050
20231229,11:34:01,15.8,50,111050
20231229,11:34:24,15.9,50,111050
20231229,11:34:32,16.1,2800,111050
20231229,11:34:52,16.2,50,111050
20231229,11:35:01,16.1,100,111050
20231229,11:35:18,16.15,600,111050
20231229,11:35:26,16.2,50,111050
20231229,11:35:42,16.2,400,113800
20231229,11:35:58,16.4,5750,113800
20231229,11:36:07,16.4,150,113800
20231229,11:36:23,16.35,50,113800
20231229,11:36:49,16.3,750,113800
20231229,11:36:57,16.25,50,113800
20231229,11:37:13,16.2,250,113800
20231229,11:37:29,16.25,150,113800
20231229,11:38:00,16.35,850,113800
20231229,11:38:17,16.35,50,113800
20231229,11:38:25,16.35,100,113800
20231229,11:38:33,16.4,150,118850
20231229,11:39:28,16.4,250,118850
20231229,11:39:44,16.35,50,118850
20231229,11:40:01,16.35,100,118850
20231229,11:40:10,16.3,450,118850
20231229,11:40:18,16.4,250,118850
20231229,11:40:26,16.25,250,118850
20231229,11:40:34,16.3,200,118850
20231229,11:40:42,16.3,550,118850
20231229,11:40:53,16.3,50,118850
20231229,11:41:03,16.4,500,118850
20231229,11:41:21,16.3,150,118850
20231229,11:41:39,16.3,600,117550
20231229,11:42:21,16.25,550,117550
20231229,11:42:45,16.35,50,117550
20231229,11:42:52,16.2,250,117550
20231229,11:43:34,16.2,200,117550
20231229,11:44:30,16.1,400,117550
20231229,11:45:03,15.95,1100,118100
20231229,11:45:11,15.9,500,118100
20231229,11:45:20,15.95,150,118100
20231229,11:45:43,15.95,50,118100
20231229,11:46:07,15.9,50,118100
20231229,11:46:15,15.95,50,118100
20231229,11:46:39,15.9,450,118100
20231229,11:46:46,15.9,150,118100
20231229,11:47:09,15.85,150,118100
20231229,11:47:17,15.85,150,118100
20231229,11:47:24,15.85,50,118100
20231229,11:47:32,15.8,350,117550
20231229,11:47:40,15.8,150,117550
20231229,11:47:47,15.8,200,117550
20231229,11:47:55,15.85,850,117550
20231229,11:48:10,15.85,100,117550
20231229,11:48:18,15.85,400,117550
20231229,11:48:26,15.9,100,117550
20231229,11:48:34,15.85,250,117550
20231229,11:48:42,15.85,100,117550
20231229,11:48:49,15.85,150,117550
20231229,11:48:58,15.8,200,117550
20231229,11:49:23,15.75,300,117550
20231229,11:49:39,15.7,250,117550
20231229,11:49:47,15.7,50,117550
20231229,11:50:10,15.8,300,117550
20231229,11:50:18,15.8,50,117550
20231229,11:50:25,15.75,450,117550
20231229,11:50:41,15.75,100,116700
20231229,11:51:04,15.7,350,116700
20231229,11:51:12,15.7,100,116700
20231229,11:52:05,15.75,250,116700
20231229,11:52:19,15.8,250,116700
20231229,11:52:54,15.65,250,116700
20231229,11:53:24,15.7,150,116700
20231229,11:53:39,15.65,550,115950
20231229,11:53:46,15.65,50,115950
20231229,11:54:08,15.65,100,115950
20231229,11:54:30,15.65,50,115950
20231229,11:54:52,15.65,50,115950
20231229,11:55:31,15.75,600,115950
20231229,11:55:48,15.75,100,115950
20231229,11:55:56,15.7,450,115950
20231229,11:56:04,15.7,150,115950
20231229,11:56:12,15.75,500,115950
20231229,11:56:20,15.75,200,115950
20231229,11:56:28,15.8,100,115950
20231229,11:56:37,15.8,50,116000
20231229,11:56:45,15.8,150,116000
20231229,11:57:59,15.85,150,116000
20231229,11:58:33,15.9,300,116000
20231229,11:58:59,16.0,200,116000
20231229,11:59:09,16.0,450,116000
20231229,12:00:30,15.9,50,115650
20231229,12:00:38,15.95,50,115650
20231229,12:01:01,15.9,50,115650
20231229,12:01:09,15.8,1050,115650
20231229,12:01:18,15.65,5600,115650
20231229,12:01:26,15.6,1250,115650
20231229,12:01:34,15.65,750,115650
20231229,12:01:42,15.65,300,115650
20231229,12:01:57,15.55,200,115650
20231229,12:02:05,15.6,200,115650
20231229,12:02:13,15.6,500,115650
20231229,12:02:21,15.55,50,115650
20231229,12:02:36,15.55,50,112600
20231229,12:02:58,15.5,50,112600
20231229,12:03:13,15.6,500,112600
20231229,12:04:16,15.7,250,112600
20231229,12:04:47,15.65,450,112600
20231229,12:05:26,15.75,50,112600
20231229,12:05:40,15.65,550,113300
20231229,12:05:56,15.65,50,113300
20231229,12:06:49,15.6,150,113300
20231229,12:06:57,15.75,2000,113300
20231229,12:07:12,15.65,250,113300
20231229,12:07:26,15.55,50,113300
20231229,12:07:49,15.6,100,113300
20231229,12:09:29,15.75,50,115200
20231229,12:09:37,15.8,50,115200
20231229,12:09:46,15.8,150,115200
20231229,12:09:54,15.8,1100,115200
20231229,12:10:01,15.9,100,115200
20231229,12:11:02,15.85,50,115200
20231229,12:11:39,15.8,1850,116400
20231229,12:11:46,15.9,150,116400
20231229,12:11:54,15.9,2100,116400
20231229,12:12:09,15.95,1800,116400
20231229,12:12:16,15.95,50,116400
20231229,12:12:33,16.05,1800,116400
20231229,12:12:40,15.9,650,116400
20231229,12:12:48,15.85,350,116400
20231229,12:12:56,15.95,2100,116400
20231229,12:13:11,16.05,800,116400
20231229,12:13:18,15.95,400,116400
20231229,12:14:34,15.85,550,116400
20231229,12:14:41,15.8,50,124350
20231229,12:15:04,15.75,400,124350
20231229,12:15:19,15.75,50,124350
20231229,12:15:34,15.8,750,124350
20231229,12:16:25,15.85,250,124350
20231229,12:16:40,15.85,50,124350
20231229,12:16:56,15.85,500,124350
20231229,12:17:27,15.85,300,124350
20231229,12:18:40,15.7,1000,123500
20231229,12:19:18,15.85,150,123500
20231229,12:19:25,15.85,200,123500
20231229,12:20:34,15.85,200,123500
20231229,12:22:07,15.95,50,122500
20231229,12:23:52,15.9,50,121750
20231229,12:25:03,16.0,100,121750
20231229,12:25:25,16.0,50,121750
20231229,12:25:33,16.1,2000,121750
20231229,12:25:40,16.1,3050,121750
20231229,12:25:47,16.1,2400,121750
20231229,12:26:02,16.15,1800,121750
20231229,12:26:17,16.15,550,121750
20231229,12:26:48,16.05,250,128450
20231229,12:27:03,16.05,550,128450
20231229,12:28:11,15.95,250,128450
20231229,12:28:19,15.9,250,128450
20231229,12:28:27,15.9,1200,128450
20231229,12:28:42,15.95,700,128450
20231229,12:28:57,15.9,250,128450
20231229,12:29:12,15.9,550,128450
20231229,12:29:33,15.85,50,128450
20231229,12:29:49,15.8,750,125000
20231229,12:29:58,15.8,150,125000
20231229,12:30:07,15.6,600,125000
20231229,12:30:16,15.55,350,125000
20231229,12:30:33,15.55,500,125000
20231229,12:30:41,15.55,300,125000
20231229,12:30:59,15.4,400,125000
20231229,12:31:09,15.4,300,125000
20231229,12:31:17,15.5,1400,125000
20231229,12:32:08,15.65,850,125000
20231229,12:32:23,15.7,650,125000
20231229,12:32:47,15.5,650,123150
20231229,12:32:55,15.55,450,123150
20231229,12:33:03,15.5,1000,123150
20231229,12:33:58,15.65,100,123150
20231229,12:34:14,15.5,250,123150
20231229,12:34:22,15.55,250,123150
20231229,12:34:38,15.6,50,123150
20231229,12:35:09,15.65,50,123150
20231229,12:35:46,15.55,500,121900
20231229,12:36:01,15.5,50,121900
20231229,12:36:10,15.55,1450,121900
20231229,12:36:26,15.5,200,121900
20231229,12:36:50,15.6,50,121900
20231229,12:37:12,15.5,800,121900
20231229,12:37:42,15.5,550,121900
20231229,12:38:20,15.55,50,121900
20231229,12:38:35,15.5,50,121900
20231229,12:39:05,15.45,250,119400
20231229,12:39:13,15.4,1000,119400
20231229,12:39:47,15.2,1100,119400
20231229,12:40:04,15.2,250,119400
20231229,12:40:21,15.15,100,119400
20231229,12:40:29,15.05,100,119400
20231229,12:40:38,15.05,350,119400
20231229,12:40:46,15.1,600,119400
20231229,12:40:53,15.05,50,119400
20231229,12:41:09,15.2,50,119400
20231229,12:41:56,15.05,600,120850
20231229,12:42:04,15.1,50,120850
20231229,12:42:12,15.0,250,120850
20231229,12:42:21,15.0,100,120850
20231229,12:42:30,15.1,1000,120850
20231229,12:42:38,15.2,600,120850
20231229,12:43:50,15.1,250,120850
20231229,12:44:06,15.15,200,120850
20231229,12:45:04,15.2,1450,121100
20231229,12:45:21,15.15,250,121100
20231229,12:45:29,15.15,950,121100
20231229,12:45:45,15.05,850,121100
20231229,12:46:09,15.05,50,121100
20231229,12:46:33,15.0,200,121100
20231229,12:46:49,14.85,50,121100
20231229,12:46:56,14.8,400,121100
20231229,12:47:27,14.8,900,121100
20231229,12:47:35,14.7,50,121100
20231229,12:48:06,14.7,1800,121200
20231229,12:48:29,14.6,750,121200
20231229,12:48:38,14.5,1400,121200
20231229,12:48:46,14.5,800,121200
20231229,12:50:00,14.8,200,121200
20231229,12:50:09,14.8,1150,121200
20231229,12:50:49,14.7,50,120800
20231229,12:51:03,14.7,500,120800
20231229,12:51:19,14.65,400,120800
20231229,12:51:27,14.65,400,120800
20231229,12:51:42,14.5,350,120800
20231229,12:51:49,14.45,200,120800
20231229,12:52:20,14.45,500,120800
20231229,12:53:05,14.35,1350,120800
20231229,12:53:14,14.45,400,120800
20231229,12:53:22,14.5,750,120800
20231229,12:53:30,14.4,150,120800
20231229,12:53:46,14.6,650,122050
20231229,12:54:31,14.65,50,122050
20231229,12:55:08,14.6,50,122050
20231229,12:55:16,14.6,1200,122050
20231229,12:55:23,14.65,350,122050
20231229,12:55:31,14.6,300,122050
20231229,12:55:46,14.6,1200,122050
20231229,12:56:01,14.6,400,122050
20231229,12:56:25,14.65,200,122050
20231229,12:57:31,14.6,150,123850
20231229,12:57:39,14.6,50,123850
20231229,12:57:55,14.55,600,123850
20231229,12:58:24,14.5,50,123850
20231229,12:59:24,14.45,1000,123850
20231229,12:59:52,14.4,50,124850
20231229,13:00:01,14.4,1700,124850
20231229,13:00:17,14.4,500,124850
20231229,13:01:44,14.45,250,124850
20231229,13:02:15,14.5,50,124850
20231229,13:02:32,14.45,1800,124850
20231229,13:02:49,14.45,250,127850
20231229,13:03:14,14.35,200,127850
20231229,13:03:22,14.4,550,127850
20231229,13:04:03,14.3,1150,127850
20231229,13:04:12,14.5,400,127850
20231229,13:04:20,14.45,1350,127850
20231229,13:04:45,14.45,400,127850
20231229,13:04:53,14.45,50,127850
20231229,13:05:01,14.45,50,127850
20231229,13:05:10,14.45,50,127850
20231229,13:05:57,14.55,200,128850
20231229,13:06:29,14.6,50,128850
20231229,13:06:37,14.55,200,128850
20231229,13:06:45,14.5,5000,128850
20231229,13:06:53,14.45,10000,128850
20231229,13:07:16,14.45,250,128850
20231229,13:07:24,14.5,1250,128850
20231229,13:08:49,14.6,50,123800
20231229,13:08:56,14.6,50,123800
20231229,13:09:19,14.65,1100,123800
20231229,13:09:27,14.65,450,123800
20231229,13:09:50,14.5,500,123800
20231229,13:10:13,14.55,50,123800
20231229,13:10:20,14.55,50,123800
20231229,13:10:28,14.5,500,123800
20231229,13:10:36,14.5,150,123800
20231229,13:10:52,14.45,450,123800
20231229,13:10:59,14.5,100,123800
20231229,13:11:07,14.45,200,123800
20231229,13:11:24,14.5,1000,123800
20231229,13:11:31,14.55,5400,123800
20231229,13:11:47,14.5,500,125500
20231229,13:12:02,14.5,1200,125500
20231229,13:12:10,14.5,250,125500
20231229,13:12:17,14.5,500,125500
20231229,13:12:33,14.6,2000,125500
20231229,13:12:48,14.6,600,125500
20231229,13:13:04,14.65,650,125500
20231229,13:13:12,14.6,1100,125500
20231229,13:13:50,14.75,650,125500
20231229,13:14:07,14.75,400,125500
20231229,13:14:53,14.75,500,126750
20231229,13:15:25,14.85,250,126750
20231229,13:15:41,14.85,400,126750
20231229,13:17:23,14.8,300,126750
20231229,13:17:39,14.85,50,126750
20231229,13:18:10,14.95,150,125650
20231229,13:18:33,14.9,50,125650
20231229,13:19:12,14.7,50,125650
20231229,13:19:20,14.7,500,125650
20231229,13:19:36,14.7,50,125650
20231229,13:21:43,14.5,500,126150
20231229,13:21:51,14.65,900,126150
20231229,13:22:44,14.5,1000,126150
20231229,13:23:00,14.5,1050,126150
20231229,13:23:08,14.5,450,126150
20231229,13:23:59,14.55,250,124950
20231229,13:24:30,14.55,250,124950
20231229,13:24:44,14.5,50,124950
20231229,13:24:59,14.55,50,124950
20231229,13:25:37,14.6,200,124950
20231229,13:25:44,14.55,200,124950
20231229,13:26:44,14.5,1100,124950
20231229,13:27:01,14.55,750,125550
20231229,13:27:09,14.55,50,125550
20231229,13:27:25,14.55,50,125550
20231229,13:27:32,14.55,50,125550
20231229,13:27:40,14.5,200,125550
20231229,13:28:43,14.5,250,125550
20231229,13:28:59,14.4,1100,125550
20231229,13:29:30,14.4,450,125550
20231229,13:29:38,14.3,800,125550
20231229,13:29:55,14.35,50,127800
20231229,13:30:04,14.25,350,127800
20231229,13:30:12,14.2,850,127800
20231229,13:30:21,14.2,100,127800
20231229,13:30:29,14.2,400,127800
20231229,13:30:47,14.2,1650,127800
20231229,13:31:20,14.15,300,127800
20231229,13:32:09,14.1,2000,127800
20231229,13:32:49,14.1,150,127800
20231229,13:32:57,14.1,50,128950
20231229,13:33:05,14.1,500,128950
20231229,13:33:14,14.25,750,128950
20231229,13:33:22,14.2,50,128950
20231229,13:33:30,14.15,50,128950
20231229,13:33:38,14.25,750,128950
20231229,13:33:54,14.1,50,128950
20231229,13:34:02,14.1,50,128950
20231229,13:34:18,14.0,100,128950
20231229,13:34:26,14.0,200,128950
20231229,13:35:13,14.1,100,128950
20231229,13:35:29,14.2,100,128950
20231229,13:35:37,14.2,2050,128950
20231229,13:35:58,14.2,250,128100
20231229,13:36:13,14.2,1050,128100
20231229,13:36:20,14.45,4900,128100
20231229,13:36:28,14.4,500,128100
20231229,13:36:35,14.4,500,128100
20231229,13:36:42,14.4,1150,128100
20231229,13:36:49,14.4,250,128100
20231229,13:36:57,14.35,250,128100
20231229,13:38:00,14.1,5000,128100
20231229,13:38:08,14.1,5000,128100
20231229,13:38:15,14.05,5000,128100
20231229,13:38:38,14.15,50,128100
20231229,13:38:45,14.2,50,128100
20231229,13:38:53,14.2,150,135800
20231229,13:39:01,14.25,150,135800
20231229,13:39:19,14.2,100,135800
20231229,13:39:44,14.25,250,135800
20231229,13:39:53,14.2,200,135800
20231229,13:40:11,14.1,50,135800
20231229,13:40:20,14.15,100,135800
20231229,13:40:28,14.15,50,135800
20231229,13:41:18,14.1,100,135800
20231229,13:41:25,14.15,100,135800
20231229,13:41:33,14.1,50,135800
20231229,13:41:42,14.1,200,135800
20231229,13:41:50,14.15,50,136400
20231229,13:41:58,14.2,50,136400
20231229,13:42:06,14.2,500,136400
20231229,13:42:30,14.15,250,136400
20231229,13:42:54,14.25,500,136400
20231229,13:43:02,14.25,200,136400
20231229,13:43:10,14.3,50,136400
20231229,13:43:26,14.35,100,136400
20231229,13:43:42,14.3,650,136400
20231229,13:44:07,14.35,1200,136400
20231229,13:44:15,14.3,50,136400
20231229,13:44:56,14.3,200,135650
20231229,13:45:12,14.35,250,135650
20231229,13:45:28,14.3,450,135650
20231229,13:45:50,14.4,650,135650
20231229,13:45:58,14.45,550,135650
20231229,13:46:45,14.55,50,135650
20231229,13:46:53,14.55,50,135650
20231229,13:47:01,14.5,100,135650
20231229,13:47:26,14.45,100,135650
20231229,13:47:49,14.45,700,135800
20231229,13:48:27,14.5,100,135800
20231229,13:48:43,14.4,200,135800
20231229,13:49:29,14.5,250,135800
20231229,13:49:38,14.7,750,135800
20231229,13:49:46,14.7,50,135800
20231229,13:50:09,14.7,250,135800
20231229,13:50:41,14.65,1350,135800
20231229,13:50:49,14.55,900,135800
20231229,13:51:13,14.65,500,134450
20231229,13:51:59,14.65,1800,134450
20231229,13:52:07,14.65,2000,134450
20231229,13:52:15,14.7,1800,134450
20231229,13:52:23,14.8,3400,134450
20231229,13:52:30,14.8,1000,134450
20231229,13:52:46,14.75,50,134450
20231229,13:52:53,14.7,100,134450
20231229,13:53:31,14.8,150,134450
20231229,13:53:39,14.7,250,134450
20231229,13:54:17,14.75,3100,135400
20231229,13:54:25,14.75,1900,135400
20231229,13:54:32,14.65,600,135400
20231229,13:54:55,14.6,250,135400
20231229,13:55:43,14.75,5750,135400
20231229,13:56:06,14.7,750,135400
20231229,13:57:06,14.65,350,136900
20231229,13:58:13,14.6,100,136900
20231229,13:58:50,14.55,100,136900
20231229,13:58:58,14.55,250,136900
20231229,13:59:05,14.5,1100,136900
20231229,13:59:21,14.55,750,136900
20231229,13:59:43,14.6,100,136900
20231229,14:00:58,14.5,300,137850
20231229,14:01:52,14.5,100,137850
20231229,14:01:59,14.45,3500,137850
20231229,14:02:14,14.45,250,137850
20231229,14:02:22,14.5,450,137850
20231229,14:02:30,14.5,400,137850
20231229,14:03:29,14.45,250,137800
20231229,14:03:59,14.55,600,137800
20231229,14:04:16,14.65,900,137800
20231229,14:04:25,14.6,300,137800
20231229,14:04:33,14.55,2050,137800
20231229,14:04:40,14.5,50,137800
20231229,14:04:48,14.5,200,137800
20231229,14:05:20,14.5,100,137800
20231229,14:05:27,14.5,100,137800
20231229,14:06:06,14.45,300,138200
20231229,14:06:37,14.4,50,138200
20231229,14:06:52,14.35,400,138200
20231229,14:07:31,14.3,250,138200
20231229,14:07:47,14.2,50,138200
20231229,14:07:55,14.15,4000,138200
20231229,14:08:42,14.1,650,138200
20231229,14:08:50,14.1,600,138200
20231229,14:08:58,13.95,100,141600
20231229,14:09:06,13.95,50,141600
20231229,14:09:29,13.9,50,141600
20231229,14:09:45,13.9,50,141600
20231229,14:09:54,13.9,850,141600
20231229,14:10:09,13.8,200,141600
20231229,14:11:19,13.8,50,141600
20231229,14:11:34,13.7,450,141600
20231229,14:11:51,13.85,1500,140850
20231229,14:12:07,13.85,400,140850
20231229,14:12:15,13.8,150,140850
20231229,14:12:23,13.7,100,140850
20231229,14:12:39,13.75,50,140850
20231229,14:12:47,13.7,150,140850
20231229,14:12:56,13.7,250,140850
20231229,14:13:21,13.7,200,140850
20231229,14:13:54,13.6,450,140850
20231229,14:14:03,13.3,3750,140850
20231229,14:14:12,13.25,6400,140850
20231229,14:14:21,13.35,5250,140850
20231229,14:14:29,13.3,100,140850
20231229,14:14:39,13.15,200,140850
20231229,14:14:57,13.15,50,140850
20231229,14:15:06,13.15,400,153650
20231229,14:15:41,13.05,200,153650
20231229,14:15:58,13.05,500,153650
20231229,14:16:06,13.05,250,153650
20231229,14:16:16,13.0,50,153650
20231229,14:16:25,13.0,100,153650
20231229,14:16:34,13.1,950,153650
20231229,14:16:42,13.05,650,153650
20231229,14:16:59,13.05,50,153650
20231229,14:17:17,12.95,10000,153650
20231229,14:17:25,12.85,3600,153650
20231229,14:17:34,12.7,12150,153650
20231229,14:17:42,12.65,8550,153650
20231229,14:17:51,12.75,200,153650
20231229,14:17:59,12.7,700,183900
20231229,14:18:07,12.7,350,183900
20231229,14:18:15,12.7,50,183900
20231229,14:18:39,12.75,50,183900
20231229,14:18:55,12.7,200,183900
20231229,14:19:04,12.65,350,183900
20231229,14:19:12,12.6,1350,183900
20231229,14:19:21,12.6,750,183900
20231229,14:19:38,12.5,200,183900
20231229,14:19:46,12.5,1000,183900
20231229,14:20:02,12.5,200,183900
20231229,14:20:36,12.45,900,183900
20231229,14:20:53,12.4,400,183900
20231229,14:21:10,12.4,250,184400
20231229,14:21:19,12.6,1800,184400
20231229,14:22:40,12.55,550,184400
20231229,14:23:05,12.6,50,184400
20231229,14:23:39,12.6,900,184400
20231229,14:23:47,12.65,50,184400
20231229,14:24:05,12.6,150,183500
20231229,14:24:15,12.6,100,183500
20231229,14:24:39,12.5,200,183500
20231229,14:25:08,12.4,1900,183500
20231229,14:25:43,12.35,50,183500
20231229,14:26:09,12.3,1800,183500
20231229,14:26:17,12.3,600,183500
20231229,14:26:33,12.4,1000,183500
20231229,14:26:42,12.45,1200,183500
20231229,14:26:59,12.4,50,183600
20231229,14:27:23,12.4,50,183600
20231229,14:27:32,12.4,3250,183600
20231229,14:27:39,12.4,800,183600
20231229,14:27:48,12.4,750,183600
20231229,14:28:13,12.35,1800,183600
20231229,14:28:22,12.35,1150,183600
20231229,14:28:47,12.4,50,183600
20231229,14:29:10,12.5,50,183600
20231229,14:29:27,12.4,50,183600
20231229,14:29:35,12.5,1300,183600
20231229,14:29:51,12.45,100,183600
20231229,14:29:59,12.45,200,187850
20231229,14:30:07,12.55,550,187850
20231229,14:30:15,12.55,50,187850
20231229,14:30:23,12.55,150,187850
20231229,14:30:31,12.55,350,187850
20231229,14:30:40,12.6,100,187850
20231229,14:30:48,12.6,50,187850
20231229,14:30:56,12.6,300,187850
20231229,14:31:04,12.6,50,187850
20231229,14:31:12,12.65,50,187850
20231229,14:31:21,12.65,100,187850
20231229,14:31:29,12.65,100,187850
20231229,14:31:37,12.65,50,187850
20231229,14:31:46,12.7,200,187850
20231229,14:31:55,12.7,200,187850
20231229,14:32:03,12.7,2500,187850
20231229,14:32:28,12.65,100,187850
20231229,14:32:52,12.7,100,187850
20231229,14:33:08,12.8,400,189000
20231229,14:33:34,12.8,50,189000
20231229,14:33:58,12.9,500,189000
20231229,14:34:06,12.85,200,189000
20231229,14:34:45,12.95,150,189000
20231229,14:34:54,13.0,100,189000
20231229,14:35:04,13.1,300,189000
20231229,14:35:22,13.15,1100,189000
20231229,14:35:31,13.15,1350,189000
20231229,14:35:39,13.25,5000,189000
20231229,14:35:56,13.3,100,188550
20231229,14:36:14,13.25,400,188550
20231229,14:36:55,13.45,150,188550
20231229,14:37:23,13.85,50,188550
20231229,14:37:41,14.0,50,188550
20231229,14:37:49,13.85,700,188550
20231229,14:37:58,13.9,50,188550
20231229,14:38:06,13.8,150,188550
20231229,14:38:15,13.8,50,188550
20231229,14:38:23,13.75,50,188550
20231229,14:38:32,13.75,50,188550
20231229,14:38:39,13.7,50,188550
20231229,14:38:47,13.65,50,188550
20231229,14:39:27,13.65,50,188600
20231229,14:39:58,13.6,50,188600
20231229,14:40:15,13.45,50,188600
20231229,14:40:39,13.6,300,188600
20231229,14:41:04,13.75,400,188600
20231229,14:41:20,13.7,50,188600
20231229,14:42:00,13.65,850,188600
20231229,14:42:23,13.85,5000,188600
20231229,14:42:31,13.8,50,188600
20231229,14:42:46,13.75,100,188600
20231229,14:42:54,13.75,100,188600
20231229,14:43:10,13.7,100,188600
20231229,14:43:17,13.8,250,188600
20231229,14:43:40,13.9,11400,188600
20231229,14:43:56,13.75,500,188600
20231229,14:44:04,13.7,300,188600
20231229,14:44:36,13.65,300,188600
20231229,14:45:08,13.7,750,189200
20231229,14:45:24,13.7,50,189200
20231229,14:45:32,13.7,250,189200
20231229,14:46:20,13.7,250,189200
20231229,14:46:36,13.7,200,189200
20231229,14:46:44,13.75,100,189200
20231229,14:47:31,13.75,100,189200
20231229,14:47:47,13.7,50,189200
20231229,14:47:55,13.7,100,189200
20231229,14:48:03,13.7,50,189650
20231229,14:48:11,13.7,150,189650
20231229,14:48:19,13.7,150,189650
20231229,14:48:27,13.7,200,189650
20231229,14:48:43,13.7,100,189650
20231229,14:48:59,13.65,250,189650
20231229,14:49:07,13.6,700,189650
20231229,14:49:23,13.75,150,189650
20231229,14:49:31,13.75,150,189650
20231229,14:49:48,13.65,50,189650
20231229,14:49:56,13.65,200,189650
20231229,14:50:27,13.7,300,189650
20231229,14:50:43,13.65,250,189650
20231229,14:51:23,13.65,50,190300
20231229,14:51:31,13.7,400,190300
20231229,14:51:55,13.75,200,190300
20231229,14:52:22,13.9,250,190300
20231229,14:52:40,14.05,50,190300
20231229,14:52:57,14.25,50,190300
20231229,14:53:06,14.25,50,190300
20231229,14:53:23,14.25,50,190300
20231229,14:53:31,14.3,2000,190300
20231229,14:53:56,14.3,250,190300
20231229,14:54:30,14.4,900,189950
20231229,14:54:46,14.55,1000,189950
20231229,14:55:03,14.4,400,189950
20231229,14:55:54,14.9,250,189950
20231229,14:56:43,14.85,200,189950
20231229,14:56:50,14.85,50,189950
20231229,14:57:22,14.9,850,191300
20231229,14:58:21,14.85,500,191300
20231229,14:58:30,14.9,400,191300
20231229,14:58:39,14.9,100,191300
20231229,14:58:47,15.0,300,191300
20231229,14:58:56,15.0,150,191300
20231229,14:59:04,14.95,50,191300
20231229,14:59:13,14.9,150,191300
20231229,14:59:22,15.0,1250,191300
20231229,14:59:39,15.1,500,191300
20231229,14:59:47,15.1,50,191300
20231229,15:00:03,15.2,200,192900
20231229,15:00:12,15.25,350,192900
20231229,15:00:32,14.95,1400,192900
20231229,15:00:41,14.95,250,192900
20231229,15:01:06,15.2,100,192900
20231229,15:01:15,15.2,100,192900
20231229,15:01:32,15.4,250,192900
20231229,15:01:42,15.45,300,192900
20231229,15:01:51,15.45,100,192900
20231229,15:02:01,15.35,150,192900
20231229,15:02:11,15.3,1050,192900
20231229,15:02:20,15.0,1300,192900
20231229,15:02:30,14.7,750,192900
20231229,15:02:40,14.8,1050,192900
20231229,15:02:49,14.6,900,192900
20231229,15:03:07,14.7,900,193750
20231229,15:03:15,14.85,900,193750
20231229,15:03:33,14.8,700,193750
20231229,15:03:42,14.85,1000,193750
20231229,15:04:07,14.8,800,193750
20231229,15:04:25,14.85,1250,193750
20231229,15:04:34,14.9,100,193750
20231229,15:04:44,14.95,1100,193750
20231229,15:05:04,14.75,200,193750
20231229,15:05:13,14.85,300,193750
20231229,15:05:22,14.7,50,193750
20231229,15:05:30,14.65,50,193750
20231229,15:05:38,14.75,100,193750
20231229,15:05:47,14.6,200,193750
20231229,15:06:22,14.45,650,194200
20231229,15:06:32,14.5,50,194200
20231229,15:06:41,14.4,700,194200
20231229,15:06:59,14.45,900,194200
20231229,15:07:08,14.45,50,194200
20231229,15:07:26,14.55,1050,194200
20231229,15:07:44,14.5,50,194200
20231229,15:08:01,14.55,50,194200
20231229,15:08:10,14.6,100,194200
20231229,15:08:27,14.55,450,194200
20231229,15:08:45,14.55,250,194200
20231229,15:09:03,14.6,500,194200
20231229,15:09:12,14.55,50,195200
20231229,15:09:21,14.05,750,195200
20231229,15:09:31,14.25,100,195200
20231229,15:09:41,14.25,150,195200
20231229,15:09:49,14.3,50,195200
20231229,15:09:58,14.3,100,195200
20231229,15:10:06,14.45,650,195200
20231229,15:10:33,14.3,100,195200
20231229,15:10:42,14.35,900,195200
20231229,15:10:50,14.35,250,195200
20231229,15:10:59,14.5,850,195200
20231229,15:11:24,14.55,250,195200
20231229,15:11:33,14.6,500,195200
20231229,15:11:58,14.45,50,195200
20231229,15:12:32,14.4,50,195750
20231229,15:12:42,14.15,100,195750
20231229,15:12:51,14.1,50,195750
20231229,15:13:01,14.0,650,195750
20231229,15:13:11,13.95,400,195750
20231229,15:13:20,14.05,650,195750
20231229,15:13:29,14.1,900,195750
20231229,15:13:38,13.9,600,195750
20231229,15:13:47,14.05,700,195750
20231229,15:13:56,14.05,1050,195750
20231229,15:14:04,14.1,300,195750
20231229,15:14:21,14.15,50,195750
20231229,15:15:04,14.05,100,195750
20231229,15:15:30,14.2,50,195600
20231229,15:15:39,14.15,50,195600
20231229,15:15:48,14.25,100,195600
20231229,15:15:56,14.3,200,195600
20231229,15:16:05,14.15,1800,195600
20231229,15:16:22,14.25,200,195600
20231229,15:16:47,14.35,1150,195600
20231229,15:17:04,14.3,50,195600
20231229,15:17:45,14.25,400,195600
20231229,15:17:53,14.35,3000,195600
20231229,15:18:44,14.25,50,196600
20231229,15:19:01,14.25,450,196600
20231229,15:19:09,14.2,400,196600
20231229,15:19:26,14.15,500,196600
20231229,15:19:51,14.2,50,196600
20231229,15:20:10,14.15,50,196600
20231229,15:20:40,14.2,200,196600
20231229,15:20:49,14.1,1400,196600
20231229,15:20:58,14.05,800,196600
20231229,15:21:07,14.15,350,199000
20231229,15:21:15,14.2,750,199000
20231229,15:21:24,14.2,1050,199000
20231229,15:21:33,14.25,250,199000
20231229,15:21:41,14.25,200,199000
20231229,15:21:49,14.2,300,199000
20231229,15:22:05,14.3,200,199000
20231229,15:22:13,14.2,100,199000
20231229,15:22:30,14.2,500,199000
20231229,15:22:38,14.35,450,199000
20231229,15:22:47,14.3,400,199000
20231229,15:23:03,14.25,350,199000
20231229,15:23:12,14.2,150,199000
20231229,15:23:20,14.2,1450,199000
20231229,15:23:29,14.15,100,199000
20231229,15:23:37,14.05,100,199000
20231229,15:23:45,14.0,50,199000
20231229,15:23:54,14.05,150,199000
20231229,15:24:02,14.0,850,199000
20231229,15:24:11,13.9,200,202200
20231229,15:24:37,13.85,400,202200
20231229,15:24:45,13.65,300,202200
20231229,15:25:11,13.65,150,202200
20231229,15:25:37,13.5,2000,202200
20231229,15:25:46,13.65,1500,202200
20231229,15:25:55,13.5,500,202200
20231229,15:26:20,13.4,450,202200
20231229,15:26:29,13.3,300,202200
20231229,15:26:45,13.45,500,202200
20231229,15:26:53,13.45,50,202200
20231229,15:27:01,13.45,250,202200
20231229,15:27:10,13.5,900,202350
20231229,15:27:18,13.45,1600,202350
20231229,15:27:26,13.6,50,202350
20231229,15:27:35,13.55,1000,202350
20231229,15:27:43,13.6,1000,202350
20231229,15:27:52,13.6,750,202350
20231229,15:28:01,13.95,5000,202350
20231229,15:28:18,13.85,2550,202350
20231229,15:29:01,14.05,350,202350
20231229,15:29:10,14.0,50,202350
20231229,15:29:19,13.9,100,202350
20231229,15:29:28,13.7,600,202350
20231229,15:29:40,13.75,550,202350
20231229,15:29:52,13.55,200,202350
20231229,15:30:02,14.1,100,202350
20240101,09:15:09,14.7,1,198600
20240101,09:15:09,14.65,100,198600
20240101,09:15:20,14.6,900,198600
20240101,09:15:29,14.6,1350,198600
20240101,09:15:36,14.7,100,198600
20240101,09:15:44,15.45,550,198600
20240101,09:15:51,14.45,250,198600
20240101,09:15:59,14.3,100,198600
20240101,09:16:07,12.75,5450,198600
20240101,09:16:15,12.65,1500,198600
20240101,09:16:29,12.6,450,198600
20240101,09:16:53,12.6,1500,198600
20240101,09:17:02,12.85,400,198600
20240101,09:17:10,12.9,250,198600
20240101,09:17:18,12.85,3300,198600
20240101,09:17:26,12.8,1100,206050
20240101,09:17:35,12.8,50,206050
20240101,09:17:43,12.8,550,206050
20240101,09:17:51,12.5,950,206050
20240101,09:18:00,12.45,300,206050
20240101,09:18:10,12.45,100,206050
20240101,09:18:29,12.3,800,206050
20240101,09:18:47,12.3,1000,206050
20240101,09:19:24,12.0,50,206050
20240101,09:19:50,11.75,2000,206050
20240101,09:20:09,11.75,250,206050
20240101,09:20:18,11.65,250,206050
20240101,09:20:28,11.6,400,208100
20240101,09:20:38,11.6,500,208100
20240101,09:20:47,11.65,350,208100
20240101,09:20:55,11.6,400,208100
20240101,09:21:04,11.55,2200,208100
20240101,09:21:13,11.6,100,208100
20240101,09:21:22,11.7,1050,208100
20240101,09:21:31,11.8,100,208100
20240101,09:21:39,11.8,100,208100
20240101,09:21:57,11.8,1000,208100
20240101,09:22:29,11.85,500,208100
20240101,09:22:46,11.85,100,208100
20240101,09:22:55,11.85,150,208100
20240101,09:23:04,11.85,200,208100
20240101,09:23:29,11.85,1500,209650
20240101,09:24:02,11.9,50,209650
20240101,09:24:18,11.95,50,209650
20240101,09:24:34,12.0,50,209650
20240101,09:24:59,12.0,50,209650
20240101,09:25:07,11.95,50,209650
20240101,09:25:32,11.95,500,209650
20240101,09:25:40,11.9,100,209650
20240101,09:26:06,12.0,50,209650
20240101,09:26:14,11.95,550,209650
20240101,09:26:31,11.85,750,209650
20240101,09:27:04,11.8,50,209650
20240101,09:27:29,11.8,450,209650
20240101,09:28:03,11.8,1350,209650
20240101,09:28:36,11.7,700,209650
20240101,09:28:44,11.7,50,209650
20240101,09:28:52,11.6,100,209650
20240101,09:29:00,11.6,50,209650
20240101,09:29:09,11.5,250,209650
20240101,09:29:17,11.5,200,209650
20240101,09:29:26,11.45,500,212400
20240101,09:29:34,11.45,300,212400
20240101,09:29:50,11.35,50,212400
20240101,09:29:58,11.35,150,212400
20240101,09:30:06,11.35,650,212400
20240101,09:30:15,11.3,550,212400
20240101,09:30:23,11.3,3000,212400
20240101,09:30:49,11.45,500,212400
20240101,09:31:05,11.4,50,212400
20240101,09:31:23,11.2,500,212400
20240101,09:31:32,11.2,50,212400
20240101,09:31:40,11.2,50,212400
20240101,09:32:05,11.2,100,212400
20240101,09:32:13,11.25,50,212400
20240101,09:32:30,11.35,50,213850
20240101,09:32:38,11.4,50,213850
20240101,09:32:54,11.4,50,213850
20240101,09:33:11,11.45,100,213850
20240101,09:33:36,11.4,50,213850
20240101,09:33:53,11.4,150,213850
20240101,09:34:10,11.4,100,213850
20240101,09:34:43,11.55,50,213850
20240101,09:34:51,11.5,150,213850
20240101,09:34:59,11.45,250,213850
20240101,09:35:58,11.5,1000,213850
20240101,09:36:07,11.35,3000,213850
20240101,09:36:49,11.45,50,213850
20240101,09:37:14,11.35,6800,213850
20240101,09:38:29,11.3,50,214850
20240101,09:39:01,11.3,600,214850
20240101,09:40:00,11.2,400,214850
20240101,09:40:09,11.15,50,214850
20240101,09:40:26,11.15,50,214850
20240101,09:40:42,11.35,150,214850
20240101,09:41:23,11.25,50,214850
20240101,09:41:46,11.35,100,213650
20240101,09:42:42,11.25,250,213650
20240101,09:42:51,11.25,50,213650
20240101,09:42:59,11.25,50,213650
20240101,09:44:13,11.15,750,213650
20240101,09:44:47,11.05,50,213100
20240101,09:45:04,11.05,1050,213100
20240101,09:45:38,11.15,50,213100
20240101,09:46:10,11.1,50,213100
20240101,09:46:53,11.2,100,213100
20240101,09:47:02,11.1,200,213100
20240101,09:47:11,11.1,250,213100
20240101,09:47:29,11.15,200,213100
20240101,09:47:37,11.0,500,213100
20240101,09:48:50,11.0,1150,213100
20240101,09:48:59,11.0,50,213100
20240101,09:49:08,11.2,50,213100
20240101,09:49:25,11.2,50,213100
20240101,09:49:35,11.2,200,213100
20240101,09:50:00,11.5,1000,213100
20240101,09:50:09,11.35,400,213100
20240101,09:50:42,11.55,50,213600
20240101,09:50:51,11.45,100,213600
20240101,09:51:36,11.6,150,213600
20240101,09:51:43,11.5,50,213600
20240101,09:51:51,11.5,150,213600
20240101,09:52:07,11.5,150,213600
20240101,09:53:22,11.45,50,213600
20240101,09:53:31,11.45,50,213600
20240101,09:53:39,11.45,50,213600
20240101,09:53:57,11.45,50,213600
20240101,09:54:15,11.45,50,213600
20240101,09:54:24,11.35,100,213600
20240101,09:54:48,11.35,50,213600
20240101,09:55:05,11.4,1800,213600
20240101,09:55:14,11.4,300,213600
20240101,09:55:31,11.4,100,213600
20240101,09:55:39,11.4,450,213600
20240101,09:55:48,11.4,50,213600
20240101,09:56:04,11.4,50,213600
20240101,09:56:12,11.4,300,213600
20240101,09:56:21,11.4,400,213600
20240101,09:56:30,11.35,250,217050
20240101,09:56:39,11.3,250,217050
20240101,09:56:56,11.35,50,217050
20240101,09:57:13,11.35,50,217050
20240101,09:57:38,11.35,50,217050
20240101,09:57:55,11.35,50,217050
20240101,09:58:28,11.4,1500,217050
20240101,09:59:03,11.35,50,217050
20240101,09:59:13,11.45,700,217050
20240101,09:59:22,11.45,100,217050
20240101,09:59:31,11.45,50,219200
20240101,09:59:46,11.45,50,219200
20240101,10:00:03,11.45,650,219200
20240101,10:00:12,11.4,250,219200
20240101,10:00:46,11.35,600,219200
20240101,10:01:19,11.4,100,219200
20240101,10:01:44,11.4,150,219200
20240101,10:01:52,11.4,150,219200
20240101,10:02:08,11.3,200,219200
20240101,10:02:32,11.3,50,220200
20240101,10:02:40,11.35,50,220200
20240101,10:02:48,11.35,450,220200
20240101,10:02:56,11.35,100,220200
20240101,10:03:42,11.35,100,220200
20240101,10:04:04,11.4,50,220200
20240101,10:04:44,11.35,150,220200
20240101,10:04:52,11.35,50,220200
20240101,10:05:00,11.35,800,220200
20240101,10:05:07,11.4,500,220200
20240101,10:06:04,11.25,400,220950
20240101,10:06:12,11.2,100,220950
20240101,10:06:21,11.15,200,220950
20240101,10:06:29,11.2,50,220950
20240101,10:07:15,11.1,100,220950
20240101,10:07:31,11.0,50,220950
20240101,10:08:05,11.0,100,220950
20240101,10:09:02,11.05,50,221100
20240101,10:09:27,11.05,50,221100
20240101,10:09:52,11.0,50,221100
20240101,10:10:00,11.0,150,221100
20240101,10:10:17,11.0,50,221100
20240101,10:10:25,10.9,150,221100
20240101,10:10:41,10.9,100,221100
20240101,10:10:50,10.9,800,221100
20240101,10:11:16,10.85,100,221100
20240101,10:11:32,10.85,150,221200
20240101,10:11:40,10.9,150,221200
20240101,10:11:57,10.85,900,221200
20240101,10:12:05,10.9,200,221200
20240101,10:12:21,10.9,350,221200
20240101,10:12:30,10.95,500,221200
20240101,10:13:25,11.0,1050,221200
20240101,10:14:13,11.0,50,221200
20240101,10:14:29,11.0,1400,221200
20240101,10:14:37,11.1,250,221200
20240101,10:15:00,11.0,100,221200
20240101,10:15:07,11.0,950,221200
20240101,10:15:30,11.0,100,221200
20240101,10:16:02,11.1,250,221200
20240101,10:16:18,11.0,50,221200
20240101,10:16:27,11.0,200,221200
20240101,10:17:15,11.05,50,221200
20240101,10:17:48,11.1,300,222400
20240101,10:18:04,11.1,50,222400
20240101,10:18:20,10.95,750,222400
20240101,10:18:35,11.0,50,222400
20240101,10:18:59,10.9,50,222400
20240101,10:19:31,10.85,150,222400
20240101,10:19:54,10.95,100,222400
20240101,10:20:02,10.85,350,222400
20240101,10:20:09,10.85,50,222400
20240101,10:21:02,10.85,50,222450
20240101,10:21:18,10.7,350,222450
20240101,10:21:33,10.65,100,222450
20240101,10:21:50,10.65,550,222450
20240101,10:21:59,10.7,1150,222450
20240101,10:22:08,10.7,650,222450
20240101,10:22:16,10.7,50,222450
20240101,10:22:59,10.65,50,222450
20240101,10:23:31,10.65,50,222450
20240101,10:23:39,10.65,50,222900
20240101,10:24:02,10.65,250,222900
20240101,10:24:50,10.55,100,222900
20240101,10:24:58,10.55,500,222900
20240101,10:25:06,10.65,100,222900
20240101,10:25:14,10.75,600,222900
20240101,10:25:22,10.8,50,222900
20240101,10:25:38,10.75,200,222900
20240101,10:25:53,10.7,100,222900
20240101,10:26:17,10.85,50,222900
20240101,10:26:25,10.9,150,222900
20240101,10:26:33,10.9,100,222900
20240101,10:26:42,10.85,50,223650
20240101,10:27:08,10.9,100,223650
20240101,10:28:27,11.0,50,223650
20240101,10:28:35,10.95,100,223650
20240101,10:28:44,11.0,50,223650
20240101,10:29:24,10.95,100,223650
20240101,10:29:47,10.9,50,223950
20240101,10:29:55,10.9,100,223950
20240101,10:30:03,10.9,200,223950
20240101,10:31:06,10.95,100,223950
20240101,10:32:55,11.05,250,224050
20240101,10:33:04,11.0,150,224050
20240101,10:33:21,11.05,100,224050
20240101,10:33:29,11.05,50,224050
20240101,10:33:54,11.05,200,224050
20240101,10:34:19,11.0,250,224050
20240101,10:34:54,10.9,50,224050
20240101,10:35:02,10.9,150,224050
20240101,10:35:35,10.7,50,223550
20240101,10:35:58,10.7,750,223550
20240101,10:37:44,10.65,450,223550
20240101,10:39:16,10.8,100,224600
20240101,10:40:15,10.7,100,224600
20240101,10:40:32,10.7,50,224600
20240101,10:42:24,10.8,50,224600
20240101,10:44:07,10.9,50,224600
20240101,10:44:15,10.9,450,224600
20240101,10:44:23,10.85,50,224600
20240101,10:44:39,10.9,50,225000
20240101,10:44:47,10.9,50,225000
20240101,10:45:23,10.9,500,225000
20240101,10:46:06,10.9,250,225000
20240101,10:46:14,11.0,50,225000
20240101,10:46:22,11.0,50,225000
20240101,10:46:31,11.0,150,225000
20240101,10:47:05,11.0,500,225000
20240101,10:47:38,10.95,50,225500
20240101,10:48:19,10.9,50,225500
20240101,10:48:36,10.95,350,225500
20240101,10:48:53,11.0,50,225500
20240101,10:49:53,11.1,50,225500
20240101,10:50:53,11.1,1000,225500
20240101,10:54:03,11.1,250,225500
20240101,10:54:51,11.2,50,225500
20240101,10:55:15,11.3,50,225500
20240101,10:56:01,11.35,50,225500
20240101,10:56:17,11.15,200,225500
20240101,10:57:04,11.1,50,225500
20240101,10:57:12,11.1,50,225500
20240101,10:57:27,11.1,100,225500
20240101,10:57:43,11.05,50,225500
20240101,10:57:59,11.1,50,225500
20240101,10:58:15,11.1,400,225500
20240101,10:58:38,11.1,150,225500
20240101,10:59:40,11.1,50,225700
20240101,11:00:02,11.15,50,225700
20240101,11:00:17,11.15,350,225700
20240101,11:00:25,11.15,350,225700
20240101,11:00:41,11.0,300,225700
20240101,11:00:50,11.0,50,225700
20240101,11:01:48,11.15,50,225700
20240101,11:02:45,11.15,50,225850
20240101,11:03:09,11.05,750,225850
20240101,11:03:26,10.95,1250,225850
20240101,11:06:36,11.0,50,225950
20240101,11:06:44,11.0,500,225950
20240101,11:07:46,11.05,100,225950
20240101,11:08:45,11.05,50,225850
20240101,11:08:52,11.0,50,225850
20240101,11:09:16,11.0,100,225850
20240101,11:09:46,11.1,100,225850
20240101,11:11:32,11.2,50,225850
20240101,11:11:40,11.2,50,225850
20240101,11:11:48,11.2,50,225700
20240101,11:12:03,11.25,150,225700
20240101,11:12:10,11.25,50,225700
20240101,11:12:40,11.2,400,225700
20240101,11:12:48,11.25,250,225700
20240101,11:12:56,11.25,50,225700
20240101,11:13:18,11.25,50,225700
20240101,11:13:49,11.25,200,225700
20240101,11:14:03,11.3,50,225700
20240101,11:14:49,11.25,100,225900
20240101,11:15:46,11.3,250,225900
20240101,11:16:26,11.15,50,225900
20240101,11:16:34,11.1,150,225900
20240101,11:16:50,11.05,50,225900
20240101,11:18:36,11.0,700,225900
20240101,11:18:43,11.0,900,225900
20240101,11:18:51,11.0,300,225900
20240101,11:18:59,11.0,300,225900
20240101,11:19:07,11.0,50,225900
20240101,11:19:15,11.0,650,225900
20240101,11:19:23,11.0,250,225900
20240101,11:19:33,11.0,750,225900
20240101,11:19:59,11.0,5400,225900
20240101,11:20:07,11.0,700,225900
20240101,11:20:14,11.1,3600,225900
20240101,11:20:22,11.15,1000,225900
20240101,11:20:30,11.15,2150,225900
20240101,11:20:39,11.15,3850,225900
20240101,11:20:47,11.25,1850,236100
20240101,11:20:54,11.25,2350,236100
20240101,11:21:02,11.3,800,236100
20240101,11:21:09,11.35,1350,236100
20240101,11:21:15,11.4,350,236100
20240101,11:21:23,11.4,50,236100
20240101,11:21:30,11.35,50,236100
20240101,11:21:38,11.35,300,236100
20240101,11:21:45,11.35,100,236100
20240101,11:21:52,11.35,650,236100
20240101,11:22:06,11.3,50,236100
20240101,11:22:14,11.35,50,236100
20240101,11:22:21,11.3,100,236100
20240101,11:22:36,11.25,50,236100
20240101,11:22:51,11.2,150,236100
20240101,11:23:06,11.15,250,236100
20240101,11:23:14,11.15,150,236100
20240101,11:23:21,11.2,200,236100
20240101,11:23:29,11.15,300,236100
20240101,11:23:44,11.15,500,238650
20240101,11:25:48,11.1,50,238650
20240101,11:26:54,11.15,300,239400
20240101,11:28:24,11.15,250,239400
20240101,11:29:18,11.05,50,239400
20240101,11:29:56,11.05,100,239800
20240101,11:30:04,11.05,50,239800
20240101,11:30:30,11.05,50,239800
20240101,11:30:54,11.05,50,239800
20240101,11:31:02,11.05,150,239800
20240101,11:31:10,11.0,200,239800
20240101,11:31:19,11.05,100,239800
20240101,11:31:27,10.95,200,239800
20240101,11:31:35,10.95,150,239800
20240101,11:31:43,10.95,250,239800
20240101,11:31:58,11.0,50,239800
20240101,11:32:13,10.95,1250,239800
20240101,11:32:35,10.95,50,239800
20240101,11:32:51,11.05,50,241250
20240101,11:33:05,10.95,50,241250
20240101,11:33:35,10.95,2200,241250
20240101,11:33:43,10.95,50,241250
20240101,11:34:13,10.95,100,241250
20240101,11:34:36,11.0,50,241250
20240101,11:34:50,11.0,1100,241250
20240101,11:35:12,11.0,100,241250
20240101,11:35:26,11.0,400,241250
20240101,11:35:40,11.0,300,241250
20240101,11:36:25,11.0,50,241500
20240101,11:37:12,10.95,50,241500
20240101,11:37:44,11.0,100,241500
20240101,11:38:07,11.05,100,241500
20240101,11:38:59,11.0,250,241650
20240101,11:39:36,11.0,50,241650
20240101,11:39:43,11.0,50,241650
20240101,11:40:26,11.05,50,241650
20240101,11:41:47,10.95,50,240550
20240101,11:43:05,10.95,50,240550
20240101,11:43:13,10.95,150,240550
20240101,11:43:20,10.95,200,240550
20240101,11:44:11,10.95,100,240550
20240101,11:44:17,10.95,50,240550
20240101,11:44:25,10.95,50,240550
20240101,11:44:53,10.95,850,241150
20240101,11:45:00,10.95,350,241150
20240101,11:45:08,10.95,150,241150
20240101,11:45:22,10.95,350,241150
20240101,11:45:29,10.95,100,241150
20240101,11:45:37,10.95,50,241150
20240101,11:45:45,10.95,150,241150
20240101,11:45:52,10.95,100,241150
20240101,11:46:07,10.95,500,241150
20240101,11:46:14,10.95,50,241150
20240101,11:46:29,10.95,100,241150
20240101,11:46:36,10.95,800,241150
20240101,11:46:43,10.95,300,241150
20240101,11:46:50,10.95,300,241150
20240101,11:46:57,10.95,2050,241150
20240101,11:47:04,10.95,200,241150
20240101,11:47:11,10.95,250,241150
20240101,11:47:19,10.95,350,241150
20240101,11:47:26,10.95,50,241150
20240101,11:47:34,10.95,2150,241150
20240101,11:47:41,10.95,1150,241150
20240101,11:47:48,10.95,150,246300
20240101,11:47:55,10.95,100,246300
20240101,11:48:03,10.95,650,246300
20240101,11:48:17,10.95,600,246300
20240101,11:48:24,10.95,350,246300
20240101,11:48:31,10.95,500,246300
20240101,11:48:38,10.95,1100,246300
20240101,11:48:45,10.95,150,246300
20240101,11:48:52,10.95,100,246300
20240101,11:48:59,10.95,300,246300
20240101,11:49:07,10.95,5850,246300
20240101,11:49:16,10.9,1000,246300
20240101,11:49:24,10.9,250,246300
20240101,11:50:17,11.0,300,246300
20240101,11:50:31,10.95,250,246300
20240101,11:51:32,11.0,950,252250
20240101,11:54:36,10.9,200,252700
20240101,11:54:50,10.85,50,252700
20240101,11:56:00,10.8,1800,252700
20240101,11:56:08,10.75,1650,252700
20240101,11:56:15,10.75,650,252700
20240101,11:56:23,10.7,900,252700
20240101,11:57:55,10.75,250,254400
20240101,11:58:31,10.75,200,254400
20240101,11:58:46,10.75,250,254400
20240101,11:59:10,10.75,50,254400
20240101,12:00:06,10.7,50,252500
20240101,12:00:13,10.7,100,252500
20240101,12:00:44,10.65,250,252500
20240101,12:01:57,10.5,900,252500
20240101,12:02:39,10.7,50,252500
20240101,12:03:52,10.7,200,253050
20240101,12:04:08,10.7,50,253050
20240101,12:04:26,10.8,550,253050
20240101,12:05:08,10.65,50,253050
20240101,12:05:40,10.6,300,253050
20240101,12:06:36,10.65,50,249750
20240101,12:07:43,10.6,100,249750
20240101,12:08:23,10.6,50,249750
20240101,12:09:01,10.6,50,249800
20240101,12:09:17,10.65,250,249800
20240101,12:11:08,10.4,50,249800
20240101,12:11:25,10.4,50,249800
20240101,12:11:34,10.5,200,249800
20240101,12:11:51,10.45,50,249650
20240101,12:12:37,10.45,200,249650
20240101,12:12:46,10.45,50,249650
20240101,12:13:02,10.45,150,249650
20240101,12:13:18,10.45,1350,249650
20240101,12:13:25,10.45,50,249650
20240101,12:13:58,10.45,450,249650
20240101,12:14:07,10.5,200,249650
20240101,12:14:24,10.5,350,249650
20240101,12:14:32,10.5,300,249650
20240101,12:14:57,10.45,300,248950
20240101,12:15:15,10.5,1050,248950
20240101,12:15:23,10.45,100,248950
20240101,12:15:32,10.45,1400,248950
20240101,12:15:41,10.45,150,248950
20240101,12:15:58,10.55,50,248950
20240101,12:16:07,10.5,50,248950
20240101,12:16:39,10.45,550,248950
20240101,12:17:41,10.45,50,248950
20240101,12:17:49,10.45,50,248950
20240101,12:17:57,10.45,350,248550
20240101,12:18:04,10.45,3100,248550
20240101,12:18:12,10.45,3200,248550
20240101,12:18:20,10.45,50,248550
20240101,12:18:59,10.25,600,248550
20240101,12:19:24,10.15,550,248550
20240101,12:19:32,10.1,3000,248550
20240101,12:19:47,10.1,200,248550
20240101,12:20:20,10.1,650,248550
20240101,12:20:29,10.1,50,248550
20240101,12:20:37,10.15,200,248550
20240101,12:20:46,10.1,450,248550
20240101,12:20:54,10.15,50,248800
20240101,12:21:17,10.05,50,248800
20240101,12:22:53,10.05,50,248800
20240101,12:23:27,10.15,250,248800
20240101,12:24:08,10.15,600,248900
20240101,12:24:16,10.1,50,248900
20240101,12:24:41,10.15,50,248900
20240101,12:25:05,10.15,50,248900
20240101,12:26:52,10.0,150,248200
20240101,12:27:08,10.0,700,248200
20240101,12:27:48,10.0,50,248200
20240101,12:27:55,10.0,400,248200
20240101,12:28:20,9.9,150,248200
20240101,12:29:32,9.9,500,248200
20240101,12:30:09,9.9,100,245800
20240101,12:31:28,9.8,100,245800
20240101,12:31:59,9.75,150,245800
20240101,12:32:07,9.75,200,245800
20240101,12:32:15,9.75,50,245800
20240101,12:32:53,9.75,250,245950
20240101,12:33:02,9.8,500,245950
20240101,12:33:10,9.85,50,245950
20240101,12:33:33,9.8,300,245950
20240101,12:33:40,9.8,250,245950
20240101,12:33:48,9.8,700,245950
20240101,12:34:33,9.8,650,245950
20240101,12:35:06,9.8,300,245950
20240101,12:35:21,9.8,50,245950
20240101,12:35:36,9.9,50,245950
20240101,12:35:44,9.9,50,245950
20240101,12:36:17,9.9,50,246850
20240101,12:37:10,9.85,200,246850
20240101,12:37:46,9.8,50,246850
20240101,12:38:22,9.7,50,246850
20240101,12:38:59,9.7,200,247050
20240101,12:39:07,9.7,50,247050
20240101,12:39:16,9.7,950,247050
20240101,12:39:24,9.65,50,247050
20240101,12:39:32,9.6,50,247050
20240101,12:41:10,9.6,100,247050
20240101,12:42:02,9.6,150,246850
20240101,12:42:46,9.6,50,246850
20240101,12:44:59,9.7,700,246500
20240101,12:46:06,9.75,150,246500
20240101,12:46:48,9.8,150,246500
20240101,12:46:57,9.8,200,246500
20240101,12:47:28,9.8,200,246500
20240101,12:49:19,9.8,50,245700
20240101,12:50:50,9.75,50,245700
20240101,12:52:06,9.75,300,245600
20240101,12:52:13,9.75,50,245600
20240101,12:52:56,9.8,250,245600
20240101,12:53:05,9.85,100,245600
20240101,12:53:34,9.9,250,245600
20240101,12:53:41,9.95,150,245600
20240101,12:53:47,9.95,200,245600
20240101,12:54:49,9.95,100,245900
20240101,12:56:17,10.0,350,245900
20240101,12:56:49,10.05,200,245900
20240101,12:56:57,10.05,50,245900
20240101,12:58:02,10.1,400,246300
20240101,12:58:11,10.1,50,246300
20240101,12:58:18,10.1,550,246300
20240101,12:58:26,10.15,50,246300
20240101,12:58:49,10.1,100,246300
20240101,12:59:19,10.05,500,246300
20240101,12:59:27,10.05,250,246300
20240101,13:00:04,10.05,100,245300
20240101,13:01:03,10.1,50,245300
20240101,13:01:11,10.05,100,245300
20240101,13:02:32,10.2,250,245300
20240101,13:02:56,10.2,300,245600
20240101,13:03:12,10.25,50,245600
20240101,13:03:36,10.25,200,245600
20240101,13:04:01,10.2,50,245600
20240101,13:04:09,10.05,100,245600
20240101,13:04:16,9.95,1350,245600
20240101,13:04:24,9.85,4550,245600
20240101,13:04:31,9.8,1950,245600
20240101,13:04:39,9.85,1350,245600
20240101,13:04:47,9.8,1600,245600
20240101,13:04:55,9.7,1150,245600
20240101,13:05:10,9.65,650,245600
20240101,13:05:26,9.7,50,245600
20240101,13:05:34,9.75,500,245600
20240101,13:06:00,9.75,450,255350
20240101,13:06:08,9.7,800,255350
20240101,13:07:51,9.65,250,255350
20240101,13:09:39,9.6,150,256300
20240101,13:10:31,9.6,50,256300
20240101,13:11:16,9.6,150,256300
20240101,13:11:23,9.55,500,256300
20240101,13:12:46,9.55,100,256250
20240101,13:12:54,9.6,300,256250
20240101,13:14:17,9.65,200,256250
20240101,13:14:25,9.65,50,256250
20240101,13:14:40,9.6,50,256250
20240101,13:15:17,9.7,150,255800
20240101,13:15:26,9.75,50,255800
20240101,13:16:05,9.75,200,255800
20240101,13:17:07,9.8,50,255800
20240101,13:18:25,9.8,500,255650
20240101,13:18:32,9.75,50,255650
20240101,13:18:39,9.75,100,255650
20240101,13:19:08,9.75,200,255650
20240101,13:19:38,9.65,50,255650
20240101,13:19:53,9.7,450,255650
20240101,13:20:40,9.85,250,255650
20240101,13:22:10,9.8,250,256250
20240101,13:22:42,9.85,50,256250
20240101,13:23:06,9.8,100,256250
20240101,13:23:14,9.8,100,256250
20240101,13:23:29,9.8,150,256250
20240101,13:23:37,9.8,100,256250
20240101,13:23:44,9.8,100,256250
20240101,13:23:59,9.8,550,256300
20240101,13:24:06,9.85,150,256300
20240101,13:24:14,9.8,50,256300
20240101,13:24:21,9.8,50,256300
20240101,13:24:58,9.8,150,256300
20240101,13:25:12,9.85,200,256300
20240101,13:25:33,9.8,50,256300
20240101,13:25:56,9.8,50,256300
20240101,13:26:12,9.8,100,256300
20240101,13:26:19,9.85,50,256300
20240101,13:29:43,9.8,50,256250
20240101,13:29:51,9.8,50,256250
20240101,13:30:00,9.85,1500,256250
20240101,13:30:09,9.9,250,255200
20240101,13:30:38,9.85,350,255200
20240101,13:30:46,9.85,50,255200
20240101,13:30:55,9.75,450,255200
20240101,13:31:04,9.75,500,255200
20240101,13:31:37,9.75,450,255200
20240101,13:32:08,9.8,250,255200
20240101,13:32:17,9.85,200,255200
20240101,13:32:25,9.9,100,255200
20240101,13:32:33,9.95,250,255200
20240101,13:33:36,10.1,500,254900
20240101,13:34:07,10.05,50,254900
20240101,13:34:36,10.1,3300,254900
20240101,13:35:00,9.95,50,254900
20240101,13:35:08,10.0,200,254900
20240101,13:35:32,10.05,50,254900
20240101,13:35:55,10.05,50,254900
20240101,13:36:02,10.05,50,254900
20240101,13:38:03,10.1,350,255350
20240101,13:38:12,10.1,100,255350
20240101,13:40:02,10.05,50,255600
20240101,13:40:47,10.1,2000,255600
20240101,13:43:00,10.15,100,256400
20240101,13:43:37,10.05,1850,256400
20240101,13:44:07,10.05,50,256400
20240101,13:44:14,10.0,50,256400
20240101,13:44:28,10.05,100,256400
20240101,13:44:36,9.95,450,256400
20240101,13:45:50,9.95,50,256150
20240101,13:46:33,9.95,50,256150
20240101,13:46:40,9.9,50,256150
20240101,13:46:47,9.9,50,256150
20240101,13:47:01,9.95,850,256150
20240101,13:47:52,10.0,50,256150
20240101,13:48:00,10.0,150,256150
20240101,13:48:14,10.05,300,256400
20240101,13:48:37,10.05,50,256400
20240101,13:48:59,10.05,100,256400
20240101,13:49:22,10.0,50,256400
20240101,13:49:30,10.0,50,256400
20240101,13:49:37,10.0,50,256400
20240101,13:49:44,10.0,150,256400
20240101,13:50:16,9.95,100,256400
20240101,13:50:26,10.05,550,256400
20240101,13:50:35,10.05,50,256400
20240101,13:53:03,9.9,300,256600
20240101,13:53:54,10.0,50,256600
20240101,13:54:42,10.0,50,256650
20240101,13:55:38,10.0,1500,256650
20240101,13:56:57,10.0,500,256650
20240101,13:57:25,10.1,650,258200
20240101,13:57:35,10.0,50,258200
20240101,13:58:13,10.1,200,258200
20240101,13:59:32,10.2,50,258200
20240101,14:00:22,10.2,100,258050
20240101,14:00:48,10.25,200,258050
20240101,14:00:57,10.25,250,258050
20240101,14:01:15,10.2,200,258050
20240101,14:01:32,10.3,500,258050
20240101,14:02:00,10.45,1200,258050
20240101,14:02:12,10.5,250,258050
20240101,14:02:23,10.5,2000,258050
20240101,14:02:33,10.65,600,258050
20240101,14:02:43,10.7,50,258050
20240101,14:02:53,10.8,200,258050
20240101,14:03:22,10.6,200,257850
20240101,14:03:31,10.65,50,257850
20240101,14:03:48,10.7,50,257850
20240101,14:04:04,10.7,600,257850
20240101,14:04:13,10.65,250,257850
20240101,14:04:22,10.75,150,257850
20240101,14:04:57,10.75,250,257850
20240101,14:05:15,10.85,350,257850
20240101,14:05:36,10.75,900,257850
20240101,14:05:55,10.8,300,257850
20240101,14:06:03,10.8,350,257750
20240101,14:06:12,10.75,50,257750
20240101,14:06:22,10.7,50,257750
20240101,14:06:49,10.75,500,257750
20240101,14:06:58,10.75,50,257750
20240101,14:07:07,10.7,200,257750
20240101,14:07:34,10.7,400,257750
20240101,14:07:51,10.75,5000,257750
20240101,14:08:25,10.75,50,257750
20240101,14:08:49,10.8,150,257750
20240101,14:08:58,10.7,50,257750
20240101,14:09:32,10.65,50,257750
20240101,14:10:06,10.75,1450,257750
20240101,14:10:32,10.75,50,257750
20240101,14:10:50,10.8,650,257750
20240101,14:10:59,10.9,1050,257750
20240101,14:11:08,10.9,300,257750
20240101,14:11:16,10.9,950,257750
20240101,14:11:42,10.95,100,257750
20240101,14:11:50,11.0,1000,257750
20240101,14:12:00,11.0,150,257750
20240101,14:12:09,11.0,50,260550
20240101,14:12:37,10.9,100,260550
20240101,14:12:46,11.0,50,260550
20240101,14:13:05,11.0,500,260550
20240101,14:13:15,10.95,750,260550
20240101,14:13:26,11.0,150,260550
20240101,14:13:35,11.15,250,260550
20240101,14:14:25,11.1,100,260550
20240101,14:14:43,11.2,100,260550
20240101,14:15:02,11.15,450,260550
20240101,14:15:12,11.1,900,261850
20240101,14:15:22,11.1,100,261850
20240101,14:15:31,11.1,200,261850
20240101,14:15:40,11.2,200,261850
20240101,14:16:23,11.2,50,261850
20240101,14:16:50,11.2,250,261850
20240101,14:17:15,11.2,300,261850
20240101,14:17:24,11.1,3000,261850
20240101,14:17:32,11.2,50,261850
20240101,14:17:50,11.3,400,261850
20240101,14:18:00,11.4,750,261850
20240101,14:18:11,11.3,100,259150
20240101,14:19:06,11.3,50,259150
20240101,14:19:53,11.35,200,259150
20240101,14:20:11,11.4,250,259150
20240101,14:20:20,11.4,350,259150
20240101,14:20:29,11.55,600,259150
20240101,14:20:38,11.6,350,259150
20240101,14:20:47,11.65,200,259150
20240101,14:21:05,11.7,150,259150
20240101,14:21:24,11.65,600,259300
20240101,14:21:32,11.7,2050,259300
20240101,14:21:41,11.5,4750,259300
20240101,14:21:51,11.55,1100,259300
20240101,14:22:00,11.5,900,259300
20240101,14:22:18,11.5,700,259300
20240101,14:22:27,11.45,200,259300
20240101,14:22:46,11.45,50,259300
20240101,14:23:42,11.4,150,259300
20240101,14:23:51,11.5,1100,259300
20240101,14:24:29,11.7,50,266100
20240101,14:24:48,11.65,250,266100
20240101,14:25:16,11.55,50,266100
20240101,14:25:25,11.55,400,266100
20240101,14:26:02,11.6,50,266100
20240101,14:26:11,11.55,150,266100
20240101,14:26:30,11.55,150,266100
20240101,14:27:05,11.5,300,266100
20240101,14:27:15,11.45,200,265100
20240101,14:27:24,11.4,400,265100
20240101,14:27:33,11.4,450,265100
20240101,14:27:51,11.4,300,265100
20240101,14:28:00,11.45,50,265100
20240101,14:28:18,11.4,50,265100
20240101,14:29:01,11.45,1850,265100
20240101,14:29:18,11.45,50,265100
20240101,14:29:36,11.3,400,265100
20240101,14:30:03,11.45,50,265100
20240101,14:30:49,11.55,100,265100
20240101,14:30:58,11.65,50,265100
20240101,14:31:06,11.7,500,265100
20240101,14:31:34,11.75,50,265100
20240101,14:31:43,11.75,100,265100
20240101,14:32:10,11.8,450,265100
20240101,14:32:19,11.85,1050,265100
20240101,14:32:27,11.8,200,265100
20240101,14:32:36,11.8,250,265100
20240101,14:32:44,11.85,50,265100
20240101,14:33:01,11.75,600,265100
20240101,14:33:09,11.8,800,265100
20240101,14:33:17,11.85,150,265200
20240101,14:33:25,11.8,1000,265200
20240101,14:33:33,11.8,1000,265200
20240101,14:33:42,11.85,400,265200
20240101,14:33:50,11.85,50,265200
20240101,14:33:59,11.9,1000,265200
20240101,14:34:07,11.95,50,265200
20240101,14:34:32,11.8,1000,265200
20240101,14:34:40,11.85,1200,265200
20240101,14:34:49,11.9,400,265200
20240101,14:34:57,11.9,2000,265200
20240101,14:35:05,12.0,1250,265200
20240101,14:35:14,11.95,1000,265200
20240101,14:35:40,11.8,400,265200
20240101,14:35:49,11.8,200,265200
20240101,14:35:57,11.85,700,265200
20240101,14:36:06,11.85,150,265200
20240101,14:36:14,11.8,1200,265250
20240101,14:36:23,11.8,50,265250
20240101,14:36:50,11.9,450,265250
20240101,14:36:59,11.9,150,265250
20240101,14:38:07,11.75,200,265250
20240101,14:38:23,11.75,400,265250
20240101,14:38:32,11.7,200,265250
20240101,14:39:04,11.6,50,265250
20240101,14:39:13,11.55,50,265400
20240101,14:39:39,11.4,50,265400
20240101,14:40:11,11.35,1000,265400
20240101,14:40:20,11.45,700,265400
20240101,14:40:28,11.35,200,265400
20240101,14:40:36,11.4,850,265400
20240101,14:40:44,11.35,1000,265400
20240101,14:40:52,11.35,400,265400
20240101,14:41:00,11.35,200,265400
20240101,14:41:08,11.35,400,265400
20240101,14:41:16,11.35,200,265400
20240101,14:41:24,11.35,100,265400
20240101,14:41:46,11.35,850,265400
20240101,14:41:55,11.55,1050,265400
20240101,14:42:05,11.55,50,265400
20240101,14:42:15,11.5,1650,269650
20240101,14:42:26,11.5,1250,269650
20240101,14:42:37,11.55,1350,269650
20240101,14:42:48,11.7,1250,269650
20240101,14:42:59,11.6,300,269650
20240101,14:43:20,11.65,100,269650
20240101,14:43:29,11.7,550,269650
20240101,14:43:39,11.7,350,269650
20240101,14:43:50,11.75,3550,269650
20240101,14:44:01,12.0,2050,269650
20240101,14:44:12,11.85,4300,269650
20240101,14:44:22,11.95,1050,269650
20240101,14:44:32,11.9,450,269650
20240101,14:44:42,12.1,100,269650
20240101,14:44:52,12.15,2450,269650
20240101,14:45:03,12.3,1050,269650
20240101,14:45:13,12.3,1100,269650
20240101,14:45:22,12.4,250,269650
20240101,14:45:32,12.4,500,269650
20240101,14:45:41,12.4,300,269650
20240101,14:45:50,12.35,350,269650
20240101,14:46:00,12.45,350,269650
20240101,14:46:09,12.5,150,269650
20240101,14:46:19,12.6,400,269650
20240101,14:46:28,12.4,1050,269650
20240101,14:46:38,12.4,1050,269650
20240101,14:46:48,12.4,850,269650
20240101,14:47:06,12.55,700,269650
20240101,14:47:15,12.6,650,269650
20240101,14:47:24,12.6,150,269650
20240101,14:47:33,12.45,10200,269650
20240101,14:47:42,12.6,150,269650
20240101,14:47:51,12.5,150,269650
20240101,14:48:09,12.5,250,269650
20240101,14:48:18,12.5,550,272100
20240101,14:48:27,12.5,250,272100
20240101,14:48:36,12.35,300,272100
20240101,14:49:01,12.35,50,272100
20240101,14:49:10,12.4,1200,272100
20240101,14:49:22,12.5,1150,272100
20240101,14:49:33,12.6,1300,272100
20240101,14:49:44,12.9,550,272100
20240101,14:49:55,13.3,550,272100
20240101,14:50:05,13.5,1550,272100
20240101,14:50:15,13.5,100,272100
20240101,14:50:26,13.95,400,272100
20240101,14:50:37,14.1,600,272100
20240101,14:50:47,14.05,1400,272100
20240101,14:50:56,14.3,1100,272100
20240101,14:51:05,14.3,100,272100
20240101,14:51:15,14.05,900,271900
20240101,14:51:24,14.3,1200,271900
20240101,14:51:34,14.15,300,271900
20240101,14:51:45,14.15,400,271900
20240101,14:51:56,14.2,400,271900
20240101,14:52:05,14.3,1050,271900
20240101,14:52:15,14.25,200,271900
20240101,14:52:25,14.05,1400,271900
20240101,14:52:34,14.25,850,271900
20240101,14:52:43,14.1,100,271900
20240101,14:52:52,14.05,1100,271900
20240101,14:53:01,14.0,100,271900
20240101,14:53:10,14.0,100,271900
20240101,14:53:19,13.95,2750,271900
20240101,14:53:28,13.9,3000,271900
20240101,14:53:38,14.0,2550,271900
20240101,14:53:47,14.0,3150,271900
20240101,14:53:57,14.0,2650,271900
20240101,14:54:06,13.95,850,271900
20240101,14:54:16,13.85,2000,283450
20240101,14:54:26,13.9,600,283450
20240101,14:54:36,14.15,50,283450
20240101,14:54:45,14.2,600,283450
20240101,14:54:54,14.05,250,283450
20240101,14:55:03,14.2,550,283450
20240101,14:55:22,14.1,1550,283450
20240101,14:55:31,14.2,500,283450
20240101,14:55:40,14.1,200,283450
20240101,14:55:49,14.15,50,283450
20240101,14:56:06,14.05,350,283450
20240101,14:56:24,14.05,50,283450
20240101,14:56:33,14.05,50,283450
20240101,14:56:50,13.95,300,283450
20240101,14:56:59,14.0,1300,283450
20240101,14:57:08,14.1,400,283450
20240101,14:57:17,14.05,400,282450
20240101,14:57:25,14.0,1850,282450
20240101,14:58:10,14.0,50,282450
20240101,14:58:18,14.0,350,282450
20240101,14:58:27,14.0,1600,282450
20240101,14:58:36,14.05,1100,282450
20240101,14:58:54,14.1,300,282450
20240101,14:59:04,14.1,150,282450
20240101,14:59:13,14.1,100,282450
20240101,14:59:39,14.25,1500,282450
20240101,14:59:48,14.3,700,282450
20240101,15:00:06,14.55,300,282450
20240101,15:00:16,14.5,50,282450
20240101,15:00:44,14.7,50,284050
20240101,15:00:54,14.85,400,284050
20240101,15:01:04,14.85,350,284050
20240101,15:01:13,14.65,500,284050
20240101,15:01:24,14.55,1200,284050
20240101,15:01:35,13.55,550,284050
20240101,15:01:47,14.1,2750,284050
20240101,15:01:57,14.05,1150,284050
20240101,15:02:08,13.95,850,284050
20240101,15:02:18,13.55,900,284050
20240101,15:02:27,13.6,1000,284050
20240101,15:02:47,13.65,100,284050
20240101,15:02:56,13.65,100,284050
20240101,15:03:06,13.25,850,284050
20240101,15:03:16,13.3,550,287550
20240101,15:03:26,13.3,100,287550
20240101,15:03:45,13.2,200,287550
20240101,15:03:55,13.1,1050,287550
20240101,15:04:05,13.05,950,287550
20240101,15:04:14,12.9,450,287550
20240101,15:04:42,12.9,1950,287550
20240101,15:05:00,13.2,500,287550
20240101,15:05:37,13.15,50,287550
20240101,15:05:46,13.15,700,287550
20240101,15:05:55,13.15,500,287550
20240101,15:06:05,13.2,150,287550
20240101,15:06:40,13.05,1600,286700
20240101,15:06:59,12.95,250,286700
20240101,15:07:35,12.8,200,286700
20240101,15:07:45,12.5,150,286700
20240101,15:07:56,12.45,250,286700
20240101,15:08:06,12.2,150,286700
20240101,15:08:17,12.15,100,286700
20240101,15:08:28,12.15,850,286700
20240101,15:08:39,11.75,2100,286700
20240101,15:08:50,11.75,1700,286700
20240101,15:09:02,11.4,1250,286700
20240101,15:09:15,11.45,500,291050
20240101,15:09:26,11.45,800,291050
20240101,15:09:37,11.4,400,291050
20240101,15:09:47,11.45,50,291050
20240101,15:10:07,11.45,150,291050
20240101,15:10:18,11.25,600,291050
20240101,15:10:30,10.95,1100,291050
20240101,15:10:42,11.0,2850,291050
20240101,15:10:54,10.9,700,291050
20240101,15:11:05,10.95,1450,291050
20240101,15:11:15,10.95,250,291050
20240101,15:11:26,10.85,550,291050
20240101,15:11:37,10.95,1200,291050
20240101,15:11:47,11.0,50,291050
20240101,15:11:57,11.05,1150,291050
20240101,15:12:08,11.05,400,291050
20240101,15:12:18,11.05,100,293450
20240101,15:12:37,11.2,3000,293450
20240101,15:12:48,11.0,1700,293450
20240101,15:12:59,10.95,350,293450
20240101,15:13:09,11.15,850,293450
20240101,15:13:19,10.95,2250,293450
20240101,15:13:31,10.85,850,293450
20240101,15:13:42,10.95,250,293450
20240101,15:13:52,10.9,100,293450
20240101,15:14:02,11.05,100,293450
20240101,15:14:11,11.05,50,293450
20240101,15:14:22,11.0,250,293450
20240101,15:14:32,11.05,1050,293450
20240101,15:14:42,11.2,50,293450
20240101,15:15:02,11.3,500,293450
20240101,15:15:22,11.1,1800,296650
20240101,15:15:32,11.15,1050,296650
20240101,15:15:42,11.1,50,296650
20240101,15:15:51,11.15,600,296650
20240101,15:16:01,11.2,850,296650
20240101,15:16:11,11.15,950,296650
20240101,15:16:22,11.2,500,296650
20240101,15:16:32,11.25,50,296650
20240101,15:16:42,11.35,650,296650
20240101,15:16:51,11.3,50,296650
20240101,15:17:01,11.35,150,296650
20240101,15:17:10,11.45,200,296650
20240101,15:17:20,11.5,50,296650
20240101,15:17:29,11.5,50,296650
20240101,15:17:39,11.5,850,296650
20240101,15:17:58,11.5,13250,296650
20240101,15:18:08,11.25,11100,296650
20240101,15:18:18,11.05,7550,315550
20240101,15:18:28,11.0,2800,315550
20240101,15:18:47,11.1,350,315550
20240101,15:18:57,11.0,3250,315550
20240101,15:19:06,11.0,1150,315550
20240101,15:19:15,10.95,50,315550
20240101,15:19:24,10.95,50,315550
20240101,15:19:34,10.9,200,315550
20240101,15:19:43,10.9,900,315550
20240101,15:19:53,10.95,500,315550
20240101,15:20:15,10.9,200,315550
20240101,15:20:27,10.9,1250,315550
20240101,15:20:39,10.9,300,315550
20240101,15:20:51,10.8,700,315550
20240101,15:21:02,10.7,1300,315550
20240101,15:21:13,10.75,600,315550
20240101,15:21:24,10.7,50,323050
20240101,15:21:35,10.45,2150,323050
20240101,15:21:47,10.4,1700,323050
20240101,15:21:59,10.35,650,323050
20240101,15:22:12,10.05,550,323050
20240101,15:22:23,10.0,3150,323050
20240101,15:22:34,9.9,400,323050
20240101,15:22:46,9.95,300,323050
20240101,15:22:56,9.9,2450,323050
20240101,15:23:06,9.9,9900,323050
20240101,15:23:16,9.85,800,323050
20240101,15:23:38,9.85,2200,323050
20240101,15:23:49,9.85,950,323050
20240101,15:24:00,9.9,850,323050
20240101,15:24:13,9.85,7250,323050
20240101,15:24:25,9.85,1050,337150
20240101,15:24:36,9.75,1300,337150
20240101,15:24:46,9.7,500,337150
20240101,15:24:55,9.7,650,337150
20240101,15:25:05,9.7,100,337150
20240101,15:25:15,9.6,900,337150
20240101,15:25:26,9.65,300,337150
20240101,15:25:38,9.6,2000,337150
20240101,15:25:50,9.55,1400,337150
20240101,15:26:01,9.3,5450,337150
20240101,15:26:21,9.3,50,337150
20240101,15:26:32,9.15,650,337150
20240101,15:26:42,9.25,50,337150
20240101,15:26:53,9.15,1650,337150
20240101,15:27:14,9.05,400,337150
20240101,15:27:24,9.1,300,339100
20240101,15:27:35,9.0,1100,339100
20240101,15:27:47,9.0,50,339100
20240101,15:28:11,9.0,500,339100
20240101,15:28:23,9.05,950,339100
20240101,15:28:33,8.8,750,339100
20240101,15:28:44,9.0,300,339100
20240101,15:28:54,9.05,600,339100
20240101,15:29:07,9.0,1350,339100
20240101,15:29:19,9.0,200,339100
20240101,15:29:32,9.0,100,339100
20240101,15:29:56,8.8,1350,339100
20240102,09:15:13,11.0,1,344750
20240102,09:15:13,9.2,600,344750
20240102,09:15:26,9.0,500,344750
20240102,09:15:37,9.4,100,344750
20240102,09:15:59,8.8,400,344750
20240102,09:16:20,8.8,100,344750
20240102,09:16:58,9.65,50,344750
20240102,09:17:08,9.8,550,344750
20240102,09:17:18,9.55,850,344750
20240102,09:17:27,9.55,100,344750
20240102,09:17:37,9.6,800,346100
20240102,09:17:47,9.45,400,346100
20240102,09:17:56,9.4,300,346100
20240102,09:18:06,9.45,1500,346100
20240102,09:18:15,9.45,500,346100
20240102,09:18:25,9.4,350,346100
20240102,09:18:34,9.35,150,346100
20240102,09:18:44,9.35,700,346100
20240102,09:19:04,9.4,650,346100
20240102,09:19:14,9.35,250,346100
20240102,09:19:44,9.35,200,346100
20240102,09:19:54,9.25,450,346100
20240102,09:20:14,9.3,650,346100
20240102,09:20:24,9.25,50,346100
20240102,09:20:44,9.3,50,349850
20240102,09:21:03,9.35,50,349850
20240102,09:21:23,9.15,200,349850
20240102,09:21:33,9.1,150,349850
20240102,09:22:05,9.0,2200,349850
20240102,09:22:17,8.9,50,349850
20240102,09:22:28,8.9,700,349850
20240102,09:22:38,8.8,50,349850
20240102,09:22:48,8.8,200,349850
20240102,09:22:58,8.9,50,349850
20240102,09:23:17,8.9,50,349850
20240102,09:23:27,9.0,50,349850
20240102,09:23:36,9.0,100,351650
20240102,09:23:45,9.0,150,351650
20240102,09:23:54,9.05,100,351650
20240102,09:24:13,9.0,50,351650
20240102,09:24:33,8.95,850,351650
20240102,09:24:43,8.85,1500,351650
20240102,09:24:53,8.9,150,351650
20240102,09:25:03,8.8,350,351650
20240102,09:25:14,8.75,350,351650
20240102,09:25:25,8.6,50,351650
20240102,09:25:44,8.45,400,351650
20240102,09:26:14,8.35,450,351650
20240102,09:26:34,8.3,550,351650
20240102,09:26:44,8.25,550,352700
20240102,09:27:06,8.25,800,352700
20240102,09:27:16,8.2,50,352700
20240102,09:27:26,8.2,100,352700
20240102,09:27:36,8.2,50,352700
20240102,09:27:46,8.2,250,352700
20240102,09:27:56,8.2,50,352700
20240102,09:28:26,8.2,50,352700
20240102,09:28:39,9.0,4250,352700
20240102,09:28:53,9.05,600,352700
20240102,09:29:04,8.8,3450,352700
20240102,09:29:14,8.75,550,352700
20240102,09:29:26,8.75,400,352700
20240102,09:29:37,8.6,50,353200
20240102,09:29:47,8.6,100,353200
20240102,09:29:57,8.45,1800,353200
20240102,09:30:47,8.4,250,353200
20240102,09:30:57,8.45,850,353200
20240102,09:31:09,8.4,250,353200
20240102,09:31:38,8.45,550,353200
20240102,09:31:48,8.55,5350,353200
20240102,09:31:57,8.6,150,353200
20240102,09:32:07,8.65,2050,353200
20240102,09:32:36,8.45,1200,354800
20240102,09:32:46,8.55,500,354800
20240102,09:32:56,8.5,250,354800
20240102,09:33:44,8.55,700,354800
20240102,09:33:54,8.6,300,354800
20240102,09:34:03,8.6,650,354800
20240102,09:34:31,8.55,500,354800
20240102,09:34:49,8.55,250,354800
20240102,09:35:16,8.45,1650,354800
20240102,09:35:36,8.5,1350,350600
20240102,09:36:22,8.5,200,350600
20240102,09:36:50,8.45,200,350600
20240102,09:37:08,8.5,800,350600
20240102,09:37:17,8.5,350,350600
20240102,09:37:35,8.4,1000,350600
20240102,09:37:44,8.3,4000,350600
20240102,09:38:18,8.35,1300,350600
20240102,09:38:27,8.3,300,350600
20240102,09:38:37,8.4,950,354900
20240102,09:38:56,8.4,450,354900
20240102,09:39:06,8.35,150,354900
20240102,09:39:34,8.45,250,354900
20240102,09:39:43,8.5,500,354900
20240102,09:40:04,8.5,550,354900
20240102,09:40:15,8.45,1100,354900
20240102,09:40:56,8.5,1700,354900
20240102,09:41:06,8.65,50,354900
20240102,09:41:17,8.65,1750,354900
20240102,09:41:46,8.65,550,358150
20240102,09:42:15,8.55,150,358150
20240102,09:42:25,8.65,900,358150
20240102,09:42:43,8.7,150,358150
20240102,09:42:52,8.65,900,358150
20240102,09:43:02,8.75,150,358150
20240102,09:43:12,8.8,1450,358150
20240102,09:43:23,8.7,700,358150
20240102,09:43:33,8.8,950,358150
20240102,09:44:29,8.8,250,360150
20240102,09:44:56,8.7,650,360150
20240102,09:45:05,8.75,50,360150
20240102,09:45:24,8.7,100,360150
20240102,09:45:44,8.8,150,360150
20240102,09:45:53,8.7,200,360150
20240102,09:46:13,8.7,200,360150
20240102,09:46:22,8.7,50,360150
20240102,09:46:41,8.7,200,360150
20240102,09:46:51,8.7,250,360150
20240102,09:47:09,8.8,50,360150
20240102,09:47:37,8.75,1800,360150
20240102,09:47:46,8.75,300,362250
20240102,09:47:55,8.8,200,362250
20240102,09:48:04,8.75,50,362250
20240102,09:48:40,8.85,100,362250
20240102,09:48:59,8.85,200,362250
20240102,09:49:08,8.9,50,362250
20240102,09:49:37,8.95,1000,362250
20240102,09:49:46,8.8,3600,362250
20240102,09:50:12,8.95,250,362250
20240102,09:50:21,8.9,2100,362250
20240102,09:50:48,9.0,1000,364400
20240102,09:51:07,8.95,500,364400
20240102,09:51:17,8.9,500,364400
20240102,09:51:36,8.95,500,364400
20240102,09:51:46,9.0,200,364400
20240102,09:51:55,8.95,2150,364400
20240102,09:52:13,8.95,300,364400
20240102,09:52:31,9.0,150,364400
20240102,09:52:40,9.0,150,364400
20240102,09:52:49,9.0,1000,364400
20240102,09:53:07,8.9,150,364400
20240102,09:53:26,8.95,50,364400
20240102,09:53:35,8.95,250,367750
20240102,09:53:45,9.0,250,367750
20240102,09:54:30,8.9,550,367750
20240102,09:54:59,8.9,450,367750
20240102,09:55:10,8.9,600,367750
20240102,09:56:02,8.9,250,367750
20240102,09:56:14,8.8,50,367750
20240102,09:56:27,8.8,200,367750
20240102,09:56:39,8.8,1100,367750
20240102,09:56:51,8.75,1000,368400
20240102,09:57:03,8.75,350,368400
20240102,09:57:16,8.7,300,368400
20240102,09:57:28,8.55,4450,368400
20240102,09:57:41,8.55,700,368400
20240102,09:57:52,8.5,600,368400
20240102,09:58:03,8.4,700,368400
20240102,09:58:15,8.4,1100,368400
20240102,09:58:26,8.3,2600,368400
20240102,09:58:39,8.3,100,368400
20240102,09:59:11,8.2,750,368400
20240102,09:59:24,8.1,200,368400
20240102,09:59:36,8.05,2200,373250
20240102,09:59:46,8.05,6700,373250
20240102,09:59:57,7.95,18450,373250
20240102,10:00:08,8.1,1800,373250
20240102,10:00:33,8.2,1550,373250
20240102,10:00:46,8.15,1650,373250
20240102,10:00:56,8.15,3000,373250
20240102,10:01:06,8.1,1450,373250
20240102,10:01:17,8.15,1850,373250
20240102,10:01:29,8.15,100,373250
20240102,10:01:40,8.15,2750,373250
20240102,10:01:50,8.15,500,373250
20240102,10:02:11,8.2,900,373250
20240102,10:02:21,8.15,950,373250
20240102,10:02:31,8.1,800,373250
20240102,10:02:41,8.15,1300,381050
20240102,10:03:01,8.1,1300,381050
20240102,10:03:25,8.1,1050,381050
20240102,10:03:38,8.1,3950,381050
20240102,10:03:48,8.15,100,381050
20240102,10:03:59,8.1,2350,381050
20240102,10:04:19,8.15,50,381050
20240102,10:04:29,8.15,1800,381050
20240102,10:04:39,8.15,200,381050
20240102,10:04:50,8.15,400,381050
20240102,10:05:00,8.15,500,381050
20240102,10:05:21,8.2,250,381050
20240102,10:05:31,8.15,2950,381050
20240102,10:05:41,8.2,1850,383850
20240102,10:05:52,8.1,8350,383850
20240102,10:06:02,8.1,2250,383850
20240102,10:06:22,8.2,1750,383850
20240102,10:06:33,8.25,550,383850
20240102,10:06:53,8.3,350,383850
20240102,10:07:03,8.3,200,383850
20240102,10:07:14,8.3,750,383850
20240102,10:07:36,8.25,1600,383850
20240102,10:08:06,8.3,1350,383850
20240102,10:08:17,8.35,50,383850
20240102,10:08:27,8.35,100,383850
20240102,10:08:46,8.25,400,386250
20240102,10:08:56,8.25,500,386250
20240102,10:09:07,8.3,100,386250
20240102,10:09:36,8.2,50,386250
20240102,10:09:46,8.2,3700,386250
20240102,10:10:05,8.25,3150,386250
20240102,10:10:15,8.15,10950,386250
20240102,10:10:25,8.2,250,386250
20240102,10:10:35,8.2,400,386250
20240102,10:10:45,8.15,1850,386250
20240102,10:11:44,8.25,4550,384800
20240102,10:11:53,8.25,500,384800
20240102,10:12:11,8.25,150,384800
20240102,10:12:31,8.1,4100,384800
20240102,10:12:41,8.15,1250,384800
20240102,10:12:52,8.15,550,384800
20240102,10:14:03,8.2,50,384800
20240102,10:14:13,8.25,50,384800
20240102,10:14:43,8.3,700,389150
20240102,10:15:23,8.3,500,389150
20240102,10:16:02,8.3,300,389150
20240102,10:16:12,8.3,400,389150
20240102,10:16:22,8.35,350,389150
20240102,10:17:01,8.4,4000,389150
20240102,10:17:11,8.3,650,389150
20240102,10:17:21,8.35,3300,389150
20240102,10:18:09,8.4,50,387850
20240102,10:18:19,8.35,350,387850
20240102,10:18:28,8.45,300,387850
20240102,10:18:38,8.45,250,387850
20240102,10:18:47,8.4,800,387850
20240102,10:18:57,8.45,250,387850
20240102,10:19:06,8.4,600,387850
20240102,10:19:16,8.35,1300,387850
20240102,10:19:25,8.35,800,387850
20240102,10:19:35,8.35,500,387850
20240102,10:19:53,8.35,250,387850
20240102,10:20:03,8.35,900,387850
20240102,10:20:22,8.35,500,387850
20240102,10:20:32,8.35,450,387850
20240102,10:20:42,8.35,1000,382350
20240102,10:21:01,8.3,1050,382350
20240102,10:21:41,8.35,500,382350
20240102,10:22:20,8.25,300,382350
20240102,10:22:49,8.35,400,382350
20240102,10:22:59,8.3,200,382350
20240102,10:23:09,8.3,400,382350
20240102,10:24:10,8.35,100,382100
20240102,10:24:20,8.25,25550,382100
20240102,10:24:40,8.3,50,382100
20240102,10:24:50,8.25,100,382100
20240102,10:25:14,8.05,650,382100
20240102,10:25:25,8.1,1050,382100
20240102,10:25:35,8.1,650,382100
20240102,10:25:45,8.1,50,382100
20240102,10:25:55,8.05,50,382100
20240102,10:26:29,8.05,200,382100
20240102,10:27:46,8.0,8100,374150
20240102,10:27:56,7.9,1150,374150
20240102,10:28:06,7.9,50,374150
20240102,10:28:17,7.9,400,374150
20240102,10:28:27,7.9,250,374150
20240102,10:29:17,7.95,500,374150
20240102,10:29:27,7.9,200,374150
20240102,10:29:37,7.85,350,374150
20240102,10:29:47,7.85,50,375900
20240102,10:29:58,7.8,300,375900
20240102,10:30:20,7.6,1850,375900
20240102,10:30:32,7.55,250,375900
20240102,10:30:43,7.5,1450,375900
20240102,10:30:52,7.45,1150,375900
20240102,10:31:03,7.45,1550,375900
20240102,10:31:13,7.4,250,375900
20240102,10:31:32,7.4,500,375900
20240102,10:31:43,7.35,650,375900
20240102,10:31:53,7.25,3000,375900
20240102,10:32:04,7.25,150,375900
20240102,10:32:15,7.25,50,375900
20240102,10:32:25,7.25,11900,375900
20240102,10:32:35,7.4,7100,375900
20240102,10:32:44,7.5,14650,365450
20240102,10:32:54,7.55,9250,365450
20240102,10:33:04,7.7,12950,365450
20240102,10:33:14,7.8,17650,365450
20240102,10:33:23,7.9,10150,365450
20240102,10:33:33,8.0,7350,365450
20240102,10:33:53,7.9,5050,365450
20240102,10:34:03,7.9,1050,365450
20240102,10:34:13,7.9,1000,365450
20240102,10:34:22,7.95,400,365450
20240102,10:34:42,7.85,2300,365450
20240102,10:34:52,7.85,250,365450
20240102,10:35:02,7.95,50,365450
20240102,10:35:22,7.85,300,365450
20240102,10:35:32,7.85,500,365450
20240102,10:35:42,7.8,500,332600
20240102,10:36:02,7.75,1050,332600
20240102,10:36:12,7.7,2250,332600
20240102,10:36:23,7.6,2050,332600
20240102,10:36:36,7.6,1050,332600
20240102,10:36:48,7.6,600,332600
20240102,10:37:00,7.6,1750,332600
20240102,10:37:12,7.55,950,332600
20240102,10:37:24,7.65,350,332600
20240102,10:37:35,7.65,1100,332600
20240102,10:37:55,7.65,10750,332600
20240102,10:38:15,7.6,2100,332600
20240102,10:38:26,7.65,250,332600
20240102,10:38:36,7.7,650,332600
20240102,10:38:56,7.6,1900,330900
20240102,10:39:09,7.6,400,330900
20240102,10:39:21,7.6,1800,330900
20240102,10:39:31,7.6,2650,330900
20240102,10:39:53,7.55,1300,330900
20240102,10:40:04,7.6,1700,330900
20240102,10:40:16,7.65,250,330900
20240102,10:40:26,7.65,900,330900
20240102,10:40:47,7.6,700,330900
20240102,10:40:58,7.6,800,330900
20240102,10:41:09,7.55,200,330900
20240102,10:41:30,7.55,400,330900
20240102,10:41:51,7.35,550,330350
20240102,10:42:02,7.4,150,330350
20240102,10:42:23,7.45,100,330350
20240102,10:42:33,7.4,50,330350
20240102,10:43:05,7.4,50,330350
20240102,10:43:16,7.4,100,330350
20240102,10:43:37,7.65,13900,330350
20240102,10:43:48,7.8,6950,330350
20240102,10:43:57,7.85,6100,330350
20240102,10:44:08,8.0,5700,330350
20240102,10:44:18,8.1,4900,330350
20240102,10:44:28,8.1,5850,330350
20240102,10:44:39,8.05,1300,330350
20240102,10:45:00,8.0,250,324200
20240102,10:45:10,8.0,50,324200
20240102,10:45:20,8.0,1000,324200
20240102,10:45:41,8.1,1300,324200
20240102,10:46:00,8.15,1000,324200
