date,time,tick_price,volume,open_interest
20240110,09:54:06,800.45,50,50
20240110,09:54:54,766.2,50,50
20240110,10:29:30,766.2,150,50
20240112,09:15:35,640.0,1,50
20240112,09:15:35,640.0,50,50
20240112,09:22:43,603.4,50,250
20240112,09:30:52,592.2,50,300
20240112,09:39:53,592.2,50,300
20240112,09:59:00,581.55,50,300
20240112,09:59:13,576.7,50,300
20240112,10:09:07,529.75,50,300
20240112,10:12:38,529.75,100,250
20240112,10:13:09,533.0,50,250
20240112,10:22:02,533.0,350,400
20240112,10:22:29,533.0,1050,400
20240112,10:28:14,500.0,50,1650
20240112,10:28:26,500.0,1400,1650
20240112,10:29:26,504.15,50,1650
20240112,10:30:40,529.1,50,1050
20240112,10:32:21,525.0,50,1050
20240112,10:38:15,513.9,50,1050
20240112,10:40:00,509.45,50,1000
20240112,10:40:29,499.3,100,1000
20240112,10:41:00,492.35,50,1000
20240112,10:41:13,492.35,50,1000
20240112,10:45:27,509.8,50,1000
20240112,10:51:43,498.0,100,950
20240112,10:54:00,510.25,50,1000
20240112,10:54:24,508.8,50,1000
20240112,10:56:59,502.0,50,1100
20240112,10:59:09,495.0,50,1100
20240112,11:00:39,486.05,50,1100
20240112,11:01:52,486.05,200,1100
20240112,11:03:14,493.6,50,1100
20240112,11:04:44,507.0,50,1200
20240112,11:04:49,504.65,50,1200
20240112,11:06:53,508.5,100,1300
20240112,11:07:00,508.65,100,1300
20240112,11:07:59,514.1,50,1300
20240112,11:10:29,513.8,100,1550
20240112,11:10:30,513.8,400,1550
20240112,11:12:43,512.95,50,1600
20240112,11:13:39,512.05,50,1600
20240112,11:14:34,515.0,50,1600
20240112,11:15:11,517.1,50,1650
20240112,11:15:19,513.3,200,1650
20240112,11:16:38,508.7,500,1650
20240112,11:17:13,508.6,150,1650
20240112,11:17:31,508.65,50,1650
20240112,11:19:12,500.5,150,1950
20240112,11:19:45,499.7,50,1950
20240112,11:20:00,502.35,100,1950
20240112,11:20:26,502.75,50,1950
20240112,11:32:42,510.55,50,1800
20240112,11:33:01,510.7,150,1800
20240112,11:40:58,501.35,100,1950
20240112,11:51:00,487.7,50,1850
20240112,11:51:02,488.55,50,1850
20240112,11:55:54,502.65,50,1850
20240112,11:56:00,501.65,200,1850
20240112,12:00:39,502.6,100,2050
20240112,12:01:00,502.6,50,2050
20240112,12:01:59,507.4,50,2050
20240112,12:04:00,520.7,50,2250
20240112,12:05:57,517.15,50,2250
20240112,12:06:00,517.45,150,2250
20240112,12:06:04,518.8,150,2250
20240112,12:07:49,511.35,50,2250
20240112,12:07:53,511.1,50,2250
20240112,12:08:00,513.9,50,2250
20240112,12:09:00,505.5,50,2450
20240112,12:09:15,509.75,50,2450
20240112,12:13:32,506.6,50,2450
20240112,12:14:00,504.9,200,2450
20240112,12:19:01,511.45,250,2200
20240112,12:32:41,500.0,50,2250
20240112,12:32:42,497.6,150,2250
20240112,12:38:00,511.35,350,2200
20240112,12:39:08,516.9,50,2450
20240112,12:45:59,505.7,50,2500
20240112,12:48:59,503.9,50,2450
20240112,12:50:00,499.15,250,2450
20240112,12:51:00,494.45,150,2200
20240112,12:51:02,494.85,50,2200
20240112,12:52:31,492.0,50,2200
20240112,13:00:39,474.2,50,2100
20240112,13:02:13,473.9,50,2100
20240112,13:08:00,473.9,250,2150
20240112,13:12:00,475.15,50,2300
20240112,13:16:00,468.6,200,2250
20240112,13:20:00,468.6,100,2200
20240112,13:20:31,480.1,50,2200
20240112,13:22:00,473.75,50,2200
20240112,13:23:22,477.05,50,2200
20240112,13:26:05,476.85,200,2250
20240112,13:28:00,464.3,50,2250
20240112,13:30:51,464.3,50,2250
20240112,13:35:57,460.2,50,2250
20240112,13:39:53,452.1,100,2350
20240112,13:48:05,442.3,100,2350
20240112,13:56:12,435.85,50,2350
20240112,13:56:26,435.85,50,2350
20240112,13:59:40,439.15,300,2450
20240112,14:00:49,443.4,300,2750
20240112,14:00:52,444.3,50,2750
20240112,14:06:00,452.05,50,2700
20240112,14:06:03,454.3,50,2700
20240112,14:06:04,454.9,100,2800
20240112,14:17:02,437.0,50,2900
20240112,14:17:03,438.85,150,2900
20240112,14:17:18,436.4,50,2900
20240112,14:18:01,436.7,50,2900
20240112,14:19:12,442.95,50,2800
20240112,14:19:22,444.65,50,2800
20240112,14:28:15,422.0,100,2800
20240112,14:28:29,422.0,50,2800
20240112,14:29:33,430.95,100,2800
20240112,14:31:39,425.0,250,2900
20240112,14:32:17,425.0,50,2900
20240112,14:36:37,413.65,50,2850
20240112,14:37:02,409.15,100,2850
20240112,14:37:13,403.7,50,2850
20240112,14:38:01,403.7,100,2850
20240112,14:38:02,404.4,50,2850
20240112,14:38:05,403.35,50,2850
20240112,14:38:06,402.95,50,2850
20240112,14:38:08,402.35,50,2850
20240112,14:38:16,401.25,100,2850
20240112,14:38:17,401.25,50,2850
20240112,14:38:21,399.15,50,2850
20240112,14:38:23,398.55,50,2850
20240112,14:38:24,398.55,50,2850
20240112,14:38:25,400.35,50,2850
20240112,14:38:27,399.6,50,2850
20240112,14:38:34,397.65,50,2850
20240112,14:38:42,396.6,50,2850
20240112,14:38:46,396.6,100,2850
20240112,14:38:47,399.3,50,2850
20240112,14:38:49,400.35,100,2850
20240112,14:39:04,397.2,100,2850
20240112,14:39:07,396.3,50,2850
20240112,14:39:29,393.3,100,4050
20240112,14:40:00,389.0,50,4050
20240112,14:40:29,389.0,50,4050
20240112,14:40:33,394.35,100,4050
20240112,14:40:34,394.35,50,4050
20240112,14:41:07,394.35,100,4050
20240112,14:41:08,394.35,100,4050
20240112,14:41:13,395.95,50,4050
20240112,14:41:14,396.9,100,4050
20240112,14:41:23,400.05,50,4050
20240112,14:42:53,407.2,50,4650
20240112,14:43:27,404.55,200,4650
20240112,14:43:35,405.9,50,4650
20240112,14:43:44,404.15,50,4650
20240112,14:44:07,405.15,50,4650
20240112,14:44:14,404.9,50,4650
20240112,14:44:17,405.55,100,4650
20240112,14:44:29,408.15,50,4650
20240112,14:44:31,407.55,50,4650
20240112,14:44:33,408.6,50,4650
20240112,14:47:08,416.3,50,5050
20240112,14:49:05,415.0,250,5050
20240112,14:50:23,419.95,200,5050
20240112,14:50:29,421.8,50,5050
20240112,14:52:27,422.7,50,4950
20240112,14:52:41,429.5,100,4950
20240112,14:52:46,426.7,50,4950
20240112,14:57:45,428.0,50,4900
20240112,14:59:06,421.85,50,4900
20240112,15:00:20,417.2,200,4950
20240112,15:01:13,427.6,50,4950
20240112,15:05:18,436.1,50,5050
20240112,15:09:23,476.55,100,5100
20240112,15:10:30,471.4,200,5100
20240112,15:10:32,465.0,50,5100
20240112,15:11:05,458.9,350,5100
20240112,15:11:42,448.0,50,5100
20240112,15:12:06,453.75,100,5100
20240112,15:12:33,456.1,50,4750
20240112,15:15:04,450.0,50,4750
20240112,15:15:39,441.95,50,4750
20240112,15:16:37,428.2,50,4750
20240112,15:20:05,431.1,50,4700
20240112,15:20:06,428.55,100,4700
20240112,15:25:05,419.35,100,4700
20240112,15:27:26,410.9,150,4650
20240112,15:29:19,405.0,50,4650
20240112,15:29:55,410.15,50,4650
20240115,09:15:02,327.35,1,4600
20240115,09:15:02,327.35,100,4600
20240115,09:15:09,333.9,100,4600
20240115,09:15:10,333.9,50,4600
20240115,09:15:14,333.9,200,4600
20240115,09:15:16,335.8,100,4600
20240115,09:15:18,343.8,50,4600
20240115,09:15:22,343.8,50,4600
20240115,09:15:35,338.8,50,4600
20240115,09:15:46,341.45,50,4600
20240115,09:15:51,339.3,50,4600
20240115,09:16:02,333.9,50,4600
20240115,09:16:04,331.85,100,4600
20240115,09:16:05,329.7,500,4600
20240115,09:16:06,332.2,500,4600
20240115,09:16:08,332.4,350,4600
20240115,09:16:13,330.45,450,4600
20240115,09:16:14,332.9,550,4600
20240115,09:16:15,331.35,500,4600
20240115,09:16:28,331.35,50,4600
20240115,09:16:38,336.0,500,4600
20240115,09:16:56,336.8,50,4600
20240115,09:16:57,335.9,200,4600
20240115,09:16:58,334.85,100,4600
20240115,09:17:03,335.55,1000,4600
20240115,09:17:09,335.15,150,4600
20240115,09:17:17,337.45,50,4600
20240115,09:17:32,336.7,50,7850
20240115,09:17:42,334.0,150,7850
20240115,09:17:53,330.7,100,7850
20240115,09:17:58,327.2,100,7850
20240115,09:18:00,326.0,50,7850
20240115,09:18:04,322.25,50,7850
20240115,09:18:20,320.3,50,7850
20240115,09:18:21,320.3,300,7850
20240115,09:18:38,325.65,100,7850
20240115,09:18:40,325.65,50,7850
20240115,09:18:44,325.8,50,7850
20240115,09:19:02,326.5,100,7850
20240115,09:19:03,325.35,50,7850
20240115,09:19:26,324.45,50,7850
20240115,09:19:27,325.15,50,7850
20240115,09:19:46,320.0,200,7850
20240115,09:20:33,313.55,150,8450
20240115,09:20:43,310.0,50,8450
20240115,09:20:45,309.85,100,8450
20240115,09:20:48,309.2,100,8450
20240115,09:20:59,311.3,450,8450
20240115,09:21:01,312.45,50,8450
20240115,09:21:08,309.0,100,8450
20240115,09:21:12,308.75,50,8450
20240115,09:21:18,306.0,100,8450
20240115,09:21:19,306.0,50,8450
20240115,09:21:32,301.2,50,8450
20240115,09:21:35,300.0,1000,8450
20240115,09:21:43,300.0,50,8450
20240115,09:21:45,301.7,100,8450
20240115,09:21:46,302.15,100,8450
20240115,09:21:51,303.7,50,8450
20240115,09:22:04,304.05,50,8450
20240115,09:22:10,303.3,150,8450
20240115,09:22:18,302.8,800,8450
20240115,09:22:19,302.75,50,8450
20240115,09:22:32,305.15,50,8450
20240115,09:22:52,303.55,50,8450
20240115,09:23:14,305.15,100,8450
20240115,09:23:16,305.0,50,8450
20240115,09:24:11,305.0,100,10750
20240115,09:24:20,302.25,50,10750
20240115,09:24:26,300.0,200,10750
20240115,09:24:35,301.6,50,10750
20240115,09:24:49,299.2,50,10750
20240115,09:24:50,297.5,50,10750
20240115,09:25:11,297.5,250,10750
20240115,09:25:14,303.45,150,10750
20240115,09:25:17,300.3,50,10750
20240115,09:25:44,302.2,100,10750
20240115,09:25:50,301.9,100,10750
20240115,09:25:56,302.1,50,10750
20240115,09:26:01,301.7,150,10750
20240115,09:26:07,302.85,100,10750
20240115,09:26:14,301.85,50,10750
20240115,09:26:30,300.0,100,11750
20240115,09:27:14,304.4,50,11750
20240115,09:27:16,304.65,50,11750
20240115,09:27:24,301.9,50,11750
20240115,09:27:25,301.85,1800,11750
20240115,09:27:29,302.0,1800,11750
20240115,09:27:36,300.0,100,11750
20240115,09:27:39,301.05,50,11750
20240115,09:27:46,297.25,50,11750
20240115,09:27:57,296.05,150,11750
20240115,09:28:06,293.9,1800,11750
20240115,09:28:07,292.9,50,11750
20240115,09:28:19,292.9,50,11750
20240115,09:28:36,295.1,50,11750
20240115,09:28:59,298.05,50,11750
20240115,09:29:21,296.75,100,11750
20240115,09:29:55,297.6,50,15600
20240115,09:30:23,299.8,500,15600
20240115,09:30:24,301.2,500,15600
20240115,09:30:26,300.85,50,15600
20240115,09:30:29,297.6,500,15600
20240115,09:30:38,298.85,50,15600
20240115,09:31:04,306.0,50,15600
20240115,09:31:28,309.8,50,15600
20240115,09:31:32,309.75,50,15600
20240115,09:31:33,310.7,50,15600
20240115,09:31:46,304.2,100,15600
20240115,09:32:01,304.2,1000,15600
20240115,09:32:23,305.0,50,15600
20240115,09:32:40,310.0,100,15900
20240115,09:32:45,310.7,50,15900
20240115,09:33:09,308.7,100,15900
20240115,09:33:16,305.85,150,15900
20240115,09:33:18,307.95,50,15900
20240115,09:33:37,303.0,850,15900
20240115,09:33:51,299.2,100,15900
20240115,09:33:53,297.3,50,15900
20240115,09:34:10,300.15,150,15900
20240115,09:34:11,300.3,350,15900
20240115,09:34:13,302.45,50,15900
20240115,09:34:32,303.45,100,15900
20240115,09:34:42,306.15,50,15900
20240115,09:34:56,308.0,1800,15900
20240115,09:35:06,306.05,50,15900
20240115,09:35:34,306.55,100,17500
20240115,09:35:39,306.55,100,17500
20240115,09:35:57,308.4,1800,17500
20240115,09:36:10,310.0,50,17500
20240115,09:36:11,311.0,50,17500
20240115,09:36:28,307.35,50,17500
20240115,09:37:01,308.3,50,17500
20240115,09:37:32,310.05,250,17500
20240115,09:37:44,307.35,100,17500
20240115,09:37:51,310.05,1850,17500
20240115,09:37:55,309.8,150,17500
20240115,09:38:02,311.55,150,17500
20240115,09:38:07,307.55,50,17500
20240115,09:38:35,309.8,250,14950
20240115,09:38:50,308.6,100,14950
20240115,09:38:58,309.5,200,14950
20240115,09:39:20,306.55,50,14950
20240115,09:39:42,304.35,150,14950
20240115,09:39:53,305.8,50,14950
20240115,09:41:21,312.0,50,14950
20240115,09:41:22,312.35,100,14950
20240115,09:41:26,317.35,150,14950
20240115,09:41:30,319.85,200,14950
20240115,09:41:44,318.4,50,15300
20240115,09:41:49,314.8,50,15300
20240115,09:41:53,316.2,200,15300
20240115,09:41:55,314.85,50,15300
20240115,09:42:05,316.15,50,15300
20240115,09:42:24,322.0,50,15300
20240115,09:42:25,319.65,150,15300
20240115,09:42:33,316.0,50,15300
20240115,09:42:36,315.15,250,15300
20240115,09:42:37,314.05,50,15300
20240115,09:42:41,316.15,50,15300
20240115,09:42:45,316.05,50,15300
20240115,09:44:09,312.0,100,15300
20240115,09:44:21,314.75,50,15300
20240115,09:44:24,316.0,50,15300
20240115,09:44:44,317.65,50,15450
20240115,09:45:04,322.75,50,15450
20240115,09:45:06,326.0,250,15450
20240115,09:45:08,326.3,50,15450
20240115,09:45:15,321.6,50,15450
20240115,09:45:25,317.7,50,15450
20240115,09:45:27,316.95,100,15450
20240115,09:45:32,316.0,50,15450
20240115,09:46:25,320.05,50,15450
20240115,09:46:30,322.1,50,15450
20240115,09:46:36,320.0,500,15450
20240115,09:46:38,320.4,800,15450
20240115,09:47:15,322.2,50,15450
20240115,09:47:29,325.0,50,15450
20240115,09:47:32,326.2,100,15600
20240115,09:47:38,325.6,50,15600
20240115,09:48:01,329.15,200,15600
20240115,09:48:08,327.15,100,15600
20240115,09:48:28,330.8,50,15600
20240115,09:48:51,336.0,50,15600
20240115,09:49:02,335.95,150,15600
20240115,09:49:03,336.35,300,15600
20240115,09:49:03,335.1,100,15600
20240115,09:49:04,335.15,50,15600
20240115,09:49:23,336.0,100,15600
20240115,09:49:36,338.4,50,15600
20240115,09:49:41,338.5,50,15600
20240115,09:50:01,335.7,50,15600
20240115,09:50:03,337.2,100,15600
20240115,09:50:06,337.0,50,15600
20240115,09:50:16,332.45,50,15600
20240115,09:50:20,328.75,100,15600
20240115,09:50:21,329.5,50,15600
20240115,09:50:32,328.2,50,15550
20240115,09:50:56,336.0,50,15550
20240115,09:51:06,335.0,50,15550
20240115,09:51:08,333.9,50,15550
20240115,09:51:24,336.35,50,15550
20240115,09:51:29,337.35,50,15550
20240115,09:51:30,336.0,1800,15550
20240115,09:51:31,342.1,550,15550
20240115,09:51:32,342.4,50,15550
20240115,09:51:33,343.95,100,15550
20240115,09:51:35,344.15,100,15550
20240115,09:51:36,344.15,100,15550
20240115,09:51:37,346.0,50,15550
20240115,09:51:40,349.35,50,15550
20240115,09:51:41,349.35,250,15550
20240115,09:51:42,347.25,100,15550
20240115,09:51:45,348.0,1800,15550
20240115,09:51:50,352.05,900,15550
20240115,09:51:51,352.05,750,15550
20240115,09:51:52,350.0,50,15550
20240115,09:51:56,350.4,100,15550
20240115,09:52:04,352.95,100,15550
20240115,09:52:12,355.4,50,15550
20240115,09:52:16,355.4,50,15550
20240115,09:52:23,352.7,50,15550
20240115,09:52:26,354.0,50,15550
20240115,09:52:44,344.0,100,15550
20240115,09:52:46,344.9,200,15550
20240115,09:52:49,346.8,50,15550
20240115,09:52:50,347.95,100,15550
20240115,09:52:56,349.75,50,15550
20240115,09:53:00,346.35,50,15550
20240115,09:53:07,345.3,200,15550
20240115,09:53:11,346.7,150,15550
20240115,09:53:21,345.35,200,15550
20240115,09:53:38,333.85,350,17200
20240115,09:53:50,336.75,100,17200
20240115,09:54:10,345.75,50,17200
20240115,09:54:15,347.7,50,17200
20240115,09:54:33,350.7,200,17200
20240115,09:54:36,352.0,50,17200
20240115,09:54:43,356.0,250,17200
20240115,09:55:03,363.35,100,17200
20240115,09:55:04,366.3,400,17200
20240115,09:55:05,366.3,50,17200
20240115,09:55:08,363.85,50,17200
20240115,09:55:10,362.45,50,17200
20240115,09:55:11,362.5,50,17200
20240115,09:55:13,361.6,50,17200
20240115,09:55:17,354.25,50,17200
20240115,09:55:18,355.0,100,17200
20240115,09:55:19,357.05,50,17200
20240115,09:55:21,360.3,50,17200
20240115,09:55:23,361.3,50,17200
20240115,09:55:54,354.3,50,17200
20240115,09:56:08,352.7,50,17200
20240115,09:56:12,351.95,50,17200
20240115,09:56:26,353.9,50,17200
20240115,09:56:59,358.9,100,16850
20240115,09:57:01,360.0,300,16850
20240115,09:57:04,362.0,50,16850
20240115,09:57:08,362.1,250,16850
20240115,09:57:14,364.95,50,16850
20240115,09:57:16,364.3,50,16850
20240115,09:57:25,366.95,50,16850
20240115,09:57:26,368.45,50,16850
20240115,09:57:31,368.45,50,16850
20240115,09:57:50,367.8,50,16850
20240115,09:57:53,371.4,50,16850
20240115,09:57:55,373.25,50,16850
20240115,09:58:16,373.25,50,16850
20240115,09:58:19,367.85,100,16850
20240115,09:58:21,366.8,200,16850
20240115,09:58:40,362.7,1800,16850
20240115,09:59:11,362.85,50,16850
20240115,09:59:14,365.0,1000,16850
20240115,09:59:35,368.2,50,16950
20240115,09:59:46,365.85,1800,16950
20240115,09:59:48,366.0,50,16950
20240115,09:59:52,364.45,1850,16950
20240115,09:59:53,366.0,50,16950
20240115,09:59:54,365.4,1800,16950
20240115,09:59:56,369.6,1800,16950
20240115,10:00:01,370.65,1800,16950
20240115,10:00:08,374.05,50,16950
20240115,10:00:09,374.05,100,16950
20240115,10:00:19,381.1,250,16950
20240115,10:00:22,381.9,50,16950
20240115,10:00:23,383.7,550,16950
20240115,10:00:25,383.7,50,16950
20240115,10:00:29,381.25,100,16950
20240115,10:00:31,382.8,200,16950
20240115,10:00:40,377.25,50,16950
20240115,10:00:52,376.35,50,16950
20240115,10:01:05,382.35,50,16950
20240115,10:01:08,382.45,50,16950
20240115,10:01:11,379.65,200,16950
20240115,10:01:37,376.0,50,16950
20240115,10:02:16,367.0,50,16950
20240115,10:02:21,364.9,250,16950
20240115,10:02:22,364.7,50,16950
20240115,10:02:23,364.2,50,16950
20240115,10:02:44,356.85,50,23550
20240115,10:02:46,354.4,50,23550
20240115,10:02:58,356.15,50,23550
20240115,10:03:01,355.5,250,23550
20240115,10:03:01,356.4,200,23550
20240115,10:03:03,356.1,50,23550
20240115,10:03:26,363.7,50,23550
20240115,10:03:53,354.85,100,23550
20240115,10:05:02,346.1,550,23550
20240115,10:05:08,352.0,50,23550
20240115,10:05:59,348.2,550,23250
20240115,10:06:00,349.45,50,23250
20240115,10:06:03,345.0,50,23250
20240115,10:06:30,342.65,50,23250
20240115,10:07:02,342.8,50,23250
20240115,10:07:35,348.0,500,23250
20240115,10:07:43,347.5,250,23250
20240115,10:07:59,344.35,50,23250
20240115,10:08:21,345.0,50,23250
20240115,10:08:38,347.4,500,23300
20240115,10:08:40,348.05,300,23300
20240115,10:09:11,345.0,300,23300
20240115,10:10:20,344.7,50,23300
20240115,10:10:26,346.4,450,23300
20240115,10:11:54,344.25,50,23200
20240115,10:12:20,337.05,50,23200
20240115,10:12:27,339.05,50,23200
20240115,10:12:41,335.0,50,23200
20240115,10:12:44,333.75,150,23200
20240115,10:12:45,335.95,600,23200
20240115,10:14:16,349.9,100,23200
20240115,10:14:57,349.5,100,23200
20240115,10:14:58,348.5,50,23200
20240115,10:15:06,341.95,400,23200
20240115,10:15:08,342.45,100,23200
20240115,10:15:09,343.65,50,23200
20240115,10:16:01,351.65,50,23200
20240115,10:16:46,346.65,50,23200
20240115,10:17:07,352.0,50,23200
20240115,10:17:33,357.05,50,23200
20240115,10:17:38,357.25,100,23050
20240115,10:17:42,355.95,50,23050
20240115,10:18:15,349.5,150,23050
20240115,10:19:47,342.1,50,23050
20240115,10:20:23,343.5,100,23050
20240115,10:20:31,337.45,100,23050
20240115,10:20:34,338.85,50,23050
20240115,10:23:10,344.05,250,23350
20240115,10:23:50,347.15,50,23550
20240115,10:24:17,350.15,100,23550
20240115,10:24:29,350.75,50,23550
20240115,10:24:47,347.1,100,23550
20240115,10:24:53,346.7,50,23550
20240115,10:25:53,352.15,50,23550
20240115,10:26:38,347.85,50,23450
20240115,10:27:06,347.0,100,23450
20240115,10:27:20,344.75,50,23450
20240115,10:28:06,342.0,100,23450
20240115,10:28:09,343.0,50,23450
20240115,10:28:18,341.0,100,23450
20240115,10:28:28,340.55,50,23450
20240115,10:28:41,341.5,50,23450
20240115,10:29:22,333.75,150,23450
20240115,10:29:24,335.75,450,23450
20240115,10:29:44,336.9,50,24000
20240115,10:31:23,339.3,1150,24000
20240115,10:32:04,335.0,50,24000
20240115,10:32:12,331.1,50,24000
20240115,10:32:43,331.7,100,24000
20240115,10:32:43,331.2,50,24000
20240115,10:33:30,331.15,50,24000
20240115,10:34:29,337.1,100,24000
20240115,10:34:45,340.75,1100,24000
20240115,10:35:09,340.25,400,24000
20240115,10:35:53,336.85,50,23950
20240115,10:38:05,336.9,100,23950
20240115,10:38:15,336.9,50,23950
20240115,10:39:12,340.2,50,24050
20240115,10:40:46,337.35,150,24050
20240115,10:40:47,337.8,400,24050
20240115,10:41:55,344.8,50,23650
20240115,10:42:07,343.85,50,23650
20240115,10:42:23,342.4,50,23650
20240115,10:43:12,339.95,50,23650
20240115,10:44:35,335.95,100,23650
20240115,10:45:06,333.0,50,23650
20240115,10:45:43,340.0,50,23650
20240115,10:46:30,340.75,50,23650
20240115,10:47:49,343.4,100,23600
20240115,10:47:54,341.4,950,23600
20240115,10:48:13,340.0,50,23600
20240115,10:48:40,339.3,400,23600
20240115,10:49:06,334.7,50,23600
20240115,10:49:22,333.0,50,23600
20240115,10:50:15,333.75,150,23600
20240115,10:52:29,333.5,50,23700
20240115,10:52:40,332.65,50,23700
20240115,10:54:41,329.1,50,23650
20240115,10:54:42,328.0,50,23650
20240115,10:54:54,328.9,100,23650
20240115,10:57:34,335.0,50,23750
20240115,10:58:09,332.7,100,23750
20240115,10:59:55,320.0,150,23650
20240115,11:00:03,317.75,50,23650
20240115,11:00:04,318.6,100,23650
20240115,11:00:05,318.9,250,23650
20240115,11:00:28,319.65,50,23650
20240115,11:00:29,320.1,50,23650
20240115,11:00:38,319.05,100,23650
20240115,11:01:07,319.05,50,23650
20240115,11:01:10,318.75,200,23650
20240115,11:01:12,319.05,50,23650
20240115,11:01:57,325.2,500,23650
20240115,11:02:10,324.3,250,23650
20240115,11:02:57,330.0,50,24300
20240115,11:02:58,330.85,50,24300
20240115,11:03:19,331.8,50,24300
20240115,11:04:04,333.8,100,24300
20240115,11:06:52,331.9,50,24300
20240115,11:07:32,328.0,150,24300
20240115,11:08:21,326.4,100,24300
20240115,11:11:02,326.0,50,24400
20240115,11:11:08,325.0,1500,24400
20240115,11:12:26,325.0,250,24400
20240115,11:13:36,326.2,50,25300
20240115,11:13:55,326.0,50,25300
20240115,11:15:04,321.15,50,25300
20240115,11:15:28,321.4,50,25400
20240115,11:17:31,318.6,150,25400
20240115,11:17:59,318.45,500,25400
20240115,11:18:09,313.65,900,25400
20240115,11:18:25,321.05,50,25400
20240115,11:20:23,319.35,600,25400
20240115,11:21:06,316.05,300,25900
20240115,11:22:34,312.45,600,25900
20240115,11:23:10,314.85,350,25900
20240115,11:23:24,313.8,250,25900
20240115,11:24:03,310.05,100,25650
20240115,11:24:53,309.6,250,25650
20240115,11:25:05,306.0,50,25650
20240115,11:25:06,306.0,50,25650
20240115,11:26:00,310.95,100,25650
20240115,11:26:16,311.05,50,25650
20240115,11:28:28,313.3,100,26150
20240115,11:29:01,312.0,500,26150
20240115,11:29:08,312.5,50,26150
20240115,11:29:42,310.0,50,26150
20240115,11:30:13,312.85,50,26550
20240115,11:30:41,314.1,150,26550
20240115,11:30:50,315.45,100,26550
20240115,11:32:16,318.3,50,26550
20240115,11:32:24,317.7,100,26550
20240115,11:32:25,320.0,500,26550
20240115,11:32:29,322.0,50,26550
20240115,11:32:43,318.3,100,26550
20240115,11:33:15,319.25,150,26450
20240115,11:33:17,319.05,350,26450
20240115,11:33:22,319.25,500,26450
20240115,11:33:37,321.25,100,26450
20240115,11:33:41,322.0,100,26450
20240115,11:33:46,321.2,50,26450
20240115,11:33:48,321.2,50,26450
20240115,11:34:00,323.0,1500,26450
20240115,11:34:02,324.9,500,26450
20240115,11:34:10,324.75,50,26450
20240115,11:35:05,322.35,50,26450
20240115,11:35:20,321.0,50,26450
20240115,11:35:24,321.0,100,26450
20240115,11:35:25,322.0,200,26450
20240115,11:35:39,324.75,50,26450
20240115,11:36:16,323.65,50,26850
20240115,11:37:05,324.0,100,26850
20240115,11:37:14,325.45,50,26850
20240115,11:37:34,327.5,50,26850
20240115,11:37:52,333.0,50,26850
20240115,11:37:56,334.1,50,26850
20240115,11:37:59,334.1,50,26850
20240115,11:38:02,333.45,100,26850
20240115,11:38:03,333.25,300,26850
20240115,11:38:04,333.3,100,26850
20240115,11:38:22,339.0,50,26850
20240115,11:38:28,337.5,500,26850
20240115,11:39:04,330.6,50,27300
20240115,11:39:07,331.5,50,27300
20240115,11:39:28,329.85,50,27300
20240115,11:39:38,330.0,100,27300
20240115,11:40:16,333.65,100,27300
20240115,11:40:29,330.0,200,27300
20240115,11:40:32,327.75,100,27300
20240115,11:40:47,328.05,500,27300
20240115,11:40:49,327.6,50,27300
20240115,11:41:19,327.6,50,27300
20240115,11:42:37,322.65,100,27050
20240115,11:42:52,320.05,100,27050
20240115,11:43:01,318.65,100,27050
20240115,11:43:02,318.75,400,27050
20240115,11:43:28,317.65,50,27050
20240115,11:43:40,317.6,50,27050
20240115,11:43:56,317.65,50,27050
20240115,11:44:11,318.0,50,27050
20240115,11:44:41,315.0,50,27050
20240115,11:45:08,318.85,50,26900
20240115,11:45:16,316.6,100,26900
20240115,11:45:26,315.9,50,26900
20240115,11:47:38,315.9,50,26900
20240115,11:47:42,313.55,50,26900
20240115,11:49:33,311.75,100,26950
20240115,11:49:41,316.8,50,26950
20240115,11:50:23,315.75,100,26950
20240115,11:55:56,313.35,250,26950
20240115,11:56:54,314.95,50,27050
20240115,11:56:55,314.95,50,27050
20240115,11:56:56,314.95,50,27050
20240115,11:57:27,318.0,150,27050
20240115,11:57:36,319.1,50,27050
20240115,11:58:08,315.5,50,27050
20240115,11:58:09,316.05,50,27050
20240115,11:58:14,314.35,100,27050
20240115,11:58:59,313.9,50,27050
20240115,12:00:06,307.85,100,27350
20240115,12:00:49,305.0,100,27350
20240115,12:00:53,305.4,50,27350
20240115,12:00:56,306.0,50,27350
20240115,12:01:11,307.85,100,27350
20240115,12:01:30,310.2,1800,27350
20240115,12:01:32,310.35,1800,27350
20240115,12:02:04,312.0,300,27350
20240115,12:04:34,314.0,50,24550
20240115,12:06:54,310.5,50,24500
20240115,12:07:13,308.0,300,24500
20240115,12:07:58,307.5,50,24500
20240115,12:08:32,304.9,50,24500
20240115,12:08:56,304.15,1800,24600
20240115,12:08:57,304.05,1800,24600
20240115,12:09:40,300.0,50,24600
20240115,12:09:51,297.35,100,24600
20240115,12:10:02,299.3,50,24600
20240115,12:10:07,298.5,50,24600
20240115,12:10:29,300.9,50,24600
20240115,12:10:35,303.0,50,24600
20240115,12:11:14,302.85,100,24600
20240115,12:11:58,302.8,150,23600
20240115,12:12:41,301.55,50,23600
20240115,12:13:05,305.0,200,23600
20240115,12:13:26,304.55,250,23600
20240115,12:14:21,305.85,1800,23600
20240115,12:14:25,303.9,1800,23600
20240115,12:14:27,304.7,1400,23600
20240115,12:15:09,309.7,1500,28750
20240115,12:15:43,308.15,100,28750
20240115,12:16:20,300.2,150,28750
20240115,12:16:21,301.2,250,28750
20240115,12:16:46,298.8,50,28750
20240115,12:16:59,298.5,1700,28750
20240115,12:17:08,294.3,50,28750
20240115,12:17:17,296.7,50,28750
20240115,12:17:20,295.25,150,28750
20240115,12:17:22,295.6,100,28750
20240115,12:17:23,295.6,50,28750
20240115,12:17:25,296.15,50,28750
20240115,12:17:34,295.6,50,28750
20240115,12:17:37,294.9,50,28750
20240115,12:17:49,297.95,200,28750
20240115,12:17:56,296.8,50,32200
20240115,12:18:33,300.45,1000,32200
20240115,12:18:57,300.55,500,32200
20240115,12:19:00,299.75,50,32200
20240115,12:19:33,297.95,150,32200
20240115,12:19:52,300.3,100,32200
20240115,12:20:04,301.15,650,32200
20240115,12:20:06,301.1,50,32200
20240115,12:20:35,303.35,50,32200
20240115,12:21:59,303.1,50,33750
20240115,12:22:07,302.3,200,33750
20240115,12:22:11,304.05,100,33750
20240115,12:22:16,303.9,100,33750
20240115,12:22:22,302.6,100,33750
20240115,12:22:27,302.55,550,33750
20240115,12:22:32,302.5,150,33750
20240115,12:22:37,303.15,500,33750
20240115,12:23:09,299.5,100,33750
20240115,12:23:57,296.6,50,35300
20240115,12:24:06,293.4,100,35300
20240115,12:24:07,293.7,50,35300
20240115,12:24:09,294.45,50,35300
20240115,12:24:20,293.85,400,35300
20240115,12:24:23,293.35,450,35300
20240115,12:24:27,294.2,100,35300
20240115,12:24:35,293.7,100,35300
20240115,12:25:23,297.55,50,35300
20240115,12:25:25,297.15,50,35300
20240115,12:25:40,297.25,50,35300
20240115,12:26:04,299.5,50,35300
20240115,12:26:36,299.2,50,35300
20240115,12:26:52,296.6,50,35300
20240115,12:27:26,300.05,50,36200
20240115,12:27:51,300.05,50,36200
20240115,12:27:57,300.95,50,36200
20240115,12:28:10,303.0,650,36200
20240115,12:28:19,304.7,150,36200
20240115,12:29:01,304.15,50,36200
20240115,12:29:59,298.3,150,35800
20240115,12:31:18,303.35,100,35800
20240115,12:31:47,302.95,50,35800
20240115,12:32:26,302.7,50,35800
20240115,12:33:16,303.05,200,35900
20240115,12:33:20,304.15,300,35900
20240115,12:33:48,304.45,50,35900
20240115,12:34:48,303.05,50,35900
20240115,12:35:18,303.85,150,35900
20240115,12:35:23,302.85,50,35900
20240115,12:35:59,305.0,50,36150
20240115,12:36:45,308.0,50,36150
20240115,12:36:48,310.0,100,36150
20240115,12:36:52,310.8,150,36150
20240115,12:36:53,310.8,50,36150
20240115,12:36:54,310.4,350,36150
20240115,12:36:56,310.55,50,36150
20240115,12:37:01,312.75,250,36150
20240115,12:37:07,313.45,50,36150
20240115,12:37:18,314.0,50,36150
20240115,12:37:21,313.2,500,36150
20240115,12:37:24,315.0,50,36150
20240115,12:37:25,315.85,50,36150
20240115,12:37:49,312.45,50,36150
20240115,12:37:52,313.65,250,36150
20240115,12:39:31,298.8,50,37050
20240115,12:39:53,298.8,50,37050
20240115,12:40:00,298.65,50,37050
20240115,12:40:05,299.1,500,37050
20240115,12:40:26,301.4,50,37050
20240115,12:40:52,298.8,50,37050
20240115,12:41:31,297.15,300,37050
20240115,12:43:15,302.45,50,37000
20240115,12:43:24,303.45,100,37000
20240115,12:44:01,301.45,50,37000
20240115,12:46:00,301.45,50,37150
20240115,12:46:45,298.3,50,37150
20240115,12:47:42,300.7,100,37150
20240115,12:48:27,302.9,150,37250
20240115,12:50:04,300.9,100,37250
20240115,12:50:44,302.5,100,37250
20240115,12:50:45,302.5,50,37250
20240115,12:51:07,302.6,150,37400
20240115,12:51:23,303.0,50,37400
20240115,12:51:29,303.0,100,37400
20240115,12:51:33,302.0,50,37400
20240115,12:52:38,299.6,250,37400
20240115,12:53:12,301.8,50,37400
20240115,12:53:28,303.65,50,37400
20240115,12:54:41,303.0,50,37700
20240115,12:55:10,300.95,50,37700
20240115,12:55:44,301.3,50,37700
20240115,12:55:54,298.85,150,37700
20240115,12:57:38,298.75,50,37750
20240115,12:57:39,297.35,150,37750
20240115,12:57:47,298.9,50,37750
20240115,12:58:02,298.9,300,37750
20240115,12:59:09,298.2,100,37750
20240115,13:01:37,299.75,50,37750
20240115,13:01:53,298.9,100,38150
20240115,13:02:55,295.6,300,38150
20240115,13:03:02,296.35,50,38300
20240115,13:03:04,295.8,50,38300
20240115,13:03:08,297.05,50,38300
20240115,13:03:16,295.35,50,38300
20240115,13:03:18,294.0,300,38300
20240115,13:03:20,295.0,50,38300
20240115,13:03:24,293.85,50,38300
20240115,13:03:27,294.65,50,38300
20240115,13:03:29,294.3,50,38300
20240115,13:03:33,291.7,50,38300
20240115,13:03:37,291.7,100,38300
20240115,13:03:38,292.9,100,38300
20240115,13:04:04,293.3,50,38300
20240115,13:04:13,294.6,50,38300
20240115,13:04:32,297.2,50,38300
20240115,13:05:05,298.8,300,38300
20240115,13:05:07,299.05,100,38300
20240115,13:05:17,299.3,100,38300
20240115,13:05:20,300.0,50,38300
20240115,13:05:30,301.0,300,38300
20240115,13:05:53,301.05,150,38300
20240115,13:05:56,302.0,50,38300
20240115,13:06:24,303.25,100,39500
20240115,13:07:12,303.0,800,39500
20240115,13:07:54,303.0,50,39500
20240115,13:08:23,309.45,150,39500
20240115,13:08:24,308.55,100,39500
20240115,13:08:44,306.7,50,39500
20240115,13:08:46,306.0,100,39500
20240115,13:09:37,300.0,50,40150
20240115,13:09:46,298.1,50,40150
20240115,13:09:54,299.9,1000,40150
20240115,13:10:38,302.25,50,40150
20240115,13:11:05,300.3,100,40150
20240115,13:11:41,299.5,50,40150
20240115,13:11:49,298.9,50,40150
20240115,13:12:02,298.4,50,41300
20240115,13:12:09,297.6,50,41300
20240115,13:12:12,295.0,300,41300
20240115,13:12:26,295.8,50,41300
20240115,13:12:33,294.8,50,41300
20240115,13:12:38,295.9,200,41300
20240115,13:13:07,296.75,450,41300
20240115,13:14:02,295.8,50,41300
20240115,13:14:40,294.25,50,41300
20240115,13:15:05,293.0,50,41750
20240115,13:15:09,293.65,50,41750
20240115,13:15:10,295.0,50,41750
20240115,13:17:21,295.2,100,41750
20240115,13:17:54,292.85,50,41750
20240115,13:18:00,292.5,50,41750
20240115,13:18:07,293.1,50,41900
20240115,13:18:16,292.25,50,41900
20240115,13:18:26,289.05,150,41900
20240115,13:18:33,285.1,150,41900
20240115,13:18:34,286.6,400,41900
20240115,13:18:36,288.6,1800,41900
20240115,13:18:37,288.35,50,41900
20240115,13:18:38,287.0,50,41900
20240115,13:18:43,285.9,50,41900
20240115,13:18:44,285.75,100,41900
20240115,13:18:46,285.9,50,41900
20240115,13:18:48,287.2,50,41900
20240115,13:18:49,286.9,50,41900
20240115,13:18:52,284.8,50,41900
20240115,13:18:54,284.8,1800,41900
20240115,13:18:56,284.95,50,41900
20240115,13:19:03,286.5,50,41900
20240115,13:19:04,287.7,400,41900
20240115,13:19:06,287.45,50,41900
20240115,13:19:15,287.75,100,41900
20240115,13:19:17,287.1,50,41900
20240115,13:19:20,287.35,50,41900
20240115,13:19:23,289.0,50,41900
20240115,13:19:33,289.3,50,41900
20240115,13:19:48,290.0,50,41900
20240115,13:19:53,291.9,50,41900
20240115,13:19:54,292.1,50,41900
20240115,13:20:00,291.95,50,41900
20240115,13:20:19,293.15,50,41900
20240115,13:20:20,293.5,50,41900
20240115,13:20:31,290.0,50,41900
20240115,13:20:45,292.7,50,41900
20240115,13:20:49,292.95,50,41900
20240115,13:20:50,293.3,50,41900
20240115,13:20:55,293.5,50,41900
20240115,13:21:16,292.7,100,42150
20240115,13:21:17,292.6,50,42150
20240115,13:21:21,293.3,50,42150
20240115,13:21:45,296.0,100,42150
20240115,13:21:48,297.0,50,42150
20240115,13:22:07,295.0,50,42150
20240115,13:22:08,295.0,450,42150
20240115,13:22:25,294.3,50,42150
20240115,13:22:26,294.45,50,42150
20240115,13:22:39,293.25,150,42150
20240115,13:23:03,294.45,50,42150
20240115,13:23:23,295.6,100,42150
20240115,13:24:10,296.7,50,43100
20240115,13:24:15,297.5,50,43100
20240115,13:24:21,296.6,100,43100
20240115,13:25:30,296.6,50,43100
20240115,13:26:13,299.55,100,43100
20240115,13:26:16,299.7,50,43100
20240115,13:26:42,298.65,100,43100
20240115,13:27:59,298.6,50,43550
20240115,13:28:04,299.75,150,43550
20240115,13:29:15,301.5,50,43550
20240115,13:29:17,301.4,50,43550
20240115,13:29:29,296.45,50,43550
20240115,13:29:30,296.45,50,43550
20240115,13:29:32,296.5,50,43550
20240115,13:29:39,294.2,100,43550
20240115,13:29:40,295.0,300,43550
20240115,13:29:54,294.45,350,43550
20240115,13:30:11,296.35,50,43300
20240115,13:30:29,299.3,500,43300
20240115,13:30:38,303.0,50,43300
20240115,13:30:52,301.35,150,43300
20240115,13:31:00,302.05,250,43300
20240115,13:31:03,302.05,50,43300
20240115,13:31:12,304.05,50,43300
20240115,13:31:21,302.0,150,43300
20240115,13:31:22,302.0,50,43300
20240115,13:31:23,302.0,200,43300
20240115,13:33:02,299.65,50,43300
20240115,13:33:34,303.95,50,43300
20240115,13:33:46,306.2,100,44500
20240115,13:33:51,306.15,400,44500
20240115,13:33:56,307.1,200,44500
20240115,13:34:02,304.0,50,44500
20240115,13:34:03,303.5,300,44500
20240115,13:34:16,305.0,50,44500
20240115,13:34:18,304.55,50,44500
20240115,13:34:19,304.0,50,44500
20240115,13:34:31,304.15,50,44500
20240115,13:34:33,304.9,50,44500
20240115,13:34:56,305.9,50,44500
20240115,13:35:02,304.9,100,44500
20240115,13:35:17,303.3,50,44500
20240115,13:35:19,302.9,150,44500
20240115,13:35:20,302.9,150,44500
20240115,13:35:24,302.85,900,44500
20240115,13:35:49,301.4,50,44500
20240115,13:35:53,300.0,50,44500
20240115,13:35:58,299.65,50,44500
20240115,13:36:56,298.3,250,46450
20240115,13:37:34,298.4,50,46450
20240115,13:39:38,298.0,200,46450
20240115,13:40:45,295.45,50,46450
20240115,13:40:59,294.9,50,46450
20240115,13:41:10,297.0,100,46450
20240115,13:41:20,297.1,150,46450
20240115,13:44:06,300.3,400,46650
20240115,13:44:28,299.1,250,46650
20240115,13:45:13,303.6,50,46900
20240115,13:45:42,305.1,50,46900
20240115,13:46:00,305.45,50,46900
20240115,13:46:04,305.45,50,46900
20240115,13:46:31,306.15,50,46900
20240115,13:46:37,309.0,50,46900
20240115,13:46:39,309.0,50,46900
20240115,13:46:54,309.3,100,46900
20240115,13:47:15,307.2,500,46900
20240115,13:47:38,310.0,50,46900
20240115,13:47:57,307.65,450,46900
20240115,13:48:24,313.4,500,47550
20240115,13:48:25,313.2,100,47550
20240115,13:48:35,312.4,200,47550
20240115,13:48:40,312.35,50,47550
20240115,13:48:57,311.25,900,47550
20240115,13:49:18,321.95,50,47550
20240115,13:49:19,321.2,250,47550
20240115,13:49:20,321.95,100,47550
20240115,13:49:27,320.95,100,47550
20240115,13:49:28,320.6,50,47550
20240115,13:49:43,324.95,50,47550
20240115,13:49:50,324.05,50,47550
20240115,13:49:51,324.95,200,47550
20240115,13:50:07,324.7,50,47550
20240115,13:51:18,302.45,50,48750
20240115,13:51:20,302.15,50,48750
20240115,13:51:28,297.8,50,48750
20240115,13:51:37,301.4,50,48750
20240115,13:51:40,302.3,50,48750
20240115,13:51:41,302.85,50,48750
20240115,13:51:42,304.0,250,48750
20240115,13:51:43,304.2,50,48750
20240115,13:51:58,302.9,100,48750
20240115,13:52:36,304.2,100,48750
20240115,13:52:42,304.95,50,48750
20240115,13:53:23,303.1,100,48750
20240115,13:53:29,303.2,50,48750
20240115,13:53:54,303.95,50,48750
20240115,13:53:59,300.0,300,48750
20240115,13:54:08,301.2,250,48950
20240115,13:54:30,302.75,400,48950
20240115,13:54:56,298.45,50,48950
20240115,13:55:12,300.25,50,48950
20240115,13:55:23,298.0,150,48950
20240115,13:55:25,297.0,50,48950
20240115,13:55:28,297.95,200,48950
20240115,13:55:29,298.65,50,48950
20240115,13:55:35,297.35,50,48950
20240115,13:55:42,299.7,50,48950
20240115,13:56:27,302.0,2050,48950
20240115,13:56:29,300.65,50,48950
20240115,13:56:39,299.75,50,48950
20240115,13:56:40,299.25,50,48950
20240115,13:56:48,297.15,150,48950
20240115,13:57:08,299.4,100,51150
20240115,13:57:15,299.6,50,51150
20240115,13:57:22,299.25,50,51150
20240115,13:57:52,295.0,500,51150
20240115,13:57:56,295.25,150,51150
20240115,13:57:56,294.35,500,51150
20240115,13:58:01,297.3,100,51150
20240115,13:58:15,297.85,50,51150
20240115,13:59:17,293.4,50,51150
20240115,13:59:27,295.0,500,51150
20240115,13:59:35,292.55,50,51150
20240115,13:59:40,288.6,50,51150
20240115,13:59:41,288.7,50,51150
20240115,13:59:46,289.6,100,51150
20240115,13:59:53,288.55,100,51150
20240115,13:59:57,289.65,50,51150
20240115,14:00:02,285.0,100,51150
20240115,14:00:03,284.65,50,51150
20240115,14:00:05,284.65,50,51150
20240115,14:00:06,285.45,50,51150
20240115,14:00:11,286.0,100,51750
20240115,14:00:13,285.45,50,51750
20240115,14:00:17,289.3,450,51750
20240115,14:00:18,288.95,50,51750
20240115,14:00:25,286.6,50,51750
20240115,14:00:26,286.2,50,51750
20240115,14:00:39,290.5,50,51750
20240115,14:00:48,294.6,50,51750
20240115,14:01:07,292.35,50,51750
20240115,14:01:19,294.0,50,51750
20240115,14:01:20,293.15,50,51750
20240115,14:01:26,293.15,50,51750
20240115,14:01:51,293.75,100,51750
20240115,14:02:02,294.85,600,51750
20240115,14:02:10,297.0,200,51750
20240115,14:02:17,296.35,250,51750
20240115,14:02:20,295.9,500,51750
20240115,14:02:24,294.4,100,51750
20240115,14:02:32,293.1,100,51750
20240115,14:02:32,292.7,50,51750
20240115,14:02:34,293.35,50,51750
20240115,14:02:58,291.6,50,51750
20240115,14:03:08,293.0,50,53250
20240115,14:03:16,292.6,50,53250
20240115,14:03:20,293.7,100,53250
20240115,14:03:23,293.25,50,53250
20240115,14:03:45,289.4,550,53250
20240115,14:03:57,287.1,50,53250
20240115,14:03:58,287.5,50,53250
20240115,14:04:01,287.3,50,53250
20240115,14:04:08,285.9,50,53250
20240115,14:04:10,286.75,50,53250
20240115,14:04:16,284.7,250,53250
20240115,14:04:17,283.2,300,53250
20240115,14:04:19,283.2,50,53250
20240115,14:04:23,281.75,50,53250
20240115,14:04:26,281.75,50,53250
20240115,14:04:27,283.65,50,53250
20240115,14:04:33,283.8,100,53250
20240115,14:04:39,285.0,150,53250
20240115,14:04:46,282.9,50,53250
20240115,14:04:55,277.05,100,53250
20240115,14:04:56,276.1,50,53250
20240115,14:04:57,275.6,100,53250
20240115,14:05:00,275.6,100,53250
20240115,14:05:03,277.6,50,53250
20240115,14:05:05,278.7,50,53250
20240115,14:05:06,278.7,50,53250
20240115,14:05:15,278.45,50,53250
20240115,14:05:17,279.0,50,53250
20240115,14:05:21,277.25,50,53250
20240115,14:05:26,279.85,100,53250
20240115,14:05:27,278.4,50,53250
20240115,14:05:32,276.45,50,53250
20240115,14:05:36,278.7,50,53250
20240115,14:05:39,278.5,50,53250
20240115,14:05:40,277.9,50,53250
20240115,14:05:41,277.9,50,53250
20240115,14:05:46,276.6,50,53250
20240115,14:05:51,274.1,50,53250
20240115,14:05:53,273.55,50,53250
20240115,14:05:58,272.95,50,53250
20240115,14:06:00,272.4,150,53250
20240115,14:06:02,272.4,100,53250
20240115,14:06:04,276.8,100,53250
20240115,14:06:05,276.55,50,53250
20240115,14:06:14,278.3,50,55100
20240115,14:06:17,277.3,50,55100
20240115,14:06:18,278.0,50,55100
20240115,14:06:20,277.6,50,55100
20240115,14:06:21,277.8,50,55100
20240115,14:06:22,278.0,50,55100
20240115,14:06:24,278.6,50,55100
20240115,14:06:26,280.0,300,55100
20240115,14:06:27,280.7,100,55100
20240115,14:06:37,280.45,100,55100
20240115,14:06:39,278.85,50,55100
20240115,14:06:56,277.65,50,55100
20240115,14:06:59,279.15,50,55100
20240115,14:07:00,277.65,50,55100
20240115,14:07:14,279.8,50,55100
20240115,14:07:42,279.8,50,55100
20240115,14:08:01,278.85,50,55100
20240115,14:08:22,277.7,50,55100
20240115,14:08:29,277.0,150,55100
20240115,14:08:45,276.0,50,55100
20240115,14:09:12,274.1,50,55550
20240115,14:09:17,270.55,50,55550
20240115,14:09:18,270.55,50,55550
20240115,14:09:23,270.5,50,55550
20240115,14:09:34,269.45,100,55550
20240115,14:09:37,269.45,1800,55550
20240115,14:09:39,270.1,50,55550
20240115,14:09:46,269.05,50,55550
20240115,14:09:56,268.7,900,55550
20240115,14:09:58,268.7,50,55550
20240115,14:10:01,266.9,150,55550
20240115,14:10:02,266.9,50,55550
20240115,14:10:03,269.4,50,55550
20240115,14:10:04,271.85,1450,55550
20240115,14:10:05,270.65,500,55550
20240115,14:10:08,270.5,500,55550
20240115,14:10:12,270.5,50,55550
20240115,14:10:14,269.2,50,55550
20240115,14:10:15,269.7,100,55550
20240115,14:10:17,269.85,50,55550
20240115,14:10:19,270.15,100,55550
20240115,14:10:20,270.85,300,55550
20240115,14:10:24,270.6,200,55550
20240115,14:10:25,272.45,200,55550
20240115,14:10:26,273.2,50,55550
20240115,14:10:28,273.3,100,55550
20240115,14:10:29,272.85,100,55550
20240115,14:10:30,273.0,50,55550
20240115,14:10:31,272.5,100,55550
20240115,14:10:31,272.7,50,55550
20240115,14:10:32,272.2,50,55550
20240115,14:10:38,273.85,150,55550
20240115,14:10:39,273.45,400,55550
20240115,14:10:40,271.3,50,55550
20240115,14:10:41,271.3,50,55550
20240115,14:10:42,271.35,100,55550
20240115,14:10:45,271.5,50,55550
20240115,14:10:46,271.6,100,55550
20240115,14:10:46,271.3,50,55550
20240115,14:10:48,271.5,50,55550
20240115,14:10:52,271.55,1850,55550
20240115,14:10:53,271.4,100,55550
20240115,14:10:53,271.85,100,55550
20240115,14:10:59,272.0,50,55550
20240115,14:11:09,274.5,50,55550
20240115,14:11:10,275.55,600,55550
20240115,14:11:12,275.5,100,55550
20240115,14:11:12,274.7,100,55550
20240115,14:11:15,274.8,50,55550
20240115,14:11:18,274.4,50,55550
20240115,14:11:23,274.3,50,55550
20240115,14:11:24,274.3,50,55550
20240115,14:11:38,275.4,50,55550
20240115,14:11:44,274.85,50,55550
20240115,14:11:57,276.0,50,55550
20240115,14:12:01,278.05,200,55550
20240115,14:12:03,276.8,50,55550
20240115,14:12:19,277.6,100,59350
20240115,14:12:21,276.9,50,59350
20240115,14:12:30,279.6,100,59350
20240115,14:12:36,282.45,50,59350
20240115,14:12:37,281.7,50,59350
20240115,14:12:38,282.85,400,59350
20240115,14:12:42,282.35,100,59350
20240115,14:12:44,282.5,50,59350
20240115,14:12:49,281.7,150,59350
20240115,14:12:51,281.85,100,59350
20240115,14:12:52,282.75,50,59350
20240115,14:13:03,284.95,150,59350
20240115,14:13:06,285.4,50,59350
20240115,14:13:17,282.1,50,59350
20240115,14:13:18,282.3,50,59350
20240115,14:13:24,280.1,50,59350
20240115,14:13:29,280.1,50,59350
20240115,14:13:38,283.7,300,59350
20240115,14:13:43,281.8,50,59350
20240115,14:13:57,284.25,50,59350
20240115,14:14:14,281.85,450,59350
20240115,14:14:28,281.0,50,59350
20240115,14:14:40,281.65,50,59350
20240115,14:15:14,280.35,50,60400
20240115,14:15:21,280.6,50,60400
20240115,14:15:35,284.35,50,60400
20240115,14:15:40,285.85,50,60400
20240115,14:15:41,286.0,50,60400
20240115,14:15:44,287.7,50,60400
20240115,14:15:45,288.0,100,60400
20240115,14:15:46,289.2,50,60400
20240115,14:15:47,288.75,150,60400
20240115,14:15:56,288.7,150,60400
20240115,14:16:08,290.9,50,60400
20240115,14:16:16,291.9,50,60400
20240115,14:16:29,286.0,200,60400
20240115,14:16:52,283.3,200,60400
20240115,14:17:20,279.8,500,60400
20240115,14:17:43,279.75,100,60400
20240115,14:17:46,280.35,50,60400
20240115,14:17:51,279.65,50,60400
20240115,14:18:05,282.95,50,60400
20240115,14:18:13,282.15,50,60650
20240115,14:18:21,283.2,300,60650
20240115,14:18:25,283.15,50,60650
20240115,14:18:27,283.05,150,60650
20240115,14:19:01,279.95,150,60650
20240115,14:19:07,283.15,50,60650
20240115,14:19:11,281.3,50,60650
20240115,14:19:23,281.25,100,60650
20240115,14:20:19,281.9,50,60650
20240115,14:20:34,278.7,50,60650
20240115,14:20:54,279.95,250,60650
20240115,14:20:58,279.5,50,60650
20240115,14:21:22,277.0,50,61100
20240115,14:21:26,277.6,50,61100
20240115,14:21:27,277.2,100,61100
20240115,14:21:30,277.5,50,61100
20240115,14:21:33,278.1,50,61100
20240115,14:21:38,276.0,50,61100
20240115,14:21:54,278.1,50,61100
20240115,14:22:01,277.7,50,61100
20240115,14:22:05,277.2,50,61100
20240115,14:22:16,279.65,100,61100
20240115,14:23:29,280.9,50,61100
20240115,14:23:32,280.4,500,61100
20240115,14:23:44,280.45,50,61100
20240115,14:23:56,281.95,50,61100
20240115,14:23:57,281.9,500,61100
20240115,14:24:17,282.7,100,62600
20240115,14:24:18,282.1,500,62600
20240115,14:24:23,281.4,50,62600
20240115,14:25:04,279.8,50,62600
20240115,14:25:18,279.95,50,62600
20240115,14:25:21,279.8,100,62600
20240115,14:25:36,285.45,950,62600
20240115,14:25:37,284.35,50,62600
20240115,14:25:43,283.25,100,62600
20240115,14:25:44,283.9,50,62600
20240115,14:25:45,283.9,50,62600
20240115,14:25:46,282.3,50,62600
20240115,14:26:00,282.0,50,62600
20240115,14:26:40,283.4,50,62600
20240115,14:27:10,287.45,100,62600
20240115,14:27:48,293.95,50,63900
20240115,14:28:24,289.85,50,63900
20240115,14:28:25,289.1,400,63900
20240115,14:29:42,290.6,250,63900
20240115,14:30:03,289.7,250,63900
20240115,14:30:09,288.9,50,63900
20240115,14:30:10,289.45,100,63900
20240115,14:30:21,287.15,50,64100
20240115,14:30:27,289.7,300,64100
20240115,14:30:29,290.45,50,64100
20240115,14:30:59,290.4,350,64100
20240115,14:31:01,289.05,50,64100
20240115,14:31:03,289.35,50,64100
20240115,14:31:03,290.75,100,64100
20240115,14:31:14,291.8,50,64100
20240115,14:32:06,294.0,50,64100
20240115,14:32:08,295.0,250,64100
20240115,14:32:12,295.2,50,64100
20240115,14:32:32,299.0,50,64100
20240115,14:32:39,302.85,500,64100
20240115,14:32:40,303.3,100,64100
20240115,14:32:43,302.15,250,64100
20240115,14:32:44,302.55,100,64100
20240115,14:32:49,303.95,50,64100
20240115,14:32:54,303.6,200,64100
20240115,14:32:55,302.85,400,64100
20240115,14:33:13,298.5,150,64000
20240115,14:33:13,297.9,300,64000
20240115,14:33:26,297.6,50,64000
20240115,14:33:27,299.4,50,64000
20240115,14:33:44,298.8,50,64000
20240115,14:33:46,299.15,100,64000
20240115,14:33:49,297.55,100,64000
20240115,14:34:36,304.3,50,64000
20240115,14:34:50,307.0,100,64000
20240115,14:34:59,303.9,100,64000
20240115,14:35:00,302.65,550,64000
20240115,14:35:06,304.7,100,64000
20240115,14:35:07,304.35,400,64000
20240115,14:35:25,301.85,100,64000
20240115,14:35:26,302.85,100,64000
20240115,14:36:00,293.45,50,64000
20240115,14:36:01,293.2,150,64000
20240115,14:36:24,291.95,100,63450
20240115,14:36:27,290.65,100,63450
20240115,14:36:32,290.2,50,63450
20240115,14:36:52,285.65,350,63450
20240115,14:36:53,286.65,50,63450
20240115,14:36:55,287.7,50,63450
20240115,14:37:08,289.95,50,63450
20240115,14:37:12,288.9,50,63450
20240115,14:37:25,289.2,50,63450
20240115,14:37:26,288.45,200,63450
20240115,14:37:34,288.0,250,63450
20240115,14:37:38,286.15,400,63450
20240115,14:37:40,286.15,50,63450
20240115,14:37:45,286.5,50,63450
20240115,14:37:53,286.7,50,63450
20240115,14:38:00,285.2,50,63450
20240115,14:38:16,285.65,100,63450
20240115,14:38:17,285.9,450,63450
20240115,14:38:18,284.9,50,63450
20240115,14:38:22,285.25,300,63450
20240115,14:38:35,284.7,50,63450
20240115,14:38:40,284.35,50,63450
20240115,14:38:50,284.3,50,63450
20240115,14:38:57,284.55,100,63450
20240115,14:38:58,284.55,50,63450
20240115,14:39:06,287.55,50,63450
20240115,14:39:08,288.55,100,63450
20240115,14:39:09,286.8,50,63450
20240115,14:39:10,286.1,50,63450
20240115,14:39:13,285.5,50,63450
20240115,14:39:27,285.45,50,64550
20240115,14:39:39,284.0,150,64550
20240115,14:39:51,284.8,50,64550
20240115,14:40:02,285.1,50,64550
20240115,14:40:16,284.75,50,64550
20240115,14:40:19,285.65,50,64550
20240115,14:40:22,284.0,150,64550
20240115,14:40:26,281.0,100,64550
20240115,14:40:29,280.0,100,64550
20240115,14:40:33,280.7,50,64550
20240115,14:40:42,278.65,50,64550
20240115,14:40:47,278.4,200,64550
20240115,14:41:05,282.8,100,64550
20240115,14:41:11,284.3,50,64550
20240115,14:41:25,283.3,50,64550
20240115,14:41:45,288.0,100,64550
20240115,14:41:46,287.6,50,64550
20240115,14:41:57,288.1,50,64550
20240115,14:41:58,288.7,50,64550
20240115,14:42:08,288.2,150,64550
20240115,14:43:04,284.25,150,65600
20240115,14:43:47,285.1,50,65600
20240115,14:44:01,284.9,50,65600
20240115,14:44:11,286.6,100,65600
20240115,14:44:30,286.4,50,65600
20240115,14:44:39,285.2,50,65600
20240115,14:44:41,285.4,50,65600
20240115,14:44:45,285.3,200,65600
20240115,14:45:29,284.1,50,65850
20240115,14:45:31,283.25,50,65850
20240115,14:45:35,283.6,50,65850
20240115,14:45:39,283.9,50,65850
20240115,14:45:45,283.7,50,65850
20240115,14:45:49,283.0,50,65850
20240115,14:45:53,283.65,50,65850
20240115,14:46:09,280.7,50,65850
20240115,14:46:11,280.5,50,65850
20240115,14:46:14,280.65,200,65850
20240115,14:46:17,281.3,50,65850
20240115,14:46:28,279.35,200,65850
20240115,14:46:36,279.0,500,65850
20240115,14:46:42,277.7,200,65850
20240115,14:46:45,278.9,100,65850
20240115,14:46:49,278.7,1000,65850
20240115,14:46:58,277.0,300,65850
20240115,14:46:59,276.5,700,65850
20240115,14:47:01,275.8,50,65850
20240115,14:47:02,277.2,100,65850
20240115,14:47:05,277.5,500,65850
20240115,14:47:11,275.0,50,65850
20240115,14:47:13,274.45,50,65850
20240115,14:47:19,274.2,50,65850
20240115,14:47:28,274.8,500,65850
20240115,14:47:33,275.2,50,65850
20240115,14:47:42,274.35,50,65850
20240115,14:47:44,272.5,300,65850
20240115,14:47:48,273.1,50,65850
20240115,14:47:49,272.95,50,65850
20240115,14:47:51,272.7,50,65850
20240115,14:47:55,273.05,150,65850
20240115,14:47:56,273.2,50,65850
20240115,14:48:02,272.4,50,65850
20240115,14:48:05,271.8,100,65850
20240115,14:48:07,272.1,350,65850
20240115,14:48:08,271.9,50,65850
20240115,14:48:09,272.1,100,65850
20240115,14:48:17,270.6,550,71050
20240115,14:48:26,273.0,50,71050
20240115,14:48:29,272.3,550,71050
20240115,14:48:30,271.8,50,71050
20240115,14:48:40,272.4,50,71050
20240115,14:48:43,271.35,50,71050
20240115,14:48:44,271.7,550,71050
20240115,14:48:46,271.8,50,71050
20240115,14:48:50,269.6,50,71050
20240115,14:48:51,270.35,650,71050
20240115,14:48:52,269.0,50,71050
20240115,14:48:54,268.25,50,71050
20240115,14:48:54,268.7,50,71050
20240115,14:48:55,268.7,200,71050
20240115,14:48:57,267.9,150,71050
20240115,14:48:58,267.2,50,71050
20240115,14:48:59,267.65,50,71050
20240115,14:49:00,268.2,50,71050
20240115,14:49:03,267.6,50,71050
20240115,14:49:04,267.8,50,71050
20240115,14:49:05,268.3,250,71050
20240115,14:49:06,267.95,50,71050
20240115,14:49:07,267.1,50,71050
20240115,14:49:08,266.7,100,71050
20240115,14:49:09,267.2,50,71050
20240115,14:49:17,269.35,100,71050
20240115,14:49:25,270.5,150,71050
20240115,14:49:26,270.8,150,71050
20240115,14:49:27,271.0,50,71050
20240115,14:49:28,270.9,50,71050
20240115,14:49:35,269.9,50,71050
20240115,14:49:38,269.4,50,71050
20240115,14:49:42,269.0,50,71050
20240115,14:49:47,271.1,50,71050
20240115,14:49:49,271.1,150,71050
20240115,14:49:50,273.05,300,71050
20240115,14:49:52,273.7,200,71050
20240115,14:49:53,272.9,100,71050
20240115,14:49:54,272.9,50,71050
20240115,14:49:55,273.0,100,71050
20240115,14:49:59,273.05,50,71050
20240115,14:50:00,271.5,100,71050
20240115,14:50:05,273.85,50,71050
20240115,14:50:07,272.5,250,71050
20240115,14:50:08,272.5,50,71050
20240115,14:50:10,272.8,50,71050
20240115,14:50:12,273.9,50,71050
20240115,14:50:14,276.8,50,71050
20240115,14:50:15,275.7,100,71050
20240115,14:50:17,275.0,100,71050
20240115,14:50:18,274.9,550,71050
20240115,14:50:21,275.4,50,71050
20240115,14:50:22,275.6,50,71050
20240115,14:50:23,275.6,50,71050
20240115,14:50:24,276.1,50,71050
20240115,14:50:26,275.4,150,71050
20240115,14:50:27,275.5,50,71050
20240115,14:50:28,275.8,150,71050
20240115,14:50:29,275.6,100,71050
20240115,14:50:30,275.6,100,71050
20240115,14:50:33,275.1,50,71050
20240115,14:50:36,275.8,100,71050
20240115,14:50:37,275.95,50,71050
20240115,14:50:38,277.6,50,71050
20240115,14:50:41,278.1,50,71050
20240115,14:50:42,277.8,50,71050
20240115,14:50:43,277.1,50,71050
20240115,14:50:47,276.3,50,71050
20240115,14:50:49,275.1,500,71050
20240115,14:50:51,274.4,200,71050
20240115,14:50:52,274.2,50,71050
20240115,14:50:53,273.6,50,71050
20240115,14:50:54,273.2,100,71050
20240115,14:50:56,274.8,100,71050
20240115,14:50:59,274.0,50,71050
20240115,14:51:00,275.15,100,71050
20240115,14:51:07,276.2,150,71050
20240115,14:51:11,274.7,50,71050
20240115,14:51:16,274.4,50,78150
20240115,14:51:23,271.25,150,78150
20240115,14:51:27,272.05,50,78150
20240115,14:51:28,272.4,50,78150
20240115,14:51:41,273.2,100,78150
20240115,14:51:43,275.1,550,78150
20240115,14:51:49,273.4,50,78150
20240115,14:51:53,273.6,150,78150
20240115,14:51:58,273.45,200,78150
20240115,14:52:04,272.8,50,78150
20240115,14:52:09,271.3,50,78150
20240115,14:52:11,271.8,50,78150
20240115,14:52:11,270.0,50,78150
20240115,14:52:13,271.2,350,78150
20240115,14:52:20,270.3,150,78150
20240115,14:52:27,271.4,50,78150
20240115,14:52:28,270.8,50,78150
20240115,14:52:35,269.6,50,78150
20240115,14:52:39,269.1,50,78150
20240115,14:52:44,270.0,50,78150
20240115,14:52:51,270.3,50,78150
20240115,14:52:53,269.9,50,78150
20240115,14:52:56,270.25,50,78150
20240115,14:53:04,270.3,50,78150
20240115,14:53:06,270.6,50,78150
20240115,14:53:09,270.5,50,78150
20240115,14:53:14,270.6,100,78150
20240115,14:53:17,273.3,50,78150
20240115,14:53:18,273.5,50,78150
20240115,14:53:34,271.1,150,78150
20240115,14:53:35,270.5,50,78150
20240115,14:53:35,270.0,50,78150
20240115,14:53:46,270.8,500,78150
20240115,14:53:54,271.1,50,78150
20240115,14:54:01,270.0,200,78150
20240115,14:54:03,269.6,50,78150
20240115,14:54:25,271.0,50,80300
20240115,14:54:33,269.8,50,80300
20240115,14:54:33,269.0,50,80300
20240115,14:54:35,268.35,50,80300
20240115,14:54:36,268.9,50,80300
20240115,14:54:37,268.15,150,80300
20240115,14:54:39,267.8,200,80300
20240115,14:54:40,268.15,400,80300
20240115,14:54:43,266.7,150,80300
20240115,14:54:44,267.0,200,80300
20240115,14:54:46,265.0,250,80300
20240115,14:54:52,264.9,50,80300
20240115,14:55:01,264.0,150,80300
20240115,14:55:02,264.2,50,80300
20240115,14:55:04,265.0,200,80300
20240115,14:55:07,266.45,300,80300
20240115,14:55:09,267.1,50,80300
20240115,14:55:10,267.3,50,80300
20240115,14:55:11,266.6,100,80300
20240115,14:55:13,267.0,50,80300
20240115,14:55:14,267.3,50,80300
20240115,14:55:21,266.3,100,80300
20240115,14:55:24,267.0,50,80300
20240115,14:55:25,266.9,100,80300
20240115,14:55:26,267.4,150,80300
20240115,14:55:30,268.3,50,80300
20240115,14:55:32,268.2,50,80300
20240115,14:55:33,268.05,50,80300
20240115,14:55:36,268.9,200,80300
20240115,14:55:37,270.0,50,80300
20240115,14:55:39,270.4,50,80300
20240115,14:55:45,268.9,50,80300
20240115,14:55:47,269.2,50,80300
20240115,14:55:57,271.1,350,80300
20240115,14:55:58,271.8,200,80300
20240115,14:56:01,272.0,150,80300
20240115,14:56:01,272.1,200,80300
20240115,14:56:03,272.6,100,80300
20240115,14:56:08,270.1,50,80300
20240115,14:56:09,269.6,550,80300
20240115,14:56:10,270.6,100,80300
20240115,14:56:13,270.1,50,80300
20240115,14:56:14,270.15,250,80300
20240115,14:56:18,271.35,100,80300
20240115,14:56:19,271.6,50,80300
20240115,14:56:21,271.2,50,80300
20240115,14:56:27,270.3,50,80300
20240115,14:56:29,270.0,1000,80300
20240115,14:56:30,268.9,50,80300
20240115,14:56:31,269.3,50,80300
20240115,14:56:35,268.1,50,80300
20240115,14:56:37,268.1,50,80300
20240115,14:56:48,267.9,50,80300
20240115,14:56:54,267.8,50,80300
20240115,14:56:56,267.9,50,80300
20240115,14:56:57,268.05,1500,80300
20240115,14:56:59,267.5,100,80300
20240115,14:57:01,265.55,150,80300
20240115,14:57:02,265.8,200,80300
20240115,14:57:04,264.4,50,80300
20240115,14:57:06,264.5,50,80300
20240115,14:57:06,264.1,100,80300
20240115,14:57:09,265.05,150,80300
20240115,14:57:12,261.25,750,80300
20240115,14:57:13,261.25,50,80300
20240115,14:57:14,261.6,50,80300
20240115,14:57:15,261.0,150,88500
20240115,14:57:17,261.0,50,88500
20240115,14:57:18,261.0,50,88500
20240115,14:57:23,259.65,550,88500
20240115,14:57:27,262.4,50,88500
20240115,14:57:28,259.3,200,88500
20240115,14:57:29,257.8,50,88500
20240115,14:57:30,257.8,750,88500
20240115,14:57:32,258.0,50,88500
20240115,14:57:33,257.4,300,88500
20240115,14:57:35,258.6,250,88500
20240115,14:57:36,259.65,300,88500
20240115,14:57:37,259.0,50,88500
20240115,14:57:38,259.05,150,88500
20240115,14:57:39,258.9,50,88500
20240115,14:57:40,259.35,200,88500
20240115,14:57:41,259.9,50,88500
20240115,14:57:42,259.8,150,88500
20240115,14:57:43,259.6,250,88500
20240115,14:57:46,257.1,100,88500
20240115,14:57:47,256.7,50,88500
20240115,14:57:48,256.35,150,88500
20240115,14:57:49,256.35,250,88500
20240115,14:57:50,256.5,50,88500
20240115,14:57:51,257.1,150,88500
20240115,14:57:53,257.2,100,88500
20240115,14:57:54,257.1,50,88500
20240115,14:57:55,257.95,600,88500
20240115,14:57:56,258.4,300,88500
20240115,14:57:57,258.3,50,88500
20240115,14:57:58,257.5,50,88500
20240115,14:58:01,257.5,150,88500
20240115,14:58:05,258.1,100,88500
20240115,14:58:06,259.4,200,88500
20240115,14:58:08,257.6,50,88500
20240115,14:58:09,258.15,200,88500
20240115,14:58:10,258.2,100,88500
20240115,14:58:12,257.85,400,88500
20240115,14:58:14,257.8,50,88500
20240115,14:58:15,257.55,50,88500
20240115,14:58:16,257.1,150,88500
20240115,14:58:17,257.1,50,88500
20240115,14:58:18,258.6,50,88500
20240115,14:58:20,258.8,150,88500
20240115,14:58:22,259.7,100,88500
20240115,14:58:24,260.1,50,88500
20240115,14:58:26,259.3,50,88500
20240115,14:58:27,259.3,50,88500
20240115,14:58:28,259.95,150,88500
20240115,14:58:31,261.1,50,88500
20240115,14:58:32,261.1,200,88500
20240115,14:58:33,261.9,550,88500
20240115,14:58:34,261.3,150,88500
20240115,14:58:35,263.1,200,88500
20240115,14:58:36,262.9,100,88500
20240115,14:58:37,263.2,50,88500
20240115,14:58:38,263.4,150,88500
20240115,14:58:40,263.25,50,88500
20240115,14:58:41,262.45,150,88500
20240115,14:58:42,263.15,350,88500
20240115,14:58:43,262.0,50,88500
20240115,14:58:44,261.6,150,88500
20240115,14:58:45,260.7,50,88500
20240115,14:58:48,261.8,50,88500
20240115,14:58:50,261.0,50,88500
20240115,14:58:51,260.2,50,88500
20240115,14:58:52,260.2,50,88500
20240115,14:58:53,259.9,50,88500
20240115,14:58:54,260.1,50,88500
20240115,14:58:56,259.9,100,88500
20240115,14:58:58,260.2,400,88500
20240115,14:59:00,260.2,50,88500
20240115,14:59:01,261.0,50,88500
20240115,14:59:05,260.0,100,88500
20240115,14:59:13,258.95,50,88500
20240115,14:59:19,259.1,50,88500
20240115,14:59:22,260.4,50,88500
20240115,14:59:26,261.2,50,88500
20240115,14:59:27,261.0,50,88500
20240115,14:59:28,261.4,50,88500
20240115,14:59:30,263.8,50,88500
20240115,14:59:31,263.7,50,88500
20240115,14:59:34,262.0,50,88500
20240115,14:59:37,262.0,100,88500
20240115,14:59:39,263.1,50,88500
20240115,14:59:42,262.2,100,88500
20240115,14:59:44,262.6,50,88500
20240115,14:59:48,262.0,50,88500
20240115,14:59:50,261.8,50,88500
20240115,14:59:52,260.4,50,88500
20240115,14:59:54,259.5,150,88500
20240115,14:59:55,260.4,50,88500
20240115,14:59:56,259.7,50,88500
20240115,15:00:00,259.5,50,88500
20240115,15:00:03,261.55,100,88500
20240115,15:00:06,258.95,150,88500
20240115,15:00:08,258.9,50,88500
20240115,15:00:09,258.1,50,88500
20240115,15:00:10,257.9,50,88500
20240115,15:00:12,258.1,50,88500
20240115,15:00:15,256.95,50,97950
20240115,15:00:16,257.95,50,97950
20240115,15:00:17,254.8,150,97950
20240115,15:00:18,254.8,50,97950
20240115,15:00:20,255.3,50,97950
20240115,15:00:22,252.0,100,97950
20240115,15:00:23,251.2,700,97950
20240115,15:00:24,254.45,300,97950
20240115,15:00:27,258.0,50,97950
20240115,15:00:31,257.4,50,97950
20240115,15:00:32,257.9,50,97950
20240115,15:00:33,257.3,50,97950
20240115,15:00:34,257.8,50,97950
20240115,15:00:37,261.3,100,97950
20240115,15:00:38,263.8,1100,97950
20240115,15:00:40,266.0,200,97950
20240115,15:00:41,265.95,200,97950
20240115,15:00:42,262.75,150,97950
20240115,15:00:44,261.9,50,97950
20240115,15:00:45,261.9,50,97950
20240115,15:00:46,264.0,50,97950
20240115,15:00:47,263.75,50,97950
20240115,15:00:48,262.6,200,97950
20240115,15:00:50,262.45,250,97950
20240115,15:00:51,261.9,50,97950
20240115,15:00:52,261.7,100,97950
20240115,15:00:54,261.7,50,97950
20240115,15:00:55,265.8,150,97950
20240115,15:00:56,265.3,50,97950
20240115,15:00:57,265.6,300,97950
20240115,15:01:00,267.4,450,97950
20240115,15:01:00,269.1,150,97950
20240115,15:01:02,268.9,100,97950
20240115,15:01:03,272.25,200,97950
20240115,15:01:05,271.7,300,97950
20240115,15:01:05,272.8,200,97950
20240115,15:01:06,274.0,50,97950
20240115,15:01:07,272.7,100,97950
20240115,15:01:09,271.7,150,97950
20240115,15:01:10,273.3,50,97950
20240115,15:01:12,273.6,1500,97950
20240115,15:01:12,272.3,100,97950
20240115,15:01:14,270.0,50,97950
20240115,15:01:15,270.05,100,97950
20240115,15:01:17,267.45,100,97950
20240115,15:01:18,266.9,50,97950
20240115,15:01:19,266.15,200,97950
20240115,15:01:22,265.1,100,97950
20240115,15:01:23,264.3,50,97950
20240115,15:01:24,266.35,50,97950
20240115,15:01:25,265.4,50,97950
20240115,15:01:26,266.25,50,97950
20240115,15:01:27,266.45,50,97950
20240115,15:01:32,270.35,100,97950
20240115,15:01:34,269.3,200,97950
20240115,15:01:35,270.4,50,97950
20240115,15:01:37,270.6,50,97950
20240115,15:01:38,268.8,100,97950
20240115,15:01:39,267.6,100,97950
20240115,15:01:44,272.6,700,97950
20240115,15:01:45,272.1,500,97950
20240115,15:01:47,270.1,50,97950
20240115,15:01:56,269.8,50,97950
20240115,15:01:57,270.2,100,97950
20240115,15:02:04,272.8,50,97950
20240115,15:02:05,274.45,100,97950
20240115,15:02:06,275.0,100,97950
20240115,15:02:09,273.3,50,97950
20240115,15:02:12,271.8,50,97950
20240115,15:02:14,272.55,50,97950
20240115,15:02:15,272.4,150,97950
20240115,15:02:19,269.8,50,97950
20240115,15:02:23,271.7,300,97950
20240115,15:02:31,269.4,50,97950
20240115,15:02:32,269.2,50,97950
20240115,15:02:35,271.0,300,97950
20240115,15:02:53,267.1,50,97950
20240115,15:03:01,269.25,300,97950
20240115,15:03:07,270.3,100,97950
20240115,15:03:24,270.6,150,102750
20240115,15:03:33,270.35,200,102750
20240115,15:03:34,269.6,50,102750
20240115,15:03:54,269.85,50,102750
20240115,15:03:57,271.0,50,102750
20240115,15:03:59,272.2,150,102750
20240115,15:04:17,271.0,50,102750
20240115,15:04:30,268.85,100,102750
20240115,15:04:39,269.1,50,102750
20240115,15:04:44,271.0,150,102750
20240115,15:04:45,270.6,50,102750
20240115,15:04:56,270.75,300,102750
20240115,15:05:01,271.9,600,102750
20240115,15:05:17,269.0,100,102750
20240115,15:05:20,270.4,100,102750
20240115,15:05:40,268.7,50,102750
20240115,15:05:42,268.7,150,102750
20240115,15:05:47,267.9,100,102750
20240115,15:05:58,266.3,100,102750
20240115,15:05:59,265.1,100,102750
20240115,15:06:01,265.35,100,102750
20240115,15:06:06,266.9,50,102750
20240115,15:06:07,267.1,50,102750
20240115,15:06:12,266.7,250,102750
20240115,15:06:13,265.75,50,102750
20240115,15:06:30,260.0,150,103650
20240115,15:06:33,261.2,50,103650
20240115,15:06:34,260.2,100,103650
20240115,15:06:35,261.3,250,103650
20240115,15:06:37,261.15,50,103650
20240115,15:06:40,261.65,50,103650
20240115,15:06:41,261.3,50,103650
20240115,15:06:43,260.7,500,103650
20240115,15:06:45,260.8,300,103650
20240115,15:06:55,263.55,50,103650
20240115,15:06:56,266.0,50,103650
20240115,15:06:57,268.85,50,103650
20240115,15:06:58,268.0,200,103650
20240115,15:07:00,267.0,150,103650
20240115,15:07:10,266.4,50,103650
20240115,15:07:13,267.2,50,103650
20240115,15:07:15,267.1,50,103650
20240115,15:07:19,266.95,250,103650
20240115,15:07:21,266.4,200,103650
20240115,15:07:23,266.55,100,103650
20240115,15:07:39,266.95,50,103650
20240115,15:07:51,267.8,100,103650
20240115,15:07:56,266.5,50,103650
20240115,15:08:00,265.5,100,103650
20240115,15:08:04,265.4,50,103650
20240115,15:08:19,265.5,100,103650
20240115,15:08:26,265.5,450,103650
20240115,15:08:29,267.6,100,103650
20240115,15:08:34,265.5,50,103650
20240115,15:08:42,265.1,50,103650
20240115,15:08:55,267.65,50,103650
20240115,15:09:11,267.2,50,103650
20240115,15:09:44,267.3,50,105750
20240115,15:09:56,270.0,400,105750
20240115,15:09:58,270.0,250,105750
20240115,15:10:00,269.75,100,105750
20240115,15:10:02,272.0,100,105750
20240115,15:10:14,272.25,100,105750
20240115,15:10:24,274.15,100,105750
20240115,15:10:25,274.3,50,105750
20240115,15:10:27,274.45,100,105750
20240115,15:10:32,275.0,250,105750
20240115,15:10:33,277.0,350,105750
20240115,15:10:36,276.25,50,105750
20240115,15:10:39,278.0,50,105750
20240115,15:10:50,278.15,100,105750
20240115,15:10:58,278.2,150,105750
20240115,15:10:59,277.75,50,105750
20240115,15:11:17,273.25,250,105750
20240115,15:11:23,272.5,200,105750
20240115,15:11:26,271.4,1750,105750
20240115,15:11:32,269.6,150,105750
20240115,15:11:44,267.95,50,105750
20240115,15:11:47,268.0,150,105750
20240115,15:12:06,268.0,450,105750
20240115,15:12:13,271.25,150,105750
20240115,15:12:16,271.6,750,105050
20240115,15:12:44,268.55,50,105050
20240115,15:13:09,268.0,1050,105050
20240115,15:13:10,267.55,350,105050
20240115,15:13:16,265.95,50,105050
20240115,15:13:19,266.65,100,105050
20240115,15:13:41,268.6,200,105050
20240115,15:13:57,268.8,100,105050
20240115,15:14:21,270.7,50,105050
20240115,15:14:26,270.75,1800,105050
20240115,15:15:02,268.5,200,105050
20240115,15:15:12,268.05,1800,105050
20240115,15:15:13,267.55,1600,105050
20240115,15:15:31,265.95,50,105300
20240115,15:15:46,263.5,150,105300
20240115,15:15:51,261.0,750,105300
20240115,15:15:59,259.15,150,105300
20240115,15:16:03,259.5,200,105300
20240115,15:16:04,261.8,100,105300
20240115,15:16:05,262.85,50,105300
20240115,15:16:17,261.65,50,105300
20240115,15:16:22,263.35,400,105300
20240115,15:16:24,262.05,50,105300
20240115,15:16:35,263.05,100,105300
20240115,15:16:41,263.25,50,105300
20240115,15:16:50,260.6,50,105300
20240115,15:16:54,259.0,50,105300
20240115,15:16:56,258.8,200,105300
20240115,15:17:01,258.1,50,105300
20240115,15:17:03,257.45,50,105300
20240115,15:17:04,256.95,250,105300
20240115,15:17:05,258.35,50,105300
20240115,15:17:09,257.95,50,105300
20240115,15:17:18,259.0,50,105300
20240115,15:17:33,259.0,250,105300
20240115,15:17:34,259.0,50,105300
20240115,15:17:59,256.0,50,105300
20240115,15:18:23,259.5,50,105500
20240115,15:18:24,259.65,50,105500
20240115,15:18:28,258.9,50,105500
20240115,15:18:40,258.15,100,105500
20240115,15:18:42,257.7,50,105500
20240115,15:18:42,257.85,50,105500
20240115,15:18:45,258.0,50,105500
20240115,15:18:50,257.95,550,105500
20240115,15:19:02,257.7,500,105500
20240115,15:19:14,255.6,50,105500
20240115,15:19:27,256.5,50,105500
20240115,15:19:37,257.65,50,105500
20240115,15:19:44,257.1,50,105500
20240115,15:19:49,257.55,50,105500
20240115,15:19:51,256.3,150,105500
20240115,15:19:54,255.75,50,105500
20240115,15:19:57,255.75,100,105500
20240115,15:20:01,256.05,50,105500
20240115,15:20:03,255.95,50,105500
20240115,15:20:04,255.8,650,105500
20240115,15:20:05,255.7,100,105500
20240115,15:20:06,255.4,50,105500
20240115,15:20:07,255.05,100,105500
20240115,15:20:08,256.35,50,105500
20240115,15:20:11,255.0,100,105500
20240115,15:20:13,254.9,150,105500
20240115,15:20:15,255.4,50,105500
20240115,15:20:16,255.7,250,105500
20240115,15:20:17,255.75,50,105500
20240115,15:20:19,255.7,50,105500
20240115,15:20:20,256.0,50,105500
20240115,15:20:22,254.7,50,105500
20240115,15:20:24,255.35,100,105500
20240115,15:20:29,255.65,50,105500
20240115,15:20:34,255.4,50,105500
20240115,15:20:37,256.35,400,105500
20240115,15:20:45,256.5,50,105500
20240115,15:20:46,255.8,50,105500
20240115,15:21:09,252.75,200,105500
20240115,15:21:14,251.75,450,105500
20240115,15:21:19,250.95,100,108150
20240115,15:21:20,250.0,150,108150
20240115,15:21:24,249.9,50,108150
20240115,15:21:35,249.75,50,108150
20240115,15:21:38,249.65,100,108150
20240115,15:21:39,249.45,150,108150
20240115,15:21:40,248.25,1200,108150
20240115,15:21:44,247.3,50,108150
20240115,15:21:48,247.3,50,108150
20240115,15:21:49,246.4,50,108150
20240115,15:21:50,246.4,50,108150
20240115,15:21:52,247.65,50,108150
20240115,15:21:54,246.2,50,108150
20240115,15:21:55,246.1,100,108150
20240115,15:22:01,247.5,300,108150
20240115,15:22:04,247.3,50,108150
20240115,15:22:07,249.3,150,108150
20240115,15:22:10,248.7,50,108150
20240115,15:22:11,249.4,200,108150
20240115,15:22:12,249.3,50,108150
20240115,15:22:15,249.5,150,108150
20240115,15:22:22,250.7,150,108150
20240115,15:22:29,253.4,150,108150
20240115,15:22:31,253.2,300,108150
20240115,15:22:33,252.95,200,108150
20240115,15:22:38,253.15,50,108150
20240115,15:22:42,251.8,50,108150
20240115,15:22:55,254.25,200,108150
20240115,15:23:05,253.5,50,108150
20240115,15:23:06,254.3,750,108150
20240115,15:23:19,253.85,50,108150
20240115,15:23:28,255.5,1250,108150
20240115,15:23:31,256.0,50,108150
20240115,15:23:35,255.5,50,108150
20240115,15:23:36,254.9,50,108150
20240115,15:23:44,253.45,50,108150
20240115,15:23:55,254.1,50,108150
20240115,15:24:04,253.8,50,108150
20240115,15:24:07,255.0,100,108150
20240115,15:24:12,254.2,50,108150
20240115,15:24:14,253.25,250,108150
20240115,15:24:15,251.7,50,108150
20240115,15:24:16,251.75,150,108150
20240115,15:24:18,252.5,50,110600
20240115,15:24:19,252.2,100,110600
20240115,15:24:22,253.4,200,110600
20240115,15:24:23,252.9,50,110600
20240115,15:24:32,254.5,150,110600
20240115,15:24:45,254.5,200,110600
20240115,15:24:51,254.6,250,110600
20240115,15:25:00,254.5,400,110600
20240115,15:25:01,255.95,50,110600
20240115,15:25:02,256.5,50,110600
20240115,15:25:10,255.7,1300,110600
20240115,15:25:17,255.6,300,110600
20240115,15:25:18,255.6,150,110600
20240115,15:25:19,255.6,350,110600
20240115,15:25:23,255.35,750,110600
20240115,15:25:25,255.55,50,110600
20240115,15:25:33,253.8,50,110600
20240115,15:25:35,253.2,50,110600
20240115,15:25:47,253.2,250,110600
20240115,15:25:48,252.65,50,110600
20240115,15:25:52,253.2,250,110600
20240115,15:26:06,252.1,50,110600
20240115,15:26:07,252.1,400,110600
20240115,15:26:09,252.15,50,110600
20240115,15:26:12,251.9,50,110600
20240115,15:26:13,251.4,50,110600
20240115,15:26:14,252.0,50,110600
20240115,15:26:20,252.05,50,110600
20240115,15:26:28,252.5,50,110600
20240115,15:26:32,253.0,100,110600
20240115,15:26:41,253.25,100,110600
20240115,15:26:44,254.1,100,110600
20240115,15:26:50,253.75,550,110600
20240115,15:26:51,253.25,50,110600
20240115,15:27:08,253.75,100,110600
20240115,15:27:09,253.75,100,110600
20240115,15:27:21,253.45,50,111250
20240115,15:27:28,252.95,200,111250
20240115,15:27:48,252.0,50,111250
20240115,15:27:53,251.55,100,111250
20240115,15:27:54,251.8,400,111250
20240115,15:28:00,251.65,50,111250
20240115,15:28:16,250.65,200,111250
20240115,15:28:22,251.65,1500,111250
20240115,15:28:33,250.05,100,111250
20240115,15:28:39,250.0,350,111250
20240115,15:28:41,250.0,50,111250
20240115,15:28:48,248.55,250,111250
20240115,15:28:52,249.0,50,111250
20240115,15:29:01,248.45,100,111250
20240115,15:29:03,249.1,100,111250
20240115,15:29:05,248.45,200,111250
20240115,15:29:07,248.8,50,111250
20240115,15:29:08,248.15,500,111250
20240115,15:29:08,248.15,200,111250
20240115,15:29:10,248.55,50,111250
20240115,15:29:11,248.7,800,111250
20240115,15:29:13,247.9,900,111250
20240115,15:29:16,248.55,50,111250
20240115,15:29:26,247.85,100,111250
20240115,15:29:40,247.85,50,111250
20240115,15:29:45,247.5,50,111250
20240115,15:29:50,247.8,50,111250
20240115,15:29:53,248.95,500,111250
20240115,15:29:57,248.85,100,111250
20240116,09:15:03,293.45,1,112400
20240116,09:15:03,293.4,800,112400
20240116,09:15:05,300.0,50,112400
20240116,09:15:07,302.5,50,112400
20240116,09:15:08,305.4,250,112400
20240116,09:15:13,305.4,1000,112400
20240116,09:15:14,305.4,1500,112400
20240116,09:15:15,306.15,450,112400
20240116,09:15:17,306.95,50,112400
20240116,09:15:20,308.9,500,112400
20240116,09:15:21,315.9,250,112400
20240116,09:15:23,315.9,200,112400
20240116,09:15:25,317.25,50,112400
20240116,09:15:28,318.45,200,112400
20240116,09:15:30,321.45,350,112400
20240116,09:15:35,321.45,50,112400
20240116,09:15:36,321.15,1850,112400
20240116,09:15:37,318.0,400,112400
20240116,09:15:39,315.75,250,112400
20240116,09:15:40,312.85,150,112400
20240116,09:15:42,309.75,200,112400
20240116,09:15:45,308.1,50,112400
20240116,09:15:46,307.65,50,112400
20240116,09:15:47,307.2,50,112400
20240116,09:15:50,304.5,200,112400
20240116,09:15:52,304.8,100,112400
20240116,09:15:54,305.4,450,112400
20240116,09:15:56,302.85,50,112400
20240116,09:15:58,302.9,50,112400
20240116,09:15:59,301.95,50,112400
20240116,09:16:00,303.0,50,112400
20240116,09:16:01,305.25,250,112400
20240116,09:16:03,303.9,100,112400
20240116,09:16:04,307.4,100,112400
20240116,09:16:05,305.3,100,112400
20240116,09:16:06,306.0,50,112400
20240116,09:16:07,306.0,100,112400
20240116,09:16:08,306.6,650,112400
20240116,09:16:09,307.5,650,112400
20240116,09:16:10,307.65,150,112400
20240116,09:16:12,307.7,200,112400
20240116,09:16:13,306.45,450,112400
20240116,09:16:14,307.95,50,112400
20240116,09:16:15,305.4,300,112400
20240116,09:16:15,306.15,50,112400
20240116,09:16:16,307.05,50,112400
20240116,09:16:17,305.55,50,112400
20240116,09:16:19,306.6,50,112400
20240116,09:16:21,307.55,100,112400
20240116,09:16:22,307.05,50,112400
20240116,09:16:23,308.7,100,112400
20240116,09:16:24,308.4,50,112400
20240116,09:16:25,307.95,500,112400
20240116,09:16:26,307.2,200,112400
20240116,09:16:30,305.85,400,112400
20240116,09:16:31,303.05,50,112400
20240116,09:16:32,303.05,50,112400
20240116,09:16:33,303.75,100,112400
20240116,09:16:35,304.4,50,112400
20240116,09:16:37,303.8,50,112400
20240116,09:16:41,305.95,50,112400
20240116,09:16:44,307.4,50,112400
20240116,09:16:45,306.9,100,112400
20240116,09:16:46,307.9,550,112400
20240116,09:16:48,308.25,50,112400
20240116,09:16:49,307.2,100,112400
20240116,09:16:50,306.3,50,112400
20240116,09:16:52,305.85,50,112400
20240116,09:16:59,304.75,50,112400
20240116,09:17:01,304.95,700,112400
20240116,09:17:03,303.2,450,112400
20240116,09:17:04,302.25,50,112400
20240116,09:17:05,302.25,50,112400
20240116,09:17:06,301.1,100,112400
20240116,09:17:07,301.6,50,112400
20240116,09:17:08,300.0,250,112400
20240116,09:17:09,301.45,50,112400
20240116,09:17:10,302.55,50,112400
20240116,09:17:10,302.05,50,112400
20240116,09:17:11,302.4,100,112400
20240116,09:17:13,300.95,50,112400
20240116,09:17:15,300.9,300,112400
20240116,09:17:16,299.4,50,112400
20240116,09:17:18,298.2,50,112400
20240116,09:17:21,299.9,500,112400
20240116,09:17:24,298.95,50,112400
20240116,09:17:27,295.75,100,112400
20240116,09:17:28,294.3,50,112400
20240116,09:17:34,294.1,300,114250
20240116,09:17:37,293.0,500,114250
20240116,09:17:39,293.2,250,114250
20240116,09:17:48,290.95,100,114250
20240116,09:17:50,290.35,50,114250
20240116,09:17:51,289.0,50,114250
20240116,09:17:52,288.5,50,114250
20240116,09:17:54,288.5,100,114250
20240116,09:17:58,288.3,500,114250
20240116,09:17:59,286.5,100,114250
20240116,09:18:01,288.5,50,114250
20240116,09:18:03,291.4,50,114250
20240116,09:18:06,289.4,50,114250
20240116,09:18:08,283.85,100,114250
20240116,09:18:09,283.85,50,114250
20240116,09:18:31,286.9,50,114250
20240116,09:19:12,290.1,50,114250
20240116,09:19:17,290.65,50,114250
20240116,09:19:24,292.55,100,114250
20240116,09:19:30,294.55,50,114250
20240116,09:19:34,295.8,50,114250
20240116,09:19:37,296.0,50,114250
20240116,09:19:43,294.8,950,114250
20240116,09:20:05,299.25,500,114250
20240116,09:20:07,300.6,100,114250
20240116,09:20:11,301.2,50,114250
20240116,09:20:13,304.0,50,114250
20240116,09:20:15,304.35,100,114250
20240116,09:20:17,305.8,100,114250
20240116,09:20:24,300.55,1250,114250
20240116,09:20:29,299.0,50,114250
20240116,09:20:30,301.95,50,114250
20240116,09:20:35,300.0,100,115050
20240116,09:20:36,300.5,100,115050
20240116,09:20:41,303.05,50,115050
20240116,09:20:58,299.5,150,115050
20240116,09:20:59,300.55,50,115050
20240116,09:21:00,299.95,200,115050
20240116,09:21:02,297.5,150,115050
20240116,09:21:20,302.4,50,115050
20240116,09:21:47,308.75,50,115050
20240116,09:21:51,309.6,1250,115050
20240116,09:21:56,310.4,50,115050
20240116,09:21:57,311.55,50,115050
20240116,09:21:59,313.65,100,115050
20240116,09:22:00,313.85,50,115050
20240116,09:22:01,313.05,1800,115050
20240116,09:22:06,315.0,50,115050
20240116,09:22:07,314.3,350,115050
20240116,09:22:09,315.45,1000,115050
20240116,09:22:11,316.0,100,115050
20240116,09:22:15,314.4,150,115050
20240116,09:22:24,316.2,100,115050
20240116,09:22:32,310.7,50,115050
20240116,09:22:40,313.5,50,115050
20240116,09:22:47,310.65,50,115050
20240116,09:23:27,311.25,1000,115050
20240116,09:23:35,310.4,50,116600
20240116,09:23:55,311.85,100,116600
20240116,09:24:00,313.0,1000,116600
20240116,09:24:03,311.3,50,116600
20240116,09:24:16,311.3,100,116600
20240116,09:24:20,307.8,50,116600
20240116,09:24:21,306.9,50,116600
20240116,09:24:29,307.15,50,116600
20240116,09:24:32,306.7,100,116600
20240116,09:24:54,304.8,100,116600
20240116,09:25:19,307.35,50,116600
20240116,09:25:21,309.0,50,116600
20240116,09:25:44,310.45,50,116600
20240116,09:25:55,312.0,50,116600
20240116,09:26:02,310.4,50,116600
20240116,09:26:06,310.4,50,116600
20240116,09:26:14,310.5,1000,116600
20240116,09:26:22,311.0,950,116600
20240116,09:26:24,312.15,750,116600
20240116,09:26:31,310.0,50,116600
20240116,09:26:57,305.9,100,116900
20240116,09:27:02,305.0,750,116900
20240116,09:27:03,305.1,100,116900
20240116,09:27:20,295.6,100,116900
20240116,09:27:21,295.8,50,116900
20240116,09:27:22,296.3,50,116900
20240116,09:27:57,295.2,1000,116900
20240116,09:28:01,294.6,50,116900
20240116,09:28:10,294.3,50,116900
20240116,09:28:19,301.2,150,116900
20240116,09:28:20,301.4,50,116900
20240116,09:28:45,298.1,50,116900
20240116,09:28:58,296.8,50,116900
20240116,09:29:01,298.9,50,116900
20240116,09:29:03,301.1,50,116900
20240116,09:29:22,300.45,100,116900
20240116,09:29:30,301.0,100,116900
20240116,09:29:37,303.6,100,117300
20240116,09:29:38,302.85,50,117300
20240116,09:29:40,304.2,50,117300
20240116,09:29:41,304.7,100,117300
20240116,09:29:49,304.1,50,117300
20240116,09:29:51,304.1,200,117300
20240116,09:30:01,305.6,50,117300
20240116,09:30:04,306.0,1000,117300
20240116,09:30:07,308.4,50,117300
20240116,09:30:14,304.95,750,117300
20240116,09:30:39,303.0,50,117300
20240116,09:30:44,301.05,800,117300
20240116,09:30:55,301.95,50,117300
20240116,09:30:56,305.0,800,117300
20240116,09:30:59,301.9,50,117300
20240116,09:31:13,300.8,50,117300
20240116,09:31:17,300.9,1000,117300
20240116,09:31:46,295.0,50,117300
20240116,09:31:53,295.7,50,117300
20240116,09:32:00,296.3,50,117300
20240116,09:32:14,296.2,50,117300
20240116,09:32:28,298.0,400,117300
20240116,09:32:29,297.85,50,117300
20240116,09:32:31,293.5,200,117300
20240116,09:32:42,290.0,500,117700
20240116,09:33:05,291.35,100,117700
20240116,09:33:07,292.05,50,117700
20240116,09:33:18,292.75,50,117700
20240116,09:33:24,294.8,50,117700
20240116,09:33:30,293.45,50,117700
20240116,09:33:35,295.4,50,117700
20240116,09:33:38,298.6,50,117700
20240116,09:33:40,298.8,50,117700
20240116,09:33:44,296.9,50,117700
20240116,09:33:45,297.9,50,117700
20240116,09:33:46,298.9,50,117700
20240116,09:33:50,300.3,50,117700
20240116,09:34:05,301.05,50,117700
20240116,09:34:11,303.4,300,117700
20240116,09:34:14,303.8,50,117700
20240116,09:34:17,302.0,200,117700
20240116,09:34:20,302.1,50,117700
20240116,09:34:46,302.25,50,117700
20240116,09:34:57,305.9,100,117700
20240116,09:34:58,307.35,100,117700
20240116,09:35:00,306.3,50,117700
20240116,09:35:01,305.1,150,117700
20240116,09:35:10,305.85,50,117700
20240116,09:35:14,304.2,300,117700
20240116,09:35:20,305.25,50,117700
20240116,09:35:26,306.7,50,117700
20240116,09:35:48,306.3,100,118350
20240116,09:35:52,306.0,550,118350
20240116,09:35:53,306.0,50,118350
20240116,09:35:58,304.7,700,118350
20240116,09:36:00,303.4,50,118350
20240116,09:36:01,302.4,50,118350
20240116,09:36:30,299.7,50,118350
20240116,09:36:34,300.0,100,118350
20240116,09:36:56,300.0,50,118350
20240116,09:36:59,301.55,650,118350
20240116,09:37:01,299.7,50,118350
20240116,09:37:09,300.0,200,118350
20240116,09:37:31,305.25,50,118350
20240116,09:38:31,306.75,200,118350
20240116,09:38:51,303.75,50,118150
20240116,09:39:03,303.0,500,118150
20240116,09:39:09,301.5,100,118150
20240116,09:39:28,297.3,50,118150
20240116,09:39:44,292.0,250,118150
20240116,09:39:54,293.9,50,118150
20240116,09:39:59,297.85,50,118150
20240116,09:40:05,294.2,50,118150
20240116,09:40:25,294.2,50,118150
20240116,09:40:26,292.35,50,118150
20240116,09:40:30,293.75,150,118150
20240116,09:40:42,295.95,50,118150
20240116,09:40:49,296.6,50,118150
20240116,09:40:55,300.4,50,118150
20240116,09:41:00,300.8,50,118150
20240116,09:41:02,302.1,50,118150
20240116,09:41:03,302.1,50,118150
20240116,09:41:05,302.05,50,118150
20240116,09:41:08,302.55,50,118150
20240116,09:41:12,303.15,50,118150
20240116,09:41:14,305.0,150,118150
20240116,09:41:16,305.7,50,118150
20240116,09:41:19,305.4,50,118150
20240116,09:41:20,306.0,100,118150
20240116,09:41:22,306.5,100,118150
20240116,09:41:24,306.9,50,118150
20240116,09:41:27,306.75,100,118150
20240116,09:41:31,305.65,50,118150
20240116,09:41:33,310.0,150,118150
20240116,09:41:33,310.2,150,118150
20240116,09:41:39,310.25,150,118400
20240116,09:41:52,309.0,100,118400
20240116,09:42:01,309.65,750,118400
20240116,09:42:05,303.6,550,118400
20240116,09:42:15,303.7,100,118400
20240116,09:42:25,304.95,50,118400
20240116,09:42:31,309.2,150,118400
20240116,09:43:01,305.55,100,118400
20240116,09:43:03,302.55,50,118400
20240116,09:43:13,300.0,100,118400
20240116,09:43:16,300.75,500,118400
20240116,09:43:28,298.5,200,118400
20240116,09:43:32,296.2,300,118400
20240116,09:43:34,293.5,750,118400
20240116,09:43:45,295.35,50,118400
20240116,09:43:52,293.4,50,118400
20240116,09:44:01,295.65,50,118400
20240116,09:44:11,294.4,150,118400
20240116,09:44:17,297.9,450,118400
20240116,09:44:31,296.45,50,118400
20240116,09:45:04,294.1,50,119250
20240116,09:45:23,294.9,100,119250
20240116,09:45:35,294.0,50,119250
20240116,09:45:37,293.5,1800,119250
20240116,09:45:38,292.55,1800,119250
20240116,09:46:25,290.0,350,119250
20240116,09:46:32,286.9,50,119250
20240116,09:46:35,287.0,50,119250
20240116,09:46:40,287.6,100,119250
20240116,09:46:42,285.0,1500,119250
20240116,09:46:43,286.6,500,119250
20240116,09:46:44,285.85,50,119250
20240116,09:46:46,284.1,50,119250
20240116,09:46:48,284.3,50,119250
20240116,09:46:51,283.5,200,119250
20240116,09:46:54,282.75,50,119250
20240116,09:47:00,282.75,100,119250
20240116,09:47:05,282.15,250,119250
20240116,09:47:10,283.25,100,119250
20240116,09:47:12,282.0,50,119250
20240116,09:47:19,282.0,100,119250
20240116,09:47:29,281.8,50,119250
20240116,09:47:44,281.8,50,123050
20240116,09:47:46,285.0,50,123050
20240116,09:47:48,286.05,50,123050
20240116,09:48:01,280.0,50,123050
20240116,09:48:02,278.2,50,123050
20240116,09:48:06,277.4,50,123050
20240116,09:48:08,275.0,50,123050
20240116,09:48:10,274.0,50,123050
20240116,09:48:14,274.0,200,123050
20240116,09:48:15,273.3,100,123050
20240116,09:48:23,268.6,500,123050
20240116,09:48:24,268.0,50,123050
20240116,09:48:29,267.3,50,123050
20240116,09:48:31,267.3,100,123050
20240116,09:48:34,271.55,500,123050
20240116,09:48:37,270.95,1050,123050
20240116,09:48:39,272.6,200,123050
20240116,09:48:47,274.5,50,123050
20240116,09:48:51,272.1,50,123050
20240116,09:48:52,272.85,250,123050
20240116,09:48:53,271.2,50,123050
20240116,09:49:00,272.55,100,123050
20240116,09:49:03,273.4,100,123050
20240116,09:49:04,272.95,50,123050
20240116,09:49:04,270.0,50,123050
20240116,09:49:05,270.0,350,123050
20240116,09:49:08,270.8,50,123050
20240116,09:49:10,272.75,50,123050
20240116,09:49:11,273.35,50,123050
20240116,09:49:12,272.3,50,123050
20240116,09:49:37,272.3,50,123050
20240116,09:49:38,273.85,750,123050
20240116,09:49:44,275.25,200,123050
20240116,09:49:52,275.2,50,123050
20240116,09:49:57,273.85,50,123050
20240116,09:49:58,274.4,50,123050
20240116,09:50:00,274.7,150,123050
20240116,09:50:07,274.3,750,123050
20240116,09:50:13,276.8,50,123050
20240116,09:50:15,276.4,50,123050
20240116,09:50:20,278.0,150,123050
20240116,09:50:26,277.35,50,123050
20240116,09:50:28,274.0,50,123050
20240116,09:50:29,272.2,150,123050
20240116,09:50:30,272.2,50,123050
20240116,09:50:31,272.0,50,123050
20240116,09:50:34,271.5,50,123050
20240116,09:50:37,271.0,50,125350
20240116,09:50:38,269.7,700,125350
20240116,09:50:44,269.9,1000,125350
20240116,09:50:48,269.0,50,125350
20240116,09:50:54,268.0,50,125350
20240116,09:50:55,268.5,50,125350
20240116,09:51:01,271.8,50,125350
20240116,09:51:04,268.0,50,125350
20240116,09:51:28,273.0,50,125350
20240116,09:51:37,273.6,500,125350
20240116,09:51:43,276.0,50,125350
20240116,09:51:44,275.2,50,125350
20240116,09:51:58,274.95,50,125350
20240116,09:52:08,275.2,50,125350
20240116,09:52:13,274.95,100,125350
20240116,09:52:21,272.0,100,125350
20240116,09:52:35,272.05,50,125350
20240116,09:52:54,273.0,50,125350
20240116,09:52:56,272.45,50,125350
20240116,09:53:07,270.6,550,125350
20240116,09:53:12,270.4,100,125350
20240116,09:53:16,270.8,400,125350
20240116,09:53:28,268.0,150,125350
20240116,09:53:32,267.4,100,125350
20240116,09:53:36,265.7,250,127500
20240116,09:53:38,265.7,100,127500
20240116,09:53:52,263.0,100,127500
20240116,09:53:55,262.75,100,127500
20240116,09:53:58,262.7,100,127500
20240116,09:54:00,262.7,50,127500
20240116,09:54:01,266.3,100,127500
20240116,09:54:06,266.65,50,127500
20240116,09:54:14,269.6,50,127500
20240116,09:54:15,268.4,50,127500
20240116,09:54:26,271.0,50,127500
20240116,09:54:33,271.8,750,127500
20240116,09:54:42,271.6,50,127500
20240116,09:55:18,270.4,50,127500
20240116,09:55:22,268.75,50,127500
20240116,09:55:52,276.5,100,127500
20240116,09:55:53,277.5,150,127500
20240116,09:56:01,278.4,200,127500
20240116,09:56:02,279.5,50,127500
20240116,09:56:06,280.0,50,127500
20240116,09:56:10,278.3,50,127500
20240116,09:56:11,277.6,50,127500
20240116,09:56:13,276.4,50,127500
20240116,09:56:14,278.6,100,127500
20240116,09:56:17,278.5,750,127500
20240116,09:56:25,275.5,100,127500
20240116,09:56:36,275.4,50,128550
20240116,09:56:46,274.5,50,128550
20240116,09:56:48,275.1,50,128550
20240116,09:57:08,279.8,50,128550
20240116,09:57:09,281.55,800,128550
20240116,09:57:13,281.6,250,128550
20240116,09:57:32,280.1,100,128550
20240116,09:57:40,284.95,50,128550
20240116,09:57:40,285.0,200,128550
20240116,09:57:43,286.5,50,128550
20240116,09:57:45,286.5,50,128550
20240116,09:57:46,289.75,1800,128550
20240116,09:58:00,286.0,100,128550
20240116,09:58:02,285.0,500,128550
20240116,09:58:06,285.0,50,128550
20240116,09:58:11,285.9,300,128550
20240116,09:58:29,284.8,50,128550
20240116,09:58:32,284.8,150,128550
20240116,09:58:42,288.0,500,128550
20240116,09:58:48,287.1,50,128550
20240116,09:58:56,286.2,150,128550
20240116,09:58:59,285.45,50,128550
20240116,09:59:10,287.7,50,128550
20240116,09:59:14,286.7,100,128550
20240116,09:59:31,285.2,50,128550
20240116,09:59:34,285.35,1800,128550
20240116,09:59:48,290.9,50,129400
20240116,09:59:52,288.4,100,129400
20240116,09:59:57,289.45,50,129400
20240116,09:59:59,289.1,50,129400
20240116,10:00:02,286.15,950,129400
20240116,10:00:03,286.9,100,129400
20240116,10:00:06,289.4,50,129400
20240116,10:00:20,286.8,300,129400
20240116,10:00:24,287.2,50,129400
20240116,10:00:33,290.45,250,129400
20240116,10:00:34,290.2,50,129400
20240116,10:00:55,292.4,50,129400
20240116,10:00:56,293.0,50,129400
20240116,10:00:58,294.0,150,129400
20240116,10:00:58,293.9,100,129400
20240116,10:01:00,293.2,100,129400
20240116,10:01:04,295.0,200,129400
20240116,10:01:08,297.55,50,129400
20240116,10:01:15,295.6,150,129400
20240116,10:01:16,296.6,50,129400
20240116,10:01:16,296.7,550,129400
20240116,10:01:20,298.0,300,129400
20240116,10:01:22,302.0,300,129400
20240116,10:01:33,305.0,50,129400
20240116,10:01:36,303.1,300,129400
20240116,10:01:37,300.9,100,129400
20240116,10:01:41,300.0,250,129400
20240116,10:01:44,301.45,50,129400
20240116,10:01:48,304.25,50,129400
20240116,10:01:49,303.2,50,129400
20240116,10:01:52,303.85,50,129400
20240116,10:02:01,303.15,50,129400
20240116,10:02:15,297.8,100,129400
20240116,10:02:28,298.6,100,129400
20240116,10:03:10,290.0,500,129150
20240116,10:03:25,285.0,50,129150
20240116,10:03:29,281.65,300,129150
20240116,10:03:32,283.5,150,129150
20240116,10:03:44,278.7,100,129150
20240116,10:03:52,278.35,50,129150
20240116,10:03:55,278.8,50,129150
20240116,10:04:01,279.2,50,129150
20240116,10:04:37,286.75,50,129150
20240116,10:04:58,286.75,50,129150
20240116,10:05:57,282.9,50,129500
20240116,10:05:59,282.4,50,129500
20240116,10:06:07,285.0,50,129500
20240116,10:06:20,285.0,50,129500
20240116,10:06:22,285.0,50,129500
20240116,10:06:39,284.2,50,129500
20240116,10:06:44,284.2,50,129500
20240116,10:06:49,285.0,50,129500
20240116,10:07:05,285.8,50,129500
20240116,10:07:06,287.0,1400,129500
20240116,10:07:27,289.7,150,129500
20240116,10:07:33,291.55,50,129500
20240116,10:07:35,290.25,50,129500
20240116,10:07:49,289.85,50,129500
20240116,10:08:38,287.65,50,127900
20240116,10:08:39,287.35,50,127900
20240116,10:08:51,283.95,200,127900
20240116,10:09:12,282.2,750,127900
20240116,10:09:49,289.3,500,127900
20240116,10:09:55,287.05,50,127900
20240116,10:09:56,288.1,50,127900
20240116,10:09:57,288.25,100,127900
20240116,10:10:06,285.45,50,127900
20240116,10:10:12,285.9,750,127900
20240116,10:10:26,283.6,150,127900
20240116,10:11:20,283.0,50,127900
20240116,10:11:29,280.0,50,127900
20240116,10:11:44,281.6,50,127850
20240116,10:12:12,280.0,50,127850
20240116,10:12:26,281.75,50,127850
20240116,10:12:34,281.35,250,127850
20240116,10:13:01,279.75,500,127850
20240116,10:13:10,278.45,50,127850
20240116,10:13:19,278.65,50,127850
20240116,10:13:23,277.7,100,127850
20240116,10:13:31,275.0,50,127850
20240116,10:13:32,274.3,50,127850
20240116,10:13:37,273.95,50,127850
20240116,10:13:39,274.4,200,127850
20240116,10:13:45,274.95,550,127850
20240116,10:13:57,275.1,150,127850
20240116,10:14:11,274.75,50,127850
20240116,10:14:18,276.9,500,127850
20240116,10:14:34,272.6,150,127850
20240116,10:14:41,271.4,50,130350
20240116,10:14:46,268.5,450,130350
20240116,10:14:52,267.5,50,130350
20240116,10:14:53,268.8,50,130350
20240116,10:14:54,269.6,50,130350
20240116,10:15:07,271.35,150,130350
20240116,10:15:21,269.5,750,130350
20240116,10:15:29,270.2,50,130350
20240116,10:15:41,271.7,550,130350
20240116,10:15:48,273.75,250,130350
20240116,10:15:51,275.0,50,130350
20240116,10:16:00,276.2,50,130350
20240116,10:16:21,277.0,50,130350
20240116,10:16:29,278.75,50,130350
20240116,10:16:37,278.35,50,130350
20240116,10:16:38,278.5,150,130350
20240116,10:16:47,278.0,250,130350
20240116,10:17:02,275.3,50,130350
20240116,10:17:12,277.3,50,130350
20240116,10:17:27,278.95,50,130350
20240116,10:17:38,278.55,50,130350
20240116,10:18:03,281.9,50,132100
20240116,10:18:05,282.0,150,132100
20240116,10:18:06,282.4,100,132100
20240116,10:18:33,284.0,50,132100
20240116,10:18:38,285.4,150,132100
20240116,10:18:54,287.0,100,132100
20240116,10:18:58,286.75,550,132100
20240116,10:19:08,287.1,50,132100
20240116,10:19:10,287.9,100,132100
20240116,10:19:13,287.2,50,132100
20240116,10:19:22,285.0,50,132100
20240116,10:19:23,283.0,150,132100
20240116,10:19:44,281.4,50,132100
20240116,10:19:48,282.2,50,132100
20240116,10:19:50,281.6,50,132100
20240116,10:19:51,281.35,50,132100
20240116,10:19:54,281.9,50,132100
20240116,10:20:08,283.0,50,132100
20240116,10:20:39,280.85,100,132100
20240116,10:20:45,281.3,100,132100
20240116,10:21:56,281.5,50,132050
20240116,10:22:19,279.1,1050,132050
20240116,10:22:22,279.95,50,132050
20240116,10:22:25,280.1,50,132050
20240116,10:22:55,276.5,200,132050
20240116,10:23:14,279.55,50,132050
20240116,10:23:17,279.35,50,132050
20240116,10:23:29,281.8,50,132050
20240116,10:23:34,282.5,50,132050
20240116,10:23:38,282.15,50,132050
20240116,10:23:58,286.55,50,133450
20240116,10:24:18,289.0,100,133450
20240116,10:24:23,288.0,50,133450
20240116,10:24:26,287.7,50,133450
20240116,10:24:32,287.7,100,133450
20240116,10:24:38,284.1,50,133450
20240116,10:24:47,286.0,100,133450
20240116,10:24:50,286.4,150,133450
20240116,10:25:06,285.15,50,133450
20240116,10:25:33,285.25,50,133450
20240116,10:25:46,287.7,50,133450
20240116,10:26:08,286.2,50,133450
20240116,10:26:09,287.0,50,133450
20240116,10:26:31,287.0,100,133450
20240116,10:26:38,287.0,50,133450
20240116,10:26:46,286.2,100,133350
20240116,10:28:01,284.95,200,133350
20240116,10:28:23,281.1,50,133350
20240116,10:28:24,281.3,100,133350
20240116,10:28:34,284.95,500,133350
20240116,10:28:38,285.0,300,133350
20240116,10:29:05,282.65,50,133350
20240116,10:29:34,280.0,50,133350
20240116,10:29:43,280.1,50,133950
20240116,10:30:38,281.45,50,133950
20240116,10:30:46,280.1,50,133950
20240116,10:30:47,281.05,200,133950
20240116,10:30:58,277.4,350,133950
20240116,10:31:16,277.7,150,133950
20240116,10:32:18,278.0,300,133950
20240116,10:33:03,276.5,50,133750
20240116,10:33:15,277.0,50,133750
20240116,10:33:27,275.45,150,133750
20240116,10:33:38,276.9,50,133750
20240116,10:33:43,278.0,500,133750
20240116,10:34:19,273.0,50,133750
20240116,10:34:21,271.7,250,133750
20240116,10:34:23,271.5,50,133750
20240116,10:34:25,271.75,350,133750
20240116,10:34:33,273.8,100,133750
20240116,10:34:56,273.45,50,133750
20240116,10:35:06,274.1,150,133750
20240116,10:35:14,273.0,300,133750
20240116,10:35:15,274.4,50,133750
20240116,10:35:19,272.4,1100,133750
20240116,10:35:22,272.9,100,133750
20240116,10:35:24,273.15,50,133750
20240116,10:35:30,270.0,100,133750
20240116,10:35:53,270.45,100,134650
20240116,10:36:00,271.7,250,134650
20240116,10:36:30,272.7,50,134650
20240116,10:37:10,272.7,300,134650
20240116,10:37:20,272.7,950,134650
20240116,10:37:27,268.0,150,134650
20240116,10:37:37,267.3,100,134650
20240116,10:37:47,268.85,300,134650
20240116,10:38:05,265.0,1600,134650
20240116,10:38:06,264.2,50,134650
20240116,10:38:07,264.0,500,134650
20240116,10:38:08,266.5,50,134650
20240116,10:38:25,267.7,50,134650
20240116,10:38:34,265.3,50,134650
20240116,10:39:26,259.7,100,134650
20240116,10:39:31,259.7,50,137000
20240116,10:39:42,257.05,500,137000
20240116,10:39:51,256.45,50,137000
20240116,10:39:53,255.1,50,137000
20240116,10:40:02,255.1,400,137000
20240116,10:40:04,255.8,50,137000
20240116,10:40:12,256.1,50,137000
20240116,10:40:13,255.95,50,137000
20240116,10:40:18,255.7,550,137000
20240116,10:40:19,256.1,200,137000
20240116,10:40:20,256.85,250,137000
20240116,10:40:23,257.4,400,137000
20240116,10:40:25,259.1,500,137000
20240116,10:40:29,263.1,50,137000
20240116,10:40:36,264.8,500,137000
20240116,10:40:43,265.45,300,137000
20240116,10:40:45,263.3,250,137000
20240116,10:40:46,261.4,500,137000
20240116,10:40:48,261.45,50,137000
20240116,10:41:17,264.0,50,137000
20240116,10:41:42,265.0,100,137000
20240116,10:41:50,263.75,50,140900
20240116,10:42:01,265.9,50,140900
20240116,10:42:50,263.4,50,140900
20240116,10:42:51,263.4,200,140900
20240116,10:42:58,261.5,200,140900
20240116,10:43:02,260.0,50,140900
20240116,10:43:24,261.8,50,140900
20240116,10:43:28,260.4,300,140900
20240116,10:44:24,263.4,50,140900
20240116,10:44:35,263.6,50,140900
20240116,10:45:14,265.65,100,141350
20240116,10:45:25,265.8,50,141350
20240116,10:45:35,266.3,1000,141350
20240116,10:45:38,266.1,100,141350
20240116,10:45:46,266.6,50,141350
20240116,10:45:48,266.35,150,141350
20240116,10:46:06,264.35,150,141350
20240116,10:46:11,261.7,1000,141350
20240116,10:46:27,260.6,300,141350
20240116,10:46:37,260.35,150,141350
20240116,10:46:38,260.1,50,141350
20240116,10:47:07,259.5,50,141350
20240116,10:47:25,256.3,150,141350
20240116,10:47:31,254.4,100,141350
20240116,10:47:52,254.0,450,142600
20240116,10:48:01,253.7,50,142600
20240116,10:48:06,253.7,50,142600
20240116,10:48:09,253.1,50,142600
20240116,10:48:17,253.1,50,142600
20240116,10:48:27,255.4,100,142600
20240116,10:48:32,254.0,750,142600
20240116,10:48:43,255.1,100,142600
20240116,10:48:44,255.1,50,142600
20240116,10:49:09,256.35,50,142600
20240116,10:49:11,256.45,1300,142600
