date,time,tick_price,volume,open_interest
20231228,09:17:33,1150.05,100,250
20231228,09:17:42,1150.0,150,250
20231228,09:19:12,1150.0,250,250
20231228,09:19:46,1155.0,100,250
20231228,09:21:47,1155.0,50,600
20231228,09:48:02,1130.95,50,650
20231228,10:07:34,1130.95,100,650
20231228,11:16:14,1202.95,50,650
20231228,14:30:22,1134.0,100,700
20231228,14:30:30,1134.0,50,700
20231228,14:37:11,1133.0,50,750
20231228,14:38:26,1130.0,100,750
20231229,09:18:06,1178.35,1,800
20231229,09:18:06,1178.35,50,800
20231229,09:32:32,1171.0,250,850
20231229,10:06:24,1160.35,150,1050
20231229,10:09:47,1160.35,150,1200
20231229,10:19:56,1243.75,50,1050
20231229,10:21:20,1235.0,50,1050
20231229,10:21:49,1220.35,100,1050
20231229,10:22:39,1215.0,200,1050
20231229,10:24:26,1213.55,50,1100
20231229,11:35:53,1156.45,100,1150
20231229,11:41:29,1156.45,50,1250
20231229,13:14:05,1172.1,400,1300
20231229,15:13:03,1196.45,50,1300
20231229,15:13:33,1190.1,50,1300
20231229,15:14:45,1189.2,50,1300
20231229,15:17:59,1187.9,50,1300
20231229,15:19:08,1190.55,50,1300
20240101,14:06:57,1099.5,1,1350
20240101,14:06:57,1099.5,250,1350
20240102,15:08:01,1300.0,1,1150
20240102,15:08:01,1300.0,250,1150
20240103,10:50:08,1399.0,1,1150
20240103,10:50:08,1399.0,150,1150
20240103,12:04:49,1372.0,50,1250
20240103,12:12:09,1372.0,50,1200
20240103,15:11:56,1463.85,100,1250
20240104,10:06:52,1350.0,1,1350
20240104,10:06:52,1350.0,50,1350
20240104,10:16:50,1322.45,50,1400
20240104,10:26:20,1322.45,50,1400
20240104,11:48:34,1314.0,50,1400
20240104,11:48:42,1314.0,50,1400
20240104,11:52:46,1311.3,50,1450
20240104,12:10:20,1311.3,50,1400
20240104,12:12:22,1310.55,50,1400
20240104,12:32:41,1299.0,50,1450
20240104,13:35:37,1299.0,1500,1450
20240104,13:35:44,1305.2,1500,1450
20240104,13:43:02,1300.3,50,3700
20240104,14:06:29,1316.4,100,3750
20240104,14:09:20,1312.0,100,3850
20240104,14:09:25,1312.0,100,3850
20240104,14:14:05,1305.0,450,4050
20240104,14:15:08,1310.0,200,4500
20240104,14:15:17,1310.0,250,4500
20240104,14:15:24,1312.0,50,4500
20240104,14:15:29,1312.0,150,4500
20240104,14:16:47,1312.0,50,4500
20240104,14:17:31,1315.0,100,4500
20240104,14:18:07,1315.0,100,5200
20240104,14:22:06,1315.0,100,5200
20240104,14:26:21,1317.0,100,5400
20240104,14:26:23,1318.0,100,5400
20240104,14:27:23,1322.0,100,5600
20240104,14:27:31,1322.0,100,5600
20240104,14:28:02,1325.0,150,5600
20240104,14:28:51,1325.0,50,5600
20240104,14:29:01,1325.0,100,5600
20240104,14:30:46,1323.0,50,6100
20240104,14:31:56,1312.0,100,6100
20240104,14:31:59,1313.0,150,6100
20240104,14:32:04,1312.15,50,6100
20240104,14:33:20,1319.0,100,6400
20240104,14:33:31,1322.0,100,6400
20240104,14:33:38,1321.9,50,6400
20240104,14:34:44,1322.15,50,6400
20240104,14:43:00,1317.0,200,6700
20240104,15:01:06,1302.1,50,6900
20240104,15:06:54,1300.0,250,6950
20240104,15:25:00,1275.3,100,6950
20240105,09:19:18,1250.0,1,6950
20240105,09:19:18,1250.0,50,6950
20240105,09:19:23,1251.55,50,6950
20240105,09:19:24,1251.55,50,6950
20240105,09:20:01,1259.15,150,6950
20240105,09:20:03,1261.0,300,6950
20240105,09:20:04,1261.0,100,6950
20240105,09:23:31,1262.0,100,7300
20240105,09:24:35,1265.0,500,7300
20240105,09:24:46,1266.0,100,7300
20240105,09:25:16,1271.05,100,7300
20240105,09:25:17,1271.05,250,7300
20240105,09:26:02,1271.0,550,7300
20240105,09:27:37,1266.85,50,6250
20240105,09:27:59,1265.0,650,6250
20240105,09:29:34,1270.6,50,6250
20240105,09:29:50,1269.9,50,6250
20240105,09:31:03,1257.9,250,6250
20240105,09:32:27,1258.7,50,6250
20240105,09:32:29,1257.15,50,6250
20240105,09:32:38,1258.1,50,6250
20240105,09:35:30,1257.05,100,6250
20240105,09:35:33,1256.95,100,6250
20240105,09:36:09,1255.7,150,6250
20240105,09:36:12,1256.1,50,6250
20240105,09:36:17,1257.4,50,6250
20240105,09:37:04,1260.0,250,6250
20240105,09:37:05,1260.0,250,6250
20240105,09:37:06,1260.0,250,6250
20240105,09:37:59,1256.85,50,6250
20240105,09:38:04,1256.65,50,6250
20240105,09:38:21,1258.15,50,5900
20240105,09:38:40,1258.5,50,5900
20240105,09:38:44,1255.6,150,5900
20240105,09:38:45,1257.6,150,5900
20240105,09:38:46,1258.65,50,5900
20240105,09:38:55,1258.1,50,5900
20240105,09:39:08,1257.25,50,5900
20240105,09:41:26,1253.75,50,5900
20240105,09:41:29,1255.1,50,5900
20240105,09:41:30,1255.0,50,5900
20240105,09:41:31,1256.15,50,5900
20240105,09:41:58,1257.45,50,5900
20240105,09:42:04,1257.15,100,5900
20240105,09:42:11,1257.0,50,5900
20240105,09:42:28,1256.0,50,5900
20240105,09:43:07,1253.8,100,5900
20240105,09:43:10,1254.45,50,5900
20240105,09:43:14,1254.5,50,5900
20240105,09:43:18,1252.8,100,5900
20240105,09:43:23,1253.85,50,5900
20240105,09:44:07,1258.85,50,5900
20240105,09:44:44,1256.85,50,6200
20240105,09:45:03,1255.25,100,6200
20240105,09:45:04,1253.3,100,6200
20240105,09:46:11,1260.0,100,6200
20240105,09:46:11,1259.9,50,6200
20240105,09:46:13,1260.4,150,6200
20240105,09:46:17,1260.05,50,6200
20240105,09:46:25,1258.6,50,6200
20240105,09:46:27,1259.5,150,6200
20240105,09:46:49,1256.9,150,6200
20240105,09:47:01,1255.75,50,6200
20240105,09:47:12,1252.75,100,6200
20240105,09:47:17,1253.3,50,6200
20240105,09:47:23,1253.1,50,6900
20240105,09:47:29,1254.0,50,6900
20240105,09:48:09,1253.3,100,6900
20240105,09:48:15,1252.85,50,6900
20240105,09:48:16,1251.45,50,6900
20240105,09:49:17,1258.8,50,6900
20240105,09:49:37,1259.2,50,6900
20240105,09:49:50,1260.65,100,6900
20240105,09:49:51,1260.35,200,6900
20240105,09:53:00,1248.8,50,7500
20240105,09:53:20,1246.8,100,7550
20240105,09:56:29,1245.3,50,7650
20240105,10:30:16,1245.3,50,7700
20240105,10:30:27,1256.1,100,7700
20240105,10:31:37,1254.85,50,7700
20240105,10:32:06,1254.4,50,7700
20240105,10:32:20,1250.45,50,7700
20240105,10:34:10,1254.45,50,8000
20240105,10:34:20,1253.7,50,8000
20240105,10:34:51,1251.45,50,8000
20240105,10:35:29,1249.4,50,8100
20240105,10:35:49,1249.5,50,8100
20240105,10:36:02,1249.45,50,8100
20240105,10:36:18,1249.15,100,8100
20240105,10:36:40,1250.7,100,8100
20240105,10:37:22,1248.0,50,8100
20240105,10:37:34,1250.05,100,8100
20240105,10:37:42,1247.7,50,8100
20240105,10:37:58,1247.3,50,8100
20240105,10:38:02,1248.85,50,8100
20240105,10:38:54,1250.6,50,8700
20240105,10:40:03,1248.0,50,8700
20240105,10:40:15,1251.0,50,8700
20240105,10:40:53,1252.4,50,8700
20240105,10:41:52,1250.8,50,8700
20240105,10:42:47,1254.05,50,8900
20240105,10:42:49,1254.05,50,8900
20240105,10:47:50,1295.0,250,9050
20240105,10:48:22,1298.0,500,9050
20240105,10:49:12,1298.0,250,9050
20240105,10:49:47,1298.0,100,9050
20240105,10:49:55,1298.35,100,9050
20240105,10:50:26,1298.0,200,9050
20240105,10:51:43,1298.0,450,9150
20240105,10:52:37,1296.0,200,9150
20240105,10:52:56,1299.0,200,9150
20240105,10:52:57,1302.9,100,9150
20240105,10:53:03,1302.9,150,9150
20240105,10:53:10,1308.2,50,9150
20240105,10:53:11,1309.5,50,9150
20240105,10:53:12,1310.45,50,9150
20240105,10:53:14,1310.45,200,9150
20240105,10:53:26,1301.4,50,9150
20240105,10:53:37,1300.0,100,9600
20240105,10:53:44,1303.25,50,9600
20240105,10:53:52,1305.0,100,9600
20240105,10:54:14,1312.9,100,9600
20240105,10:54:38,1312.9,100,9600
20240105,10:54:52,1318.35,250,9600
20240105,10:58:04,1305.8,100,9950
20240105,10:58:15,1307.0,100,9950
20240105,10:59:04,1305.55,50,9950
20240105,10:59:33,1302.45,50,9950
20240105,11:02:14,1309.3,50,9950
20240105,11:02:32,1307.25,50,10050
20240105,11:12:34,1285.1,50,10100
20240105,11:14:35,1293.5,150,10100
20240105,11:16:24,1290.0,50,10100
20240105,11:18:23,1314.85,300,10200
20240105,11:22:07,1305.3,300,10200
20240105,11:44:59,1311.45,50,10150
20240105,11:49:00,1318.55,50,10200
20240105,11:49:39,1318.55,50,10200
20240105,11:51:09,1309.15,50,10300
20240105,11:56:41,1301.35,50,10350
20240105,11:58:14,1304.0,50,10350
20240105,12:03:11,1305.0,50,10450
20240105,12:07:02,1297.45,100,10500
20240105,12:07:18,1295.8,50,10500
20240105,12:09:04,1290.8,50,10650
20240105,12:09:06,1289.95,50,10650
20240105,12:09:13,1289.8,50,10650
20240105,12:09:15,1290.3,200,10650
20240105,12:09:16,1290.2,50,10650
20240105,12:09:56,1284.05,50,10650
20240105,12:10:04,1280.75,50,10650
20240105,12:16:40,1282.9,50,11150
20240105,12:49:40,1281.9,50,11200
20240105,12:55:13,1296.25,50,11250
20240105,12:55:14,1295.9,50,11250
20240105,12:59:31,1293.5,50,11350
20240105,12:59:45,1299.85,100,11350
20240105,12:59:46,1299.4,150,11350
20240105,13:24:40,1283.9,50,11650
20240105,13:47:34,1303.9,1400,11700
20240105,13:47:42,1301.35,450,11700
20240105,13:47:43,1301.35,950,11700
20240105,14:12:11,1327.1,50,11700
20240105,14:13:55,1347.7,50,11050
20240105,14:21:40,1368.8,50,11050
20240105,14:27:27,1368.8,50,11050
20240105,14:49:17,1302.4,50,11100
20240105,14:59:30,1270.0,50,11100
20240105,14:59:48,1269.4,50,11100
20240105,15:05:15,1243.4,50,11050
20240105,15:07:35,1243.4,750,11050
20240105,15:08:16,1248.0,750,11050
20240105,15:09:42,1255.0,250,10650
20240105,15:09:51,1259.6,250,10650
20240105,15:10:20,1254.0,100,10650
20240105,15:10:48,1255.0,100,10650
20240105,15:11:08,1252.0,50,10650
20240105,15:12:41,1265.1,100,10850
20240105,15:21:34,1283.1,50,10950
20240105,15:23:00,1284.0,100,10950
20240105,15:25:16,1280.0,100,10950
20240105,15:25:42,1275.15,200,10950
20240105,15:28:15,1270.5,50,10950
20240105,15:28:39,1271.95,50,10950
20240108,09:41:18,1330.0,1,11050
20240108,09:41:18,1330.0,50,11050
20240108,09:56:13,1320.35,100,11100
20240108,10:05:25,1313.95,50,11100
20240108,10:05:32,1313.95,50,11100
20240108,10:05:38,1315.4,50,11100
20240108,10:06:04,1316.7,50,11100
20240108,10:06:10,1320.95,50,11100
20240108,10:06:35,1320.5,50,11100
20240108,10:06:44,1321.95,50,11100
20240108,10:07:01,1318.2,50,11100
20240108,10:07:07,1316.25,50,11100
20240108,10:16:05,1295.15,50,11100
20240108,10:16:29,1295.15,50,10700
20240108,10:16:33,1300.8,50,10700
20240108,10:16:36,1301.0,50,10700
20240108,10:18:21,1302.65,50,10550
20240108,10:18:33,1300.85,50,10550
20240108,10:21:10,1301.55,50,10550
20240108,10:24:33,1298.3,50,10400
20240108,10:32:00,1284.45,50,10350
20240108,10:32:03,1284.45,50,10350
20240108,10:32:04,1285.55,50,10350
20240108,10:32:05,1285.5,50,10350
20240108,10:32:06,1285.95,100,10350
20240108,10:32:08,1283.9,50,10350
20240108,10:32:35,1283.9,50,10000
20240108,10:32:37,1281.95,50,10000
20240108,10:32:42,1279.8,50,10000
20240108,10:34:41,1265.0,250,10000
20240108,10:34:56,1260.0,50,10000
20240108,10:34:57,1260.0,200,10000
20240108,10:35:13,1260.0,250,10000
20240108,10:36:07,1266.0,50,9600
20240108,10:40:33,1279.95,100,9600
20240108,10:40:34,1278.45,50,9600
20240108,10:40:37,1280.9,100,9600
20240108,10:40:38,1281.15,50,9600
20240108,10:40:49,1277.1,50,9600
20240108,10:40:50,1277.9,50,9600
20240108,10:40:52,1280.6,50,9600
20240108,10:40:57,1279.7,50,9600
20240108,10:41:05,1282.0,100,9600
20240108,10:41:17,1282.0,100,9600
20240108,10:41:23,1283.0,100,9600
20240108,10:41:34,1286.45,50,9200
20240108,10:41:43,1288.0,150,9200
20240108,10:41:45,1287.25,50,9200
20240108,10:41:46,1287.5,150,9200
20240108,10:41:57,1293.95,150,9200
20240108,11:00:46,1350.5,250,9350
20240108,11:00:56,1352.05,150,9350
20240108,11:01:08,1352.0,100,9350
20240108,11:01:24,1350.0,50,9350
20240108,11:01:24,1349.45,50,9350
20240108,11:07:28,1381.7,150,9700
20240108,11:07:37,1388.0,100,9700
20240108,11:07:56,1390.35,100,9700
20240108,11:08:17,1395.0,100,9700
20240108,11:08:26,1399.0,50,9700
20240108,11:22:29,1399.0,100,9700
20240108,11:26:52,1372.65,50,10200
20240108,11:28:10,1363.0,50,10200
20240108,11:28:11,1362.0,50,10200
20240108,11:29:44,1364.0,50,10100
20240108,11:29:47,1360.0,50,10100
20240108,11:33:01,1372.6,50,10000
20240108,11:34:43,1360.0,50,10000
20240108,11:34:59,1358.0,100,10000
20240108,11:38:03,1346.15,50,9850
20240108,11:38:20,1346.55,50,9850
20240108,11:39:48,1347.25,50,9850
20240108,11:40:29,1346.75,50,9850
20240108,11:41:33,1347.1,50,9850
20240108,11:41:35,1349.95,50,9850
20240108,11:42:43,1344.3,50,9800
20240108,11:43:05,1342.35,50,9800
20240108,11:43:24,1343.8,50,9800
20240108,11:43:31,1345.3,50,9800
20240108,11:47:23,1356.25,50,9750
20240108,11:49:20,1358.5,50,9750
20240108,11:49:40,1355.0,50,9750
20240108,11:50:23,1355.1,50,9750
20240108,11:51:11,1369.2,50,9700
20240108,11:51:52,1376.1,50,9700
20240108,11:56:18,1412.65,50,9700
20240108,11:56:26,1414.6,50,9700
20240108,11:56:35,1416.0,50,9700
20240108,11:56:46,1416.0,50,9750
20240108,11:56:59,1419.4,50,9750
20240108,11:57:02,1419.4,100,9750
20240108,11:57:30,1409.35,50,9750
20240108,11:57:32,1415.45,50,9750
20240108,11:58:07,1434.65,50,9750
20240108,11:58:43,1435.35,50,9750
20240108,11:58:48,1439.1,50,9750
20240108,11:59:14,1439.85,50,9750
20240108,11:59:33,1439.85,50,9750
20240108,11:59:43,1436.85,50,9850
20240108,11:59:56,1431.3,100,9850
20240108,12:00:01,1431.85,100,9850
20240108,12:00:04,1434.6,50,9850
20240108,12:00:06,1432.65,100,9850
20240108,12:00:13,1431.75,50,9850
20240108,12:00:37,1426.1,50,9850
20240108,12:00:51,1423.9,250,9850
20240108,12:01:54,1415.35,600,9850
20240108,12:07:19,1406.1,100,9850
20240108,12:07:27,1406.1,100,10250
20240108,12:07:40,1406.1,50,10250
20240108,12:16:28,1395.0,50,10500
20240108,12:16:29,1395.0,200,10500
20240108,12:16:41,1395.0,100,10500
20240108,12:16:55,1397.6,100,10500
20240108,12:17:10,1395.0,100,10500
20240108,12:52:46,1397.4,50,10450
20240108,12:55:29,1403.25,50,10450
20240108,12:58:05,1413.5,50,10450
20240108,12:59:04,1413.45,50,10450
20240108,13:24:45,1395.9,50,10400
20240108,13:27:45,1388.2,50,10400
20240108,13:28:59,1384.7,50,10400
20240108,13:30:46,1386.4,50,10350
20240108,13:34:13,1394.65,50,10350
20240108,14:31:02,1429.0,100,10350
20240108,14:31:25,1430.0,200,10350
20240108,14:31:42,1430.8,50,10350
20240108,14:32:18,1432.0,100,10350
20240108,14:34:53,1450.65,50,10650
20240108,14:36:58,1450.65,150,10700
20240108,14:37:30,1440.0,100,10700
20240108,14:37:39,1445.4,50,10700
20240108,14:38:19,1456.6,250,10700
20240108,14:40:01,1460.0,50,11150
20240108,14:40:13,1460.0,50,11150
20240108,14:40:41,1447.5,50,11150
20240108,14:41:05,1444.05,50,11150
20240108,14:41:26,1445.85,50,11150
20240108,14:42:56,1452.7,50,11150
20240108,14:49:32,1446.4,50,11150
20240108,14:51:40,1443.4,50,11150
20240108,14:53:43,1446.55,50,11150
20240108,14:54:05,1444.65,50,11150
20240108,14:55:09,1449.1,50,11150
20240108,14:56:25,1451.3,100,11150
20240108,15:01:34,1461.0,50,11150
20240108,15:01:38,1463.75,50,11150
20240108,15:03:55,1464.5,50,11150
20240108,15:04:00,1467.35,50,11150
20240108,15:05:05,1467.35,50,11150
20240108,15:09:02,1460.0,100,11200
20240108,15:22:58,1479.05,50,11300
20240108,15:27:14,1483.55,100,11300
20240109,09:15:36,1355.05,1,11300
20240109,09:15:36,1355.0,150,11300
20240109,09:17:04,1335.0,250,11300
20240109,09:17:09,1334.6,250,11300
20240109,09:17:13,1335.3,250,11300
20240109,09:17:21,1335.6,250,11300
20240109,09:17:28,1334.1,250,10650
20240109,09:17:54,1334.1,750,10650
20240109,09:18:27,1334.75,250,10650
20240109,09:18:39,1334.45,500,10650
20240109,09:18:44,1332.0,50,10650
20240109,09:22:32,1325.0,50,9350
20240109,09:30:30,1317.0,50,9350
20240109,09:30:43,1317.0,100,9300
20240109,09:34:01,1326.15,50,9200
20240109,09:39:39,1335.1,300,9200
20240109,10:19:20,1323.3,250,9450
20240109,10:19:38,1321.3,250,9450
20240109,10:19:48,1320.0,300,9450
20240109,10:20:57,1307.0,250,8900
20240109,10:21:15,1300.05,250,8900
20240109,10:43:50,1278.8,250,8900
20240109,10:44:09,1273.0,200,8450
20240109,10:44:27,1270.0,250,8450
20240109,10:46:08,1265.0,450,8150
20240109,10:46:13,1265.0,50,8150
20240109,10:46:21,1270.85,50,8150
20240109,10:46:22,1272.9,50,8150
20240109,10:49:08,1282.0,250,8450
20240109,11:09:42,1282.0,50,8450
20240109,14:08:19,1325.0,50,8200
20240109,14:21:36,1385.8,100,8200
20240109,14:21:41,1386.7,100,8200
20240109,14:21:55,1391.6,50,8200
20240109,14:29:51,1425.7,250,8350
20240109,14:30:20,1430.0,450,8350
20240109,14:31:28,1430.0,250,8350
20240109,15:04:16,1438.6,50,8350
20240109,15:04:17,1438.6,50,8450
20240109,15:04:19,1436.4,100,8450
20240109,15:04:29,1431.85,50,8450
20240110,10:33:51,1487.5,1,8450
20240110,10:33:51,1487.5,50,8450
20240110,11:20:36,1460.0,50,8400
20240110,11:23:13,1457.0,50,8350
20240110,11:23:33,1455.0,50,8350
20240110,11:35:35,1455.0,50,8250
20240110,11:39:35,1449.0,150,8200
20240110,11:41:24,1443.0,50,8200
20240110,11:41:29,1442.0,50,8200
20240110,11:47:42,1442.0,50,8100
20240110,12:46:22,1530.0,50,8050
20240110,13:52:33,1530.0,50,8050
20240110,13:57:20,1476.1,50,8050
20240110,13:58:08,1486.25,100,8050
20240110,13:59:33,1473.0,100,8050
20240110,14:00:47,1463.1,50,8050
20240110,14:00:52,1454.85,50,8050
20240110,14:06:05,1478.0,200,8000
20240110,14:56:59,1375.0,100,8000
20240110,14:57:07,1375.0,100,8000
20240110,14:57:36,1375.0,50,8200
20240110,14:57:55,1375.0,50,8200
20240111,09:35:05,1300.0,1,8300
20240111,09:35:05,1300.0,300,8300
20240111,09:57:47,1332.35,150,8100
20240111,09:59:03,1332.35,50,8100
20240111,10:04:10,1334.75,250,7950
20240111,10:21:27,1336.65,100,7950
20240111,10:22:16,1336.65,100,7950
20240111,10:34:13,1340.0,1500,7950
20240111,10:34:16,1340.0,1500,7850
20240111,11:26:07,1356.75,50,7450
20240111,11:26:24,1356.75,50,7450
20240111,11:28:43,1353.0,50,7400
20240111,12:18:11,1349.65,50,7400
20240111,12:18:54,1349.75,50,7400
20240111,12:22:11,1347.0,100,7300
20240111,12:31:31,1341.0,100,7300
20240111,12:33:48,1340.35,50,7400
20240111,12:33:53,1340.35,50,7400
20240111,12:52:46,1336.6,100,7450
20240111,12:56:05,1322.35,100,7550
20240111,12:56:19,1327.25,100,7550
20240111,12:56:55,1327.35,100,7550
20240111,12:57:31,1324.35,50,7650
20240111,12:58:00,1322.85,50,7650
20240111,12:58:03,1325.0,200,7650
20240111,13:38:29,1344.85,50,7700
20240111,13:59:28,1344.2,50,7700
20240111,14:00:06,1346.2,150,7700
20240111,14:11:05,1380.0,100,7600
20240111,14:54:44,1380.0,200,7600
20240111,15:25:00,1357.65,100,7400
