date,time,tick_price,volume,open_interest
20231128,09:16:28,31.3,250,450
20231128,09:16:55,31.5,200,450
20231128,09:20:34,31.5,200,450
20231128,09:20:41,30.7,100,450
20231128,09:24:28,30.7,100,150
20231128,09:25:12,30.95,100,150
20231128,09:28:31,30.9,100,50
20231128,09:30:47,30.95,100,150
20231128,09:38:43,30.45,50,250
20231129,11:50:08,26.0,1,300
20231129,11:50:08,26.0,100,300
20231211,15:12:09,3.1,1,400
20231211,15:12:09,3.1,100,400
20231212,09:42:14,5.5,1,400
20231212,09:42:14,5.5,100,400
20231228,12:26:36,2.25,1,400
20231228,12:26:36,2.25,600,400
20231228,12:26:47,2.25,50,400
20231228,12:26:52,2.2,1000,400
20231228,12:29:02,2.2,250,1650
20231228,12:32:14,2.05,50,1900
20231228,12:34:59,2.05,250,1900
20231228,13:31:22,1.9,50,2150
20231228,13:31:26,1.9,300,2150
20231228,13:32:26,1.9,500,2150
20231228,13:58:28,2.05,650,2500
20231228,13:59:11,2.05,250,2500
20231228,14:03:15,2.05,250,2500
20231228,14:11:19,2.7,100,2650
20231228,14:35:28,2.7,50,2650
20231228,14:36:05,2.2,150,2650
20231228,14:36:26,2.2,150,2650
20231228,14:43:28,1.95,50,2700
20231228,14:43:48,1.9,100,2700
20231228,14:44:21,1.8,50,2700
20231228,14:44:31,1.8,50,2700
20231228,14:47:28,3.0,1100,2700
20231228,14:47:57,2.0,50,2700
20231228,14:48:07,1.95,200,2700
20231228,14:48:17,2.0,950,2700
20231228,14:48:30,2.2,550,2700
20231228,14:48:44,1.9,50,4150
20231228,14:49:35,1.95,50,4150
20231228,14:57:52,1.9,150,4200
20231228,14:58:07,1.95,450,4200
20231228,14:58:38,2.0,2100,4200
20231228,14:58:58,1.95,100,4200
20231228,15:00:48,1.95,350,6550
20231228,15:01:44,1.95,50,6550
20231228,15:01:56,2.0,1800,6550
20231228,15:08:21,1.9,50,8600
20231228,15:10:28,1.9,100,8550
20231228,15:10:33,1.9,50,8550
20231228,15:10:49,1.9,250,8550
20231228,15:10:54,1.95,50,8550
20231228,15:11:04,2.05,100,8550
20231228,15:11:18,1.95,100,8550
20231228,15:11:36,2.1,400,8550
20231228,15:15:11,2.05,50,8350
20231228,15:15:24,2.0,50,8350
20231228,15:16:37,2.05,300,8400
20231228,15:16:43,2.0,300,8400
20231228,15:16:56,1.95,400,8400
20231228,15:17:03,2.0,450,8400
20231228,15:17:08,2.0,250,8400
20231228,15:18:04,1.95,200,8400
20231228,15:18:09,2.0,50,8400
20231228,15:18:41,2.0,200,9450
20231228,15:18:48,2.0,250,9450
20231228,15:18:55,2.0,450,9450
20231228,15:19:16,2.0,100,9450
20231228,15:19:23,2.0,450,9450
20231228,15:19:45,2.0,1000,9450
20231228,15:19:51,2.05,1150,9450
20231228,15:20:38,2.0,250,9450
20231228,15:20:43,2.0,50,9450
20231228,15:20:53,2.0,500,9450
20231228,15:20:59,2.0,150,9450
20231228,15:22:03,2.0,250,11100
20231228,15:23:51,1.95,650,11100
20231228,15:24:05,1.9,250,11100
20231228,15:24:33,1.85,850,11100
20231228,15:24:47,1.85,200,10400
20231228,15:25:10,1.9,100,10400
20231228,15:26:12,1.85,300,10400
20231228,15:26:52,1.9,600,10400
20231228,15:26:57,1.85,100,10400
20231228,15:27:18,1.85,250,10400
20231228,15:27:53,1.9,100,10850
20231228,15:28:27,1.8,50,10850
20231228,15:29:25,1.85,600,10850
20231228,15:29:41,1.85,50,10850
20231228,15:29:58,1.75,500,10850
20231229,09:15:10,2.05,1,10350
20231229,09:15:10,2.05,50,10350
20231229,09:15:32,1.9,200,10350
20231229,09:16:29,1.85,100,10350
20231229,09:16:37,1.6,500,10350
20231229,09:16:38,1.7,2550,10350
20231229,09:16:45,1.75,50,10350
20231229,09:16:50,1.65,50,10350
20231229,09:16:52,1.65,200,10350
20231229,09:17:03,1.65,200,10350
20231229,09:17:12,1.65,50,13350
20231229,09:17:32,1.7,500,13350
20231229,09:17:39,1.7,500,13350
20231229,09:18:18,1.6,1000,13350
20231229,09:18:35,1.65,50,13350
20231229,09:19:08,1.65,350,13350
20231229,09:20:46,1.65,50,13350
20231229,09:20:51,1.6,50,13450
20231229,09:21:02,1.6,50,13450
20231229,09:21:05,1.6,100,13450
20231229,09:21:11,1.6,200,13450
20231229,09:21:31,1.65,50,13450
20231229,09:22:03,1.55,800,13450
20231229,09:22:06,1.55,100,13450
20231229,09:22:09,1.55,250,13450
20231229,09:22:18,1.55,150,13450
20231229,09:22:25,1.55,250,13450
20231229,09:23:09,1.55,250,13450
20231229,09:23:12,1.55,100,13850
20231229,09:23:16,1.55,600,13850
20231229,09:23:22,1.6,1400,13850
20231229,09:23:34,1.6,100,13850
20231229,09:23:44,1.6,50,13850
20231229,09:23:50,1.65,1750,13850
20231229,09:24:29,1.6,450,13850
20231229,09:26:37,1.55,250,13850
20231229,09:27:01,1.55,50,13500
20231229,09:27:26,1.5,50,13500
20231229,09:27:52,1.5,550,13500
20231229,09:27:57,1.5,300,13500
20231229,09:28:46,1.55,50,13500
20231229,09:29:52,1.5,100,13050
20231229,09:30:09,1.5,100,13050
20231229,09:31:38,1.45,50,13050
20231229,09:33:18,1.45,250,13050
20231229,09:34:50,1.45,1500,12850
20231229,09:34:51,1.45,150,12850
20231229,09:35:58,1.5,500,12850
20231229,09:36:21,1.5,500,12900
20231229,09:38:43,1.5,50,12900
20231229,09:39:34,1.5,50,12900
20231229,09:39:35,1.5,600,12900
20231229,09:39:36,1.5,350,12900
20231229,09:40:26,1.45,50,12900
20231229,09:40:29,1.4,1250,12900
20231229,09:40:39,1.4,500,12900
20231229,09:40:40,1.4,600,12900
20231229,09:40:41,1.35,400,12900
20231229,09:40:47,1.35,1500,12900
20231229,09:40:48,1.35,3350,12900
20231229,09:40:51,1.35,100,12900
20231229,09:40:56,1.4,150,12900
20231229,09:40:59,1.4,100,12900
20231229,09:41:01,1.3,350,12900
20231229,09:41:36,1.3,1200,12900
20231229,09:42:14,1.4,150,17450
20231229,09:42:23,1.4,150,17450
20231229,09:42:58,1.35,1600,17450
20231229,09:42:59,1.25,1000,17450
20231229,09:43:06,1.3,400,17450
20231229,09:43:06,1.35,100,17450
20231229,09:43:17,1.25,1900,17450
20231229,09:43:20,1.3,400,17450
20231229,09:43:22,1.3,200,17450
20231229,09:43:25,1.2,650,17450
20231229,09:43:29,1.25,1400,17450
20231229,09:43:30,1.25,350,17450
20231229,09:43:33,1.25,50,17450
20231229,09:43:36,1.3,50,17450
20231229,09:43:38,1.3,150,17450
20231229,09:43:43,1.25,1100,17450
20231229,09:43:49,1.25,50,17450
20231229,09:44:00,1.25,150,17450
20231229,09:44:06,1.2,1000,17450
20231229,09:44:07,1.15,100,17450
20231229,09:44:13,1.15,150,17450
20231229,09:44:15,1.15,50,20650
20231229,09:44:18,1.25,50,20650
20231229,09:44:41,1.2,650,20650
20231229,09:44:41,1.2,450,20650
20231229,09:44:45,1.2,50,20650
20231229,09:44:45,1.25,250,20650
20231229,09:44:48,1.2,50,20650
20231229,09:44:52,1.2,150,20650
20231229,09:45:02,1.2,700,20650
20231229,09:45:08,1.2,150,20650
20231229,09:45:11,1.2,150,20650
20231229,09:45:12,1.15,50,20650
20231229,09:45:15,1.2,50,20650
20231229,09:45:20,1.2,250,20650
20231229,09:45:24,1.2,150,20650
20231229,09:45:58,1.2,150,20650
20231229,09:46:03,1.2,150,20650
20231229,09:46:06,1.2,150,20650
20231229,09:46:15,1.15,100,20650
20231229,09:46:16,1.15,250,20650
20231229,09:46:17,1.15,150,20650
20231229,09:46:21,1.2,850,20650
20231229,09:46:25,1.15,300,20650
20231229,09:46:45,1.15,250,20650
20231229,09:46:55,1.2,150,20650
20231229,09:47:03,1.1,550,20650
20231229,09:47:36,1.1,250,19950
20231229,09:48:03,1.15,150,19950
20231229,09:48:12,1.1,50,19950
20231229,09:48:14,1.15,250,19950
20231229,09:48:34,1.15,50,19950
20231229,09:48:57,1.15,150,19950
20231229,09:49:14,1.15,250,19950
20231229,09:49:22,1.1,1250,19950
20231229,09:49:24,1.1,50,19950
20231229,09:49:29,1.1,150,19950
20231229,09:49:58,1.15,150,19950
20231229,09:50:00,1.15,250,19950
20231229,09:50:01,1.1,500,19950
20231229,09:50:02,1.1,500,19950
20231229,09:50:03,1.1,100,19950
20231229,09:50:27,1.1,700,21000
20231229,09:50:29,1.05,300,21000
20231229,09:50:38,1.05,350,21000
20231229,09:50:50,1.1,500,21000
20231229,09:50:51,1.05,500,21000
20231229,09:50:59,1.1,500,21000
20231229,09:51:02,1.1,650,21000
20231229,09:51:28,1.1,50,21000
20231229,09:51:33,1.1,50,21000
20231229,09:51:46,1.1,100,21000
20231229,09:51:47,1.1,1850,21000
20231229,09:51:49,1.05,350,21000
20231229,09:52:07,1.05,50,21000
20231229,09:52:13,1.05,50,21000
20231229,09:52:28,1.05,200,21000
20231229,09:52:29,1.05,1000,21000
20231229,09:52:30,1.05,1050,21000
20231229,09:52:33,1.05,50,21000
20231229,09:54:51,1.05,250,25600
20231229,09:55:10,1.0,400,25600
20231229,09:55:11,1.0,100,25600
20231229,09:55:15,1.0,200,25600
20231229,09:55:35,1.0,50,25600
20231229,09:55:44,1.0,300,25600
20231229,09:55:44,1.05,350,25600
20231229,09:55:53,1.05,50,25600
20231229,09:56:01,1.0,200,25600
20231229,09:56:02,1.0,150,25600
20231229,09:56:04,1.0,150,25600
20231229,09:56:05,1.0,50,25600
20231229,09:56:16,1.0,250,25600
20231229,09:56:22,1.0,300,25550
20231229,09:56:26,1.0,50,25550
20231229,09:56:29,1.0,50,25550
20231229,09:56:30,1.0,400,25550
20231229,09:56:30,1.0,200,25550
20231229,09:56:48,1.0,450,25550
20231229,09:56:54,1.0,1000,25550
20231229,09:56:55,1.0,300,25550
20231229,09:56:57,1.0,150,25550
20231229,09:56:58,1.0,250,25550
20231229,09:57:03,1.0,100,25550
20231229,09:57:05,1.0,50,25550
20231229,09:57:14,1.0,100,25550
20231229,09:57:19,1.0,50,25550
20231229,09:57:53,1.0,550,25550
20231229,09:57:56,1.0,200,25550
20231229,09:58:08,1.0,150,25550
20231229,09:58:09,1.0,250,25550
20231229,09:58:10,1.0,450,25550
20231229,09:58:13,1.0,500,25550
20231229,09:58:14,1.0,500,25550
20231229,09:59:01,1.05,200,25550
20231229,09:59:05,1.0,650,25550
20231229,09:59:06,1.0,300,25550
20231229,09:59:10,1.0,1100,25550
20231229,09:59:10,1.0,300,25550
20231229,09:59:47,1.0,250,25550
20231229,09:59:55,1.0,50,25550
20231229,09:59:57,1.05,100,25550
20231229,10:00:00,1.05,900,25550
20231229,10:00:20,1.05,800,25550
20231229,10:00:21,1.0,500,25550
20231229,10:00:23,1.05,200,25550
20231229,10:00:33,1.0,100,25550
20231229,10:01:02,1.0,50,25550
20231229,10:07:56,1.0,100,25550
20231229,10:08:36,1.0,900,25600
20231229,10:08:41,1.0,200,25600
20231229,10:09:05,1.0,350,25600
20231229,10:09:55,1.05,150,25600
20231229,10:10:01,1.0,100,25600
20231229,10:10:34,1.05,50,25600
20231229,10:12:18,1.05,50,25600
20231229,10:12:30,1.0,250,25600
20231229,10:13:11,1.0,50,25600
20231229,10:13:40,1.0,100,25600
20231229,10:13:44,1.05,500,25600
20231229,10:13:45,1.05,250,25600
20231229,10:13:58,1.05,250,25600
20231229,10:13:58,1.05,450,25600
20231229,10:16:10,1.0,250,25550
20231229,10:17:58,1.05,400,25550
20231229,10:21:20,1.0,200,25550
20231229,10:22:02,0.95,300,25600
20231229,10:22:50,0.95,50,25600
20231229,10:23:17,1.0,250,25600
20231229,10:24:02,1.05,600,25600
20231229,10:25:07,1.05,200,25600
20231229,10:25:07,1.05,50,25600
20231229,10:25:40,1.05,350,25600
20231229,10:25:40,1.05,600,25600
20231229,10:25:48,1.1,150,25600
20231229,10:26:05,1.1,200,25600
20231229,10:26:10,1.1,500,25600
20231229,10:26:13,1.1,300,25600
20231229,10:26:17,1.1,500,25600
20231229,10:26:18,1.2,3450,25550
20231229,10:26:37,1.15,250,25550
20231229,10:26:42,1.2,4250,25550
20231229,10:26:58,1.25,300,25550
20231229,10:27:06,1.25,100,25550
20231229,10:27:16,1.25,150,25550
20231229,10:27:44,1.15,550,25550
20231229,10:27:46,1.15,200,25550
20231229,10:27:50,1.15,50,25550
20231229,10:27:58,1.2,50,25550
20231229,10:27:59,1.15,250,25550
20231229,10:28:11,1.15,200,25550
20231229,10:29:02,1.15,500,25550
20231229,10:29:11,1.15,850,25550
20231229,10:29:17,1.2,250,26550
20231229,10:30:14,1.15,1150,26550
20231229,10:30:25,1.2,1850,26550
20231229,10:30:42,1.2,1000,26550
20231229,10:31:09,1.2,350,26550
20231229,10:31:14,1.2,50,26550
20231229,10:31:30,1.2,250,26550
20231229,10:32:11,1.15,250,26550
20231229,10:32:13,1.2,600,26550
20231229,10:32:20,1.2,250,26550
20231229,10:32:29,1.2,100,26800
20231229,10:32:30,1.15,50,26800
20231229,10:32:31,1.2,250,26800
20231229,10:32:50,1.2,250,26800
20231229,10:32:50,1.2,50,26800
20231229,10:33:01,1.2,50,26800
20231229,10:34:39,1.25,50,26800
20231229,10:35:04,1.2,200,26800
20231229,10:35:05,1.2,1200,26800
20231229,10:35:16,1.25,1800,26800
20231229,10:35:31,1.2,700,26800
20231229,10:35:35,1.2,300,25800
20231229,10:35:52,1.2,750,25800
20231229,10:36:55,1.25,1400,25800
20231229,10:37:36,1.25,100,25800
20231229,10:38:04,1.25,700,25800
20231229,10:38:26,1.25,50,25550
20231229,10:38:59,1.3,300,25550
20231229,10:39:19,1.3,1850,25550
20231229,10:39:19,1.3,1400,25550
20231229,10:39:54,1.25,250,25550
20231229,10:39:56,1.3,500,25550
20231229,10:40:02,1.3,250,25550
20231229,10:40:20,1.35,250,25550
20231229,10:40:25,1.4,250,25550
20231229,10:40:44,1.35,2000,25550
20231229,10:40:55,1.3,250,25550
20231229,10:40:57,1.25,250,25550
20231229,10:41:41,1.35,1800,25550
20231229,10:42:07,1.35,250,27500
20231229,10:42:10,1.35,500,27500
20231229,10:42:35,1.35,2300,27500
20231229,10:42:42,1.35,100,27500
20231229,10:42:45,1.35,50,27500
20231229,10:43:00,1.4,1800,27500
20231229,10:43:11,1.4,550,27500
20231229,10:43:36,1.4,400,27500
20231229,10:43:37,1.4,50,27500
20231229,10:43:41,1.4,400,27500
20231229,10:43:46,1.45,1600,27500
20231229,10:43:48,1.45,50,27500
20231229,10:43:49,1.45,50,27500
20231229,10:43:52,1.45,100,27500
20231229,10:43:54,1.45,50,27500
20231229,10:43:57,1.45,200,27500
20231229,10:43:58,1.4,900,27500
20231229,10:44:09,1.4,3100,27500
20231229,10:44:23,1.4,50,27500
20231229,10:44:25,1.4,100,33600
20231229,10:44:31,1.45,1800,33600
20231229,10:44:32,1.45,750,33600
20231229,10:44:41,1.4,200,33600
20231229,10:45:01,1.4,300,33600
20231229,10:46:05,1.4,2450,33600
20231229,10:46:08,1.4,100,33600
20231229,10:46:24,1.4,50,33600
20231229,10:47:04,1.35,250,33600
20231229,10:47:21,1.3,250,36300
20231229,10:47:41,1.35,250,36300
20231229,10:48:16,1.3,500,36300
20231229,10:48:35,1.3,650,36300
20231229,10:48:36,1.3,50,36300
20231229,10:53:11,1.25,200,35950
20231229,10:57:46,1.25,50,36150
20231229,10:59:39,1.25,250,36150
20231229,11:02:49,1.25,100,36150
20231229,11:02:51,1.25,500,36150
20231229,11:02:56,1.2,150,36150
20231229,11:04:12,1.2,50,36150
20231229,11:12:58,1.2,500,36150
20231229,11:13:14,1.25,50,35750
20231229,11:13:37,1.2,50,35750
20231229,11:13:42,1.2,50,35750
20231229,11:14:18,1.2,50,35750
20231229,11:16:59,1.2,100,35750
20231229,11:20:13,1.2,400,35750
20231229,11:21:19,1.15,4550,35750
20231229,11:22:01,1.15,1300,35750
20231229,11:28:38,1.15,250,35750
20231229,11:29:08,1.15,350,38950
20231229,11:30:05,1.2,1500,38600
20231229,11:30:16,1.2,200,38600
20231229,11:42:01,1.2,250,38600
20231229,11:42:09,1.2,50,38600
20231229,11:42:26,1.2,250,38600
20231229,11:43:48,1.2,100,38600
20231229,12:04:28,1.2,350,38850
20231229,12:15:27,1.1,1400,38850
20231229,12:16:07,1.2,1800,39050
20231229,12:16:21,1.2,50,39050
20231229,12:19:17,1.25,500,39050
20231229,12:19:32,1.25,50,38650
20231229,12:21:13,1.25,100,39000
20231229,12:24:14,1.3,700,39000
20231229,12:24:14,1.3,800,38950
20231229,12:25:42,1.3,250,38950
20231229,12:25:53,1.3,400,38950
20231229,12:26:18,1.3,50,38950
20231229,12:26:59,1.3,50,38950
20231229,12:28:03,1.3,50,38900
20231229,12:30:27,1.25,500,38900
20231229,12:48:47,1.2,350,38650
20231229,12:48:47,1.2,50,38650
20231229,12:50:36,1.2,300,38650
20231229,12:51:13,1.2,150,38650
20231229,12:51:15,1.2,50,38650
20231229,12:51:52,1.25,150,38650
20231229,12:52:20,1.15,50,38650
20231229,12:52:24,1.25,150,38650
20231229,12:52:59,1.2,350,38650
20231229,12:53:11,1.2,350,38650
20231229,12:53:55,1.2,50,38650
20231229,12:53:57,1.25,100,38650
20231229,12:54:31,1.15,1300,38650
20231229,13:00:18,1.15,250,38650
20231229,13:04:00,1.2,50,38650
20231229,13:16:46,1.2,50,38650
20231229,13:16:52,1.2,300,38650
20231229,13:18:58,1.2,50,38650
20231229,13:21:22,1.2,50,38650
20231229,13:30:11,1.2,150,38650
20231229,13:30:24,1.2,150,38650
20231229,13:30:42,1.2,50,38650
20231229,13:30:43,1.2,50,38650
20231229,13:30:44,1.25,50,38650
20231229,13:31:19,1.2,150,38650
20231229,13:32:02,1.2,150,38650
20231229,13:33:10,1.2,150,38650
20231229,13:39:52,1.2,50,38650
20231229,13:39:56,1.25,150,38650
20231229,13:40:10,1.25,150,38650
20231229,13:40:40,1.2,400,38650
20231229,13:40:46,1.2,200,38650
20231229,13:40:47,1.2,50,38650
20231229,13:41:32,1.2,150,38650
20231229,13:41:32,1.15,400,38650
20231229,13:41:33,1.15,100,38650
20231229,13:42:03,1.2,250,38650
20231229,13:42:27,1.2,150,38650
20231229,13:42:58,1.15,200,38650
20231229,13:43:00,1.15,550,38650
20231229,13:43:02,1.15,900,38650
20231229,13:43:02,1.15,50,38650
20231229,13:50:21,1.2,650,38650
20231229,13:50:21,1.25,1800,38650
20231229,13:50:41,1.25,200,38650
20231229,13:50:42,1.25,50,38650
20231229,13:50:56,1.25,150,38700
20231229,13:50:57,1.25,50,38700
20231229,13:51:04,1.3,150,38700
20231229,13:51:39,1.3,250,38700
20231229,13:51:42,1.3,350,38700
20231229,13:51:56,1.3,250,38700
20231229,13:52:02,1.3,50,38700
20231229,13:52:03,1.35,1000,38700
20231229,13:52:04,1.3,200,38700
20231229,13:52:15,1.35,350,38700
20231229,13:52:16,1.35,500,38700
20231229,13:52:20,1.4,500,38700
20231229,13:52:32,1.4,300,38700
20231229,13:52:32,1.4,350,38700
20231229,13:53:01,1.35,50,38700
20231229,13:53:04,1.4,150,38700
20231229,13:53:25,1.4,50,38700
20231229,13:53:33,1.45,1000,38700
20231229,13:53:47,1.4,50,40750
20231229,13:53:51,1.45,350,40750
20231229,13:53:51,1.45,450,40750
20231229,13:53:52,1.55,2750,40750
20231229,13:54:00,1.5,350,40750
20231229,13:54:01,1.5,250,40750
20231229,13:54:03,1.5,50,40750
20231229,13:54:04,1.55,450,40750
20231229,13:54:05,1.55,2150,40750
20231229,13:55:02,1.55,150,40750
20231229,13:55:04,1.55,350,40750
20231229,13:55:06,1.5,450,40750
20231229,13:55:14,1.45,300,40750
20231229,13:55:15,1.45,550,40750
20231229,13:55:46,1.45,850,40750
20231229,13:55:55,1.45,50,40750
20231229,13:56:02,1.45,550,40750
20231229,13:56:19,1.45,50,40750
20231229,13:56:20,1.45,2300,40750
20231229,13:56:20,1.55,3400,40750
20231229,13:56:21,1.5,50,40750
20231229,13:56:23,1.5,50,40750
20231229,13:56:38,1.5,200,40750
20231229,13:56:44,1.5,50,40750
20231229,13:56:46,1.5,200,49450
20231229,13:57:02,1.5,650,49450
20231229,13:57:49,1.45,1800,49450
20231229,13:57:51,1.45,1200,49450
20231229,13:57:54,1.45,50,49450
20231229,13:58:02,1.5,150,49450
20231229,13:58:07,1.45,100,49450
20231229,13:58:58,1.5,400,49450
20231229,13:59:16,1.5,50,49450
20231229,14:00:00,1.45,1800,50250
20231229,14:00:02,1.4,2000,50250
20231229,14:00:03,1.45,100,50250
20231229,14:01:44,1.45,150,50250
20231229,14:02:28,1.4,200,50250
20231229,14:02:39,1.35,50,50250
20231229,14:10:45,1.35,1250,49400
20231229,14:10:54,1.35,100,49400
20231229,14:11:08,1.3,1850,49400
20231229,14:11:08,1.3,400,49400
20231229,14:11:09,1.3,50,49400
20231229,14:12:00,1.3,250,49400
20231229,14:12:42,1.3,250,51050
20231229,14:13:17,1.3,500,51050
20231229,14:15:28,1.3,250,52050
20231229,14:15:37,1.25,50,52050
20231229,14:15:39,1.25,50,52050
20231229,14:15:44,1.25,50,52050
20231229,14:16:05,1.25,50,52050
20231229,14:16:58,1.3,50,52050
20231229,14:18:01,1.25,50,52300
20231229,14:25:18,1.3,50,52300
20231229,14:25:25,1.3,50,52350
20231229,14:28:13,1.2,200,52400
20231229,14:31:39,1.2,1800,52400
20231229,14:32:38,1.25,200,52400
20231229,14:34:57,1.25,500,52400
20231229,14:35:51,1.2,250,50600
20231229,14:36:04,1.2,50,50100
20231229,14:39:16,1.25,750,50100
20231229,14:39:16,1.2,50,49800
20231229,14:40:46,1.2,50,49800
20231229,14:46:00,1.25,50,49800
20231229,14:54:31,1.15,100,49150
20231229,14:59:10,1.15,300,49150
20231229,14:59:54,1.15,50,49250
20231229,15:00:19,1.15,50,49250
20231229,15:00:56,1.2,450,49250
20231229,15:01:22,1.2,50,49250
20231229,15:01:37,1.2,50,49250
20231229,15:01:38,1.2,50,49250
20231229,15:02:15,1.2,250,49250
20231229,15:04:37,1.25,250,49250
20231229,15:04:40,1.2,250,48900
20231229,15:04:44,1.2,500,48900
20231229,15:05:02,1.35,750,48900
20231229,15:05:13,1.35,300,48900
20231229,15:05:14,1.25,50,48900
20231229,15:05:21,1.35,400,48900
20231229,15:05:36,1.3,1000,48900
20231229,15:05:38,1.3,500,48900
20231229,15:05:41,1.35,600,48900
20231229,15:08:06,1.35,50,50150
20231229,15:09:52,1.3,150,50150
20231229,15:10:00,1.3,100,50100
20231229,15:13:58,1.25,150,50100
20231229,15:14:02,1.2,400,50100
20231229,15:14:03,1.2,100,50100
20231229,15:14:45,1.25,250,50100
20231229,15:15:00,1.25,250,50100
20231229,15:15:51,1.25,250,50100
20231229,15:16:19,1.25,250,50100
20231229,15:16:36,1.25,250,50100
20231229,15:18:08,1.3,250,50100
20231229,15:18:36,1.2,1150,50100
20231229,15:18:48,1.3,100,50100
20231229,15:19:41,1.25,50,50100
20231229,15:24:38,1.25,100,50100
20231229,15:25:13,1.3,100,51650
20231229,15:25:16,1.3,100,51650
20231229,15:25:26,1.25,100,51650
20231229,15:25:37,1.3,100,51650
20231229,15:25:41,1.3,100,51650
20231229,15:25:42,1.3,100,51650
20231229,15:25:43,1.25,50,51650
20231229,15:25:44,1.3,300,51650
20231229,15:26:00,1.3,50,51650
20231229,15:26:09,1.25,500,51650
20231229,15:26:17,1.3,200,51650
20231229,15:26:26,1.25,2200,51650
20231229,15:26:34,1.25,100,51650
20231229,15:26:43,1.25,250,51650
20231229,15:27:39,1.2,300,51650
20231229,15:27:49,1.25,200,51750
20231229,15:29:07,1.3,100,51750
20231229,15:29:14,1.25,600,51750
20231229,15:29:40,1.2,200,51750
20231229,15:29:47,1.2,250,51750
20231229,15:29:47,1.25,600,51750
20231229,15:29:48,1.25,50,51750
20240101,09:15:06,1.3,1,51750
20240101,09:15:06,1.3,50,51750
20240101,09:15:07,1.3,300,51550
20240101,09:15:22,1.9,500,51550
20240101,09:15:50,1.9,1800,51550
20240101,09:15:51,1.5,200,51550
20240101,09:16:01,1.2,200,51550
20240101,09:16:06,1.2,100,51550
20240101,09:16:30,1.15,50,51550
20240101,09:16:40,1.15,50,51550
20240101,09:16:41,1.15,100,51550
20240101,09:16:42,1.15,200,51550
20240101,09:16:50,1.2,700,51550
20240101,09:17:07,1.2,50,51550
20240101,09:17:24,1.15,100,53750
20240101,09:17:32,1.15,50,53750
20240101,09:17:35,1.15,50,53750
20240101,09:17:50,1.15,50,53750
20240101,09:18:03,1.15,100,53750
20240101,09:18:13,1.15,50,53750
20240101,09:18:24,1.15,200,53750
20240101,09:18:39,1.15,150,53750
20240101,09:18:59,1.15,600,53750
20240101,09:20:17,1.15,100,53150
20240101,09:20:29,1.15,50,53150
20240101,09:21:02,1.15,400,53150
20240101,09:21:47,1.15,50,53150
20240101,09:21:51,1.15,200,53150
20240101,09:22:00,1.15,300,53150
20240101,09:22:07,1.15,50,53150
20240101,09:22:44,1.15,500,53150
20240101,09:24:18,1.2,50,51850
20240101,09:26:45,1.15,100,51850
20240101,09:32:58,1.15,100,51850
20240101,09:33:03,1.15,50,51850
20240101,09:34:16,1.1,150,51850
20240101,09:36:04,1.1,50,51850
20240101,09:36:27,1.2,250,51850
20240101,09:38:34,1.15,50,52000
20240101,09:38:45,1.1,200,52000
20240101,09:39:15,1.1,150,52000
20240101,09:40:02,1.1,50,52000
20240101,09:43:05,1.1,250,52000
20240101,09:50:06,1.15,50,52000
20240101,09:52:39,1.15,400,51850
20240101,09:52:56,1.2,550,51850
20240101,09:52:56,1.15,50,51850
20240101,09:54:40,1.25,200,51650
20240101,09:55:01,1.25,450,51650
20240101,09:55:03,1.3,2000,51650
20240101,09:55:05,1.4,5300,51650
20240101,09:55:07,1.4,300,51650
20240101,09:55:10,1.35,250,51650
20240101,09:55:11,1.35,50,51650
20240101,09:55:12,1.45,350,51650
20240101,09:55:13,1.45,600,51650
20240101,09:55:17,1.45,250,51650
20240101,09:55:19,1.4,50,51650
20240101,09:55:21,1.45,50,51650
20240101,09:55:42,1.35,1200,51650
20240101,09:55:43,1.35,400,51650
20240101,09:55:47,1.35,1000,51650
20240101,09:55:48,1.35,1200,51650
20240101,09:55:57,1.3,200,51650
20240101,09:56:05,1.3,50,51650
20240101,09:56:20,1.35,1400,51650
20240101,09:56:30,1.35,1800,57500
20240101,09:56:34,1.35,50,57500
20240101,09:56:35,1.35,50,57500
20240101,09:56:45,1.35,50,57500
20240101,09:56:46,1.35,1000,57500
20240101,09:57:03,1.35,250,57500
20240101,09:57:05,1.35,50,57500
20240101,09:57:06,1.35,50,57500
20240101,09:57:10,1.35,300,57500
20240101,09:57:12,1.4,100,57500
20240101,09:57:23,1.4,850,57500
20240101,09:57:26,1.45,1250,57500
20240101,09:57:27,1.4,200,57500
20240101,09:58:06,1.45,4450,57500
20240101,09:58:14,1.45,1100,57500
20240101,09:58:54,1.4,2150,57500
20240101,09:58:57,1.4,250,57500
20240101,09:59:25,1.35,100,57500
20240101,10:03:44,1.3,700,65350
20240101,10:03:46,1.3,50,65250
20240101,10:03:52,1.3,50,65250
20240101,10:05:09,1.3,50,65250
20240101,10:05:25,1.25,50,65600
20240101,10:06:42,1.3,50,65600
20240101,10:07:18,1.25,100,65600
20240101,10:07:19,1.25,50,65600
20240101,10:07:59,1.3,50,65600
20240101,10:08:36,1.3,50,65600
20240101,10:08:40,1.3,450,65600
20240101,10:09:02,1.3,250,65600
20240101,10:09:25,1.3,50,65600
20240101,10:10:29,1.3,50,65600
20240101,10:10:46,1.3,250,65600
20240101,10:20:06,1.25,1900,65600
20240101,10:21:30,1.25,300,64900
20240101,10:21:31,1.2,750,64900
20240101,10:24:31,1.2,600,64450
20240101,10:24:45,1.15,50,64450
20240101,10:24:46,1.15,100,64450
20240101,10:25:04,1.15,500,64450
20240101,10:25:14,1.15,50,64450
20240101,10:27:04,1.15,400,64400
20240101,10:27:04,1.15,200,64400
20240101,10:33:33,1.15,500,64550
20240101,10:34:25,1.15,50,64550
20240101,10:34:26,1.15,50,64550
20240101,10:36:16,1.15,50,64550
20240101,10:40:39,1.15,100,64500
20240101,10:40:46,1.15,500,64450
20240101,10:40:53,1.15,300,64450
20240101,10:41:23,1.15,450,64450
20240101,10:41:35,1.15,750,64600
20240101,10:41:36,1.15,100,64600
20240101,10:42:18,1.15,150,64600
20240101,10:44:27,1.15,50,64600
20240101,10:44:37,1.15,50,64600
20240101,10:46:34,1.15,50,64600
20240101,10:47:18,1.2,500,64600
20240101,10:47:40,1.2,1800,64600
20240101,10:47:45,1.2,50,65000
20240101,10:47:51,1.15,50,65000
20240101,10:48:00,1.15,50,65000
20240101,10:53:45,1.15,100,63200
20240101,10:54:26,1.25,500,63200
20240101,10:57:15,1.2,50,63500
20240101,10:57:40,1.2,500,63500
20240101,11:08:22,1.2,50,63000
20240101,11:08:25,1.2,50,63000
20240101,11:08:26,1.2,100,63000
20240101,11:08:26,1.2,150,63000
20240101,11:08:27,1.2,50,63000
20240101,11:08:28,1.2,100,63000
20240101,11:08:29,1.2,50,63000
20240101,11:09:12,1.2,200,62550
20240101,11:09:18,1.2,300,62550
20240101,11:12:35,1.15,50,62350
20240101,11:13:52,1.15,50,62350
20240101,11:19:14,1.2,150,62350
20240101,11:21:38,1.15,1300,62350
20240101,11:22:48,1.15,800,62500
20240101,11:22:49,1.15,950,62500
20240101,11:22:50,1.15,400,62500
20240101,11:28:34,1.15,50,62500
20240101,11:33:29,1.1,250,62000
20240101,11:36:38,1.1,1800,62000
20240101,11:36:39,1.1,1550,62250
20240101,11:36:41,1.1,50,62250
20240101,11:41:22,1.05,150,63600
20240101,11:46:00,1.05,100,63650
20240101,11:49:04,1.05,50,63700
20240101,11:53:13,1.05,500,63650
20240101,12:02:04,1.05,50,63650
20240101,12:02:20,1.05,50,63550
20240101,12:02:24,1.05,50,63550
20240101,12:03:32,1.05,50,63600
20240101,12:10:27,1.1,250,63550
20240101,12:10:28,1.1,150,63550
20240101,12:10:30,1.1,700,63550
20240101,12:10:30,1.1,400,63550
20240101,12:10:31,1.1,3800,63550
20240101,12:10:32,1.1,350,63550
20240101,12:10:34,1.0,950,63550
20240101,12:10:48,1.1,1850,63550
20240101,12:10:59,1.05,50,63550
20240101,12:10:59,1.15,500,63550
20240101,12:11:02,1.2,5450,63550
20240101,12:11:03,1.1,5000,63550
20240101,12:11:04,1.05,3900,63550
20240101,12:11:05,1.2,600,63550
20240101,12:11:06,1.1,750,63550
20240101,12:11:07,1.1,150,63550
20240101,12:11:08,1.1,550,63550
20240101,12:11:09,1.15,3500,63550
20240101,12:11:10,1.15,200,63550
20240101,12:11:11,1.0,4250,63550
20240101,12:11:12,1.15,6350,63550
20240101,12:11:13,1.2,2650,63550
20240101,12:11:14,1.15,2750,63550
20240101,12:11:15,1.1,6650,63550
20240101,12:11:16,1.1,950,63550
20240101,12:11:17,1.1,1300,63550
20240101,12:11:18,1.2,1100,63550
20240101,12:11:23,1.2,300,63550
20240101,12:11:24,1.1,50,63550
20240101,12:11:27,1.2,300,63550
20240101,12:11:28,1.35,1550,63550
20240101,12:11:29,1.2,250,63550
20240101,12:11:30,1.25,50,63550
20240101,12:11:31,1.2,300,63550
20240101,12:11:32,1.15,3100,63550
20240101,12:11:33,1.1,4200,63550
20240101,12:11:47,1.25,450,73250
20240101,12:11:52,1.2,250,73250
20240101,12:11:55,1.2,150,73250
20240101,12:11:57,1.2,450,73250
20240101,12:12:03,1.2,200,73250
20240101,12:12:08,1.25,5100,73250
20240101,12:12:09,1.45,2400,73250
20240101,12:12:10,1.25,150,73250
20240101,12:12:11,1.25,200,73250
20240101,12:12:12,1.2,1450,73250
20240101,12:12:14,1.3,2450,73250
20240101,12:12:15,1.25,650,73250
20240101,12:12:17,1.3,1750,73250
20240101,12:12:19,1.35,3200,73250
20240101,12:12:20,1.25,1350,73250
20240101,12:12:22,1.35,2950,73250
20240101,12:12:23,1.3,50,73250
20240101,12:12:24,1.4,4050,73250
20240101,12:12:32,1.4,50,73250
20240101,12:12:45,1.35,400,73250
20240101,12:12:46,1.3,1550,73250
20240101,12:13:03,1.25,250,73250
20240101,12:13:10,1.35,250,73250
20240101,12:13:11,1.35,600,73250
20240101,12:13:12,1.4,2600,73250
20240101,12:13:27,1.35,200,73250
20240101,12:13:59,1.35,1800,73250
20240101,12:14:01,1.3,5150,73250
20240101,12:14:08,1.35,1500,73250
20240101,12:14:38,1.4,450,73250
20240101,12:14:41,1.4,50,73250
20240101,12:15:09,1.4,2050,87700
20240101,12:15:13,1.35,100,87700
20240101,12:15:23,1.4,50,87700
20240101,12:15:47,1.35,200,87700
20240101,12:15:49,1.35,150,87700
20240101,12:15:52,1.35,50,87700
20240101,12:15:57,1.35,50,87700
20240101,12:16:02,1.4,600,87700
20240101,12:16:07,1.3,9350,87700
20240101,12:16:08,1.3,3100,87700
20240101,12:16:10,1.35,950,87700
20240101,12:16:11,1.25,5550,87700
20240101,12:16:12,1.4,4550,87700
20240101,12:16:14,1.4,50,87700
20240101,12:16:15,1.4,1150,87700
20240101,12:16:58,1.3,300,87700
20240101,12:17:03,1.3,50,87700
20240101,12:17:04,1.3,50,87700
20240101,12:17:05,1.3,50,87700
20240101,12:17:06,1.3,50,87700
20240101,12:17:07,1.3,50,87700
20240101,12:17:30,1.3,300,87700
20240101,12:17:32,1.3,150,87700
20240101,12:17:43,1.3,1800,90850
20240101,12:17:44,1.3,50,90850
20240101,12:18:14,1.25,3150,90850
20240101,12:19:17,1.25,300,90850
20240101,12:19:18,1.2,50,90850
20240101,12:19:44,1.25,300,90850
20240101,12:20:08,1.2,550,90850
20240101,12:20:09,1.2,350,90850
20240101,12:20:12,1.2,350,90850
20240101,12:20:14,1.2,300,90850
20240101,12:20:15,1.2,100,90850
20240101,12:20:19,1.15,150,90850
20240101,12:20:33,1.2,250,90850
20240101,12:21:48,1.2,300,90850
20240101,12:21:55,1.2,200,89550
20240101,12:22:00,1.2,150,89550
20240101,12:22:02,1.2,50,89550
20240101,12:22:05,1.2,50,89550
20240101,12:22:07,1.2,50,89550
20240101,12:22:10,1.2,50,89550
20240101,12:22:12,1.2,50,89550
20240101,12:22:15,1.2,50,89550
20240101,12:22:18,1.2,50,89550
20240101,12:22:29,1.15,250,89550
20240101,12:24:10,1.2,150,88950
20240101,12:28:56,1.2,400,88950
20240101,12:29:15,1.15,250,88950
20240101,12:30:15,1.15,250,88950
20240101,12:30:16,1.15,100,88600
20240101,12:37:23,1.15,100,88600
20240101,12:40:32,1.15,700,88650
20240101,12:40:43,1.15,50,88650
20240101,12:41:36,1.15,50,88650
20240101,12:47:32,1.15,250,88150
20240101,12:50:26,1.15,600,88150
20240101,12:50:49,1.15,50,88000
20240101,12:51:14,1.15,50,88000
20240101,12:52:38,1.2,400,88000
20240101,12:52:42,1.2,350,88000
20240101,12:52:44,1.2,250,88000
20240101,12:54:36,1.2,550,87150
20240101,13:00:13,1.2,400,87600
20240101,13:02:21,1.15,1250,87600
20240101,13:03:24,1.2,350,87300
20240101,13:10:31,1.3,4650,87000
20240101,13:12:58,1.25,100,87000
20240101,13:13:32,1.2,250,86600
20240101,13:16:04,1.25,50,86600
20240101,13:16:07,1.2,100,86700
20240101,13:24:08,1.25,1900,86700
20240101,13:24:31,1.2,200,86600
20240101,13:24:45,1.2,50,86600
20240101,13:24:46,1.25,1800,86600
20240101,13:34:58,1.25,700,86600
20240101,13:40:41,1.2,1800,85700
20240101,13:40:44,1.2,1800,85700
20240101,13:40:44,1.2,50,85700
20240101,13:44:27,1.2,150,86100
20240101,13:50:37,1.25,1800,86100
20240101,13:50:39,1.25,1800,86000
20240101,13:51:37,1.3,450,85150
20240101,13:52:23,1.25,250,85150
20240101,13:57:10,1.25,200,85150
20240101,13:59:09,1.3,700,85050
20240101,13:59:12,1.3,100,85050
20240101,13:59:13,1.35,1350,85050
20240101,13:59:16,1.35,50,85050
20240101,13:59:21,1.45,1200,85050
20240101,13:59:27,1.45,50,85050
20240101,13:59:31,1.45,50,85050
20240101,13:59:50,1.4,50,85050
20240101,13:59:52,1.35,250,85050
20240101,14:00:13,1.4,1300,87400
20240101,14:00:21,1.45,2200,87400
20240101,14:00:33,1.4,250,87400
20240101,14:00:40,1.4,1800,87400
20240101,14:01:16,1.35,800,87400
20240101,14:01:18,1.4,450,87400
20240101,14:01:30,1.35,1050,87400
20240101,14:01:33,1.35,4050,87400
20240101,14:01:34,1.35,200,87400
20240101,14:01:37,1.4,100,87400
20240101,14:01:37,1.4,300,87400
20240101,14:02:13,1.45,600,87400
20240101,14:02:16,1.45,1300,87400
20240101,14:02:17,1.4,4150,87400
20240101,14:02:44,1.45,550,87400
20240101,14:02:50,1.55,4050,87400
20240101,14:02:51,1.55,300,87400
20240101,14:02:52,1.5,50,87400
20240101,14:03:07,1.45,2000,97500
20240101,14:03:10,1.45,400,97500
20240101,14:03:17,1.45,800,97500
20240101,14:03:19,1.45,1100,97500
20240101,14:03:28,1.45,1250,97500
20240101,14:03:49,1.5,650,97500
20240101,14:03:50,1.5,250,97500
20240101,14:04:13,1.45,300,97500
20240101,14:04:15,1.5,500,97500
20240101,14:04:15,1.5,1250,97500
20240101,14:04:22,1.55,500,97500
20240101,14:04:28,1.55,100,97500
20240101,14:04:29,1.6,100,97500
20240101,14:04:36,1.6,450,97500
20240101,14:04:42,1.55,2350,97500
20240101,14:04:46,1.5,600,97500
20240101,14:05:10,1.6,250,97500
20240101,14:05:19,1.65,150,97500
20240101,14:05:21,1.6,300,97500
20240101,14:05:27,1.5,50,97500
20240101,14:05:28,1.65,50,97500
20240101,14:05:29,1.65,350,97500
20240101,14:05:35,1.65,50,97500
20240101,14:05:37,1.7,1800,97500
20240101,14:05:41,1.7,1750,97500
20240101,14:05:47,1.65,450,97500
20240101,14:05:56,1.65,450,97500
20240101,14:06:04,1.6,500,97500
20240101,14:06:05,1.6,900,100250
20240101,14:06:11,1.65,250,100250
20240101,14:06:12,1.6,300,100250
20240101,14:06:13,1.6,250,100250
20240101,14:06:22,1.6,650,100250
20240101,14:06:34,1.6,100,100250
20240101,14:06:37,1.6,1050,100250
20240101,14:06:50,1.6,1050,100250
20240101,14:06:50,1.65,3600,100250
20240101,14:06:54,1.7,300,100250
20240101,14:07:37,1.6,400,100250
20240101,14:07:44,1.55,250,100250
20240101,14:07:53,1.65,1800,100250
20240101,14:08:13,1.65,100,100250
20240101,14:08:18,1.65,150,100250
20240101,14:08:27,1.6,250,100250
20240101,14:08:44,1.55,100,100250
20240101,14:10:51,1.55,700,100250
20240101,14:11:06,1.6,1500,105400
20240101,14:11:33,1.65,1600,105400
20240101,14:11:39,1.65,600,105400
20240101,14:12:16,1.7,400,105400
20240101,14:12:18,1.65,300,107900
20240101,14:12:32,1.65,1350,107900
20240101,14:12:34,1.65,150,107900
20240101,14:12:44,1.65,200,107900
20240101,14:14:07,1.7,250,107900
20240101,14:14:25,1.7,200,107900
20240101,14:14:57,1.7,50,107900
20240101,14:15:12,1.7,250,108100
20240101,14:15:14,1.7,1300,108100
20240101,14:16:08,1.65,5400,108100
20240101,14:16:51,1.7,1400,108100
20240101,14:17:20,1.7,700,108100
20240101,14:17:46,1.75,400,108100
20240101,14:17:47,1.75,500,108100
20240101,14:17:48,1.75,100,108100
20240101,14:17:53,1.8,3300,108100
20240101,14:17:54,1.9,2700,108100
20240101,14:17:59,1.9,1400,116200
20240101,14:18:04,1.85,650,116200
20240101,14:18:06,1.85,1000,116200
20240101,14:18:15,1.85,200,116200
20240101,14:18:30,1.85,800,116200
20240101,14:18:33,1.85,50,116200
20240101,14:18:37,1.9,1000,116200
20240101,14:18:40,1.85,900,116200
20240101,14:18:42,1.85,250,116200
20240101,14:18:45,1.85,450,116200
20240101,14:18:48,1.85,450,116200
20240101,14:18:49,1.9,350,116200
20240101,14:18:50,1.9,100,116200
20240101,14:19:05,1.9,1800,116200
20240101,14:19:06,2.05,4650,116200
20240101,14:19:08,2.05,50,116200
20240101,14:19:23,2.05,550,116200
20240101,14:19:38,1.85,650,116200
20240101,14:19:45,1.85,50,116200
20240101,14:19:48,1.85,1450,116200
20240101,14:19:49,1.8,1200,116200
20240101,14:20:38,1.8,2000,116200
20240101,14:20:40,1.8,150,116200
20240101,14:20:42,1.8,50,116200
20240101,14:21:23,1.8,800,116200
20240101,14:21:40,1.8,1000,120750
20240101,14:21:45,1.75,1000,120750
20240101,14:22:16,1.8,200,120750
20240101,14:22:18,1.8,350,120750
20240101,14:22:34,1.75,1800,120750
20240101,14:22:39,1.75,1200,120750
20240101,14:22:50,1.7,1000,120750
20240101,14:23:01,1.75,200,120750
20240101,14:23:04,1.7,1800,120750
20240101,14:23:08,1.7,450,120750
20240101,14:23:09,1.65,1000,120750
20240101,14:23:15,1.7,400,120750
20240101,14:23:19,1.7,2300,120750
20240101,14:23:21,1.7,50,120750
20240101,14:23:39,1.7,350,120750
20240101,14:23:44,1.7,1800,120750
20240101,14:23:45,1.7,1750,120750
20240101,14:23:46,1.7,50,120750
20240101,14:23:51,1.7,250,120750
20240101,14:24:15,1.7,250,120750
20240101,14:24:27,1.7,1150,122250
20240101,14:24:27,1.7,200,122250
20240101,14:24:29,1.7,300,122250
20240101,14:24:59,1.7,500,122250
20240101,14:25:20,1.7,300,122250
20240101,14:26:19,1.7,250,122250
20240101,14:27:54,1.7,100,122250
20240101,14:27:56,1.7,1550,121150
20240101,14:28:24,1.7,200,121150
20240101,14:28:25,1.7,50,121150
20240101,14:33:48,1.65,1000,121150
20240101,14:35:06,1.7,50,121500
20240101,14:35:26,1.65,50,121500
20240101,14:36:39,1.65,800,121500
20240101,14:36:39,1.65,1200,121700
20240101,14:36:41,1.65,800,121700
20240101,14:38:45,1.6,200,121700
20240101,14:39:15,1.6,500,121700
20240101,14:39:16,1.6,50,122300
20240101,14:39:17,1.6,50,122300
20240101,14:39:19,1.6,50,122300
20240101,14:39:44,1.6,350,122300
20240101,14:39:46,1.6,200,122300
20240101,14:41:09,1.6,450,122300
20240101,14:41:13,1.6,900,122300
20240101,14:41:14,1.65,50,122300
20240101,14:42:25,1.65,150,122300
20240101,14:42:46,1.65,650,123050
20240101,14:42:47,1.65,300,123050
20240101,14:42:48,1.7,200,123050
20240101,14:43:09,1.7,1500,123050
20240101,14:43:24,1.75,1800,123050
20240101,14:43:50,1.75,250,123050
20240101,14:43:53,1.8,1800,123050
20240101,14:43:56,1.8,50,123050
20240101,14:44:02,1.85,750,123050
20240101,14:44:06,1.85,2350,123050
20240101,14:44:09,1.9,300,123050
20240101,14:44:17,1.85,50,123050
20240101,14:44:24,1.85,350,123050
20240101,14:45:07,1.8,1000,123050
20240101,14:45:34,1.85,50,128650
20240101,14:46:05,1.85,400,128650
20240101,14:46:07,1.85,150,128650
20240101,14:46:36,1.85,400,128650
20240101,14:47:13,1.8,200,128650
20240101,14:47:13,1.8,450,128650
20240101,14:47:16,1.8,200,128650
20240101,14:47:27,1.8,1200,128650
20240101,14:47:35,1.8,600,128650
20240101,14:48:06,1.8,250,129000
20240101,14:48:21,1.75,600,129000
20240101,14:48:24,1.75,600,129000
20240101,14:48:35,1.75,50,129000
20240101,14:48:36,1.75,150,129000
20240101,14:48:53,1.75,350,129000
20240101,14:49:13,1.8,250,129000
20240101,14:50:01,1.8,150,129000
20240101,14:50:28,1.85,450,129000
20240101,14:51:00,1.8,150,129000
20240101,14:53:01,1.75,200,129200
20240101,14:53:07,1.75,200,129200
20240101,14:53:28,1.75,1250,129200
20240101,14:53:29,1.75,250,129200
20240101,14:53:42,1.7,200,129200
20240101,14:53:44,1.7,1250,129200
20240101,14:53:45,1.75,250,129200
20240101,14:53:50,1.7,1000,129200
20240101,14:53:53,1.75,50,129200
20240101,14:54:15,1.75,50,128200
20240101,14:54:51,1.75,400,128200
20240101,14:55:58,1.75,50,128200
20240101,14:59:32,1.8,950,127750
20240101,14:59:50,1.85,850,127750
20240101,15:01:02,1.8,250,129050
20240101,15:01:05,1.8,250,129050
20240101,15:01:08,1.8,350,129050
20240101,15:01:42,1.7,900,129050
20240101,15:01:55,1.7,250,129050
20240101,15:02:05,1.65,1300,129050
20240101,15:02:08,1.7,250,129050
20240101,15:03:47,1.65,400,131100
20240101,15:04:05,1.6,450,131100
20240101,15:04:06,1.65,1200,131100
20240101,15:04:07,1.6,500,131100
20240101,15:04:28,1.65,100,131100
20240101,15:04:50,1.65,400,131100
20240101,15:04:51,1.65,200,131100
20240101,15:05:02,1.7,250,131100
20240101,15:05:06,1.7,750,131100
20240101,15:05:08,1.7,1100,131100
20240101,15:05:09,1.7,500,131100
20240101,15:05:17,1.7,1200,131100
20240101,15:05:19,1.7,50,131100
20240101,15:05:25,1.65,200,131100
20240101,15:06:33,1.65,800,131100
20240101,15:06:33,1.65,1400,129050
20240101,15:07:57,1.65,650,129050
20240101,15:08:53,1.65,150,129050
20240101,15:09:01,1.65,250,129050
20240101,15:09:04,1.65,50,129050
20240101,15:10:17,1.65,50,129050
20240101,15:11:33,1.55,1200,129150
20240101,15:11:35,1.55,250,129150
20240101,15:11:52,1.55,250,129150
20240101,15:11:55,1.55,300,129150
20240101,15:11:58,1.55,250,129150
20240101,15:11:59,1.55,50,129150
20240101,15:12:37,1.5,50,129550
20240101,15:15:14,1.45,150,129500
20240101,15:15:21,1.45,500,129500
20240101,15:16:49,1.45,50,129500
20240101,15:17:02,1.5,800,129500
20240101,15:17:19,1.45,850,129500
20240101,15:17:23,1.4,450,129500
20240101,15:17:36,1.4,450,129500
20240101,15:17:46,1.4,450,129500
20240101,15:18:16,1.45,300,129500
20240101,15:18:18,1.45,500,129100
20240101,15:18:27,1.45,50,129100
20240101,15:19:13,1.45,400,129100
20240101,15:19:34,1.45,250,129100
20240101,15:21:18,1.45,2300,129100
20240101,15:22:06,1.5,500,128450
20240101,15:22:49,1.45,250,128450
20240101,15:23:39,1.5,200,128450
20240101,15:23:42,1.5,200,128450
20240101,15:24:55,1.5,200,128500
20240101,15:25:00,1.55,100,128500
20240101,15:25:02,1.45,2100,128500
20240101,15:25:08,1.5,100,128500
20240101,15:25:09,1.5,100,128500
20240101,15:25:10,1.5,100,128500
20240101,15:25:11,1.5,100,128500
20240101,15:25:21,1.5,100,128500
20240101,15:25:24,1.4,1000,128500
20240101,15:25:29,1.4,550,128500
20240101,15:25:30,1.4,100,128500
20240101,15:25:32,1.45,700,128500
20240101,15:25:33,1.45,1050,128500
20240101,15:25:38,1.35,250,128500
20240101,15:26:02,1.35,250,128500
20240101,15:26:04,1.35,350,128500
20240101,15:26:22,1.3,750,128500
20240101,15:26:26,1.3,100,128500
20240101,15:26:30,1.3,50,128500
20240101,15:26:49,1.4,1200,128500
20240101,15:26:50,1.4,800,128500
20240101,15:27:46,1.35,400,124700
20240101,15:27:55,1.35,1800,124700
20240101,15:28:02,1.3,50,124700
20240101,15:28:03,1.3,450,124700
20240101,15:28:38,1.4,200,124700
20240101,15:28:52,1.35,1800,124700
20240101,15:29:11,1.4,750,124700
20240101,15:29:12,1.4,300,124700
20240101,15:29:55,1.35,50,124700
20240102,09:15:00,1.1,1,122450
20240102,09:15:00,1.1,1100,122450
20240102,09:15:01,1.35,300,122450
20240102,09:15:03,1.35,50,122450
20240102,09:15:12,1.25,100,122450
20240102,09:15:15,1.2,1400,122450
20240102,09:15:16,1.15,450,122450
20240102,09:15:47,1.25,400,122450
20240102,09:15:52,1.15,750,122450
20240102,09:15:54,1.25,450,122450
20240102,09:15:57,1.25,550,122450
20240102,09:15:59,1.15,350,122450
20240102,09:16:15,1.2,400,122450
20240102,09:16:31,1.2,600,122450
20240102,09:16:32,1.2,250,122450
20240102,09:17:08,1.2,50,122450
20240102,09:20:38,1.2,250,121950
20240102,09:23:24,1.15,250,121900
20240102,09:24:48,1.1,150,121900
20240102,09:25:10,1.1,250,121900
20240102,09:25:11,1.1,250,121900
20240102,09:25:17,1.1,1150,121900
20240102,09:25:29,1.15,700,121900
20240102,09:25:33,1.15,250,121900
20240102,09:25:55,1.15,50,121900
20240102,09:26:04,1.15,400,121900
20240102,09:26:05,1.1,1800,121900
20240102,09:26:07,1.15,300,121900
20240102,09:26:38,1.1,1300,121900
20240102,09:26:38,1.1,2000,120400
20240102,09:26:59,1.1,650,120400
20240102,09:27:09,1.05,2050,120400
20240102,09:27:13,1.05,50,120400
20240102,09:29:50,1.15,200,118250
20240102,09:29:54,1.15,200,118250
20240102,09:30:55,1.2,200,118250
20240102,09:30:56,1.2,800,118250
20240102,09:30:57,1.2,200,118250
20240102,09:30:58,1.2,200,118250
20240102,09:31:05,1.2,200,118250
20240102,09:31:07,1.2,600,118250
20240102,09:31:07,1.2,400,118250
20240102,09:34:05,1.15,650,116150
20240102,09:34:06,1.1,600,116150
20240102,09:34:18,1.1,300,116150
20240102,09:34:18,1.1,200,116150
20240102,09:38:54,1.15,200,116000
20240102,09:43:33,1.1,50,116200
20240102,09:43:36,1.1,50,116200
20240102,09:44:17,1.1,2600,116200
20240102,09:44:17,1.1,550,116200
20240102,09:44:21,1.1,350,116200
20240102,09:44:22,1.1,50,116200
20240102,09:44:23,1.1,50,116200
20240102,09:44:24,1.1,50,116200
20240102,09:47:35,1.1,250,116500
20240102,09:54:22,1.1,900,116300
20240102,09:55:01,1.1,250,116300
20240102,09:55:05,1.1,250,116300
20240102,09:57:13,1.05,1800,116300
20240102,09:57:17,1.05,1800,117700
20240102,09:57:39,1.0,1800,117700
20240102,09:57:41,1.0,500,117700
20240102,09:58:07,1.0,1850,117700
20240102,09:58:08,1.0,500,117700
20240102,09:58:32,0.95,1800,117700
20240102,09:59:47,0.95,300,117700
20240102,09:59:53,1.0,1000,109300
20240102,09:59:54,1.0,1000,109300
20240102,10:00:07,0.95,2000,109300
20240102,10:00:35,0.9,100,109300
20240102,10:00:40,0.9,1800,109300
20240102,10:00:44,0.9,250,109300
20240102,10:00:48,0.9,50,109300
20240102,10:01:03,0.9,850,109300
20240102,10:01:06,0.85,1800,109300
20240102,10:01:07,0.85,400,109300
20240102,10:01:10,0.85,100,109300
20240102,10:01:11,0.9,300,109300
20240102,10:01:13,0.85,5450,109300
20240102,10:01:20,0.85,250,109300
20240102,10:01:27,0.9,50,109300
20240102,10:01:41,0.85,750,109300
20240102,10:01:42,0.85,50,109300
20240102,10:01:54,0.9,1800,109300
20240102,10:01:59,0.85,150,109300
20240102,10:02:05,0.85,350,109300
20240102,10:02:06,0.85,300,109300
20240102,10:02:32,0.9,300,109300
20240102,10:02:39,0.85,350,98950
20240102,10:03:08,0.75,4100,98950
20240102,10:03:13,0.85,50,98950
20240102,10:03:38,0.7,3650,98950
20240102,10:03:46,0.7,500,98950
20240102,10:03:51,0.75,500,98950
20240102,10:03:56,0.75,250,98950
20240102,10:04:07,0.75,850,98950
20240102,10:04:25,0.8,200,98950
20240102,10:04:29,0.8,50,98950
20240102,10:04:37,0.8,200,98950
20240102,10:04:45,0.8,200,98950
20240102,10:04:46,0.85,200,98950
20240102,10:05:08,0.75,1150,98950
20240102,10:05:16,0.85,400,98950
20240102,10:06:01,0.85,900,95250
20240102,10:06:36,0.85,50,95250
20240102,10:07:26,0.8,1250,95250
20240102,10:07:51,0.85,250,95250
20240102,10:08:19,0.9,50,95250
20240102,10:08:37,0.85,200,96100
20240102,10:09:22,0.9,350,96100
20240102,10:10:22,0.95,50,96100
20240102,10:11:49,0.95,100,96100
20240102,10:13:42,0.9,100,96100
20240102,10:14:02,0.9,50,96100
20240102,10:21:58,0.95,100,96150
20240102,10:22:18,0.9,50,96150
20240102,10:28:12,0.9,450,96150
20240102,10:28:13,0.85,2050,96150
20240102,10:28:29,0.85,450,96150
20240102,10:28:51,0.85,850,96150
20240102,10:28:55,0.8,1800,96150
20240102,10:29:03,0.8,2000,96150
20240102,10:29:04,0.8,2000,96150
20240102,10:29:05,0.75,50,96150
20240102,10:29:06,0.75,250,96150
20240102,10:29:07,0.75,100,96150
20240102,10:29:09,0.75,1850,96150
20240102,10:29:14,0.75,2050,96150
20240102,10:29:15,0.75,50,96150
20240102,10:29:32,0.8,2000,92800
20240102,10:29:33,0.8,1200,92800
20240102,10:29:34,0.75,1800,92800
20240102,10:30:23,0.75,50,92800
20240102,10:30:24,0.75,200,92800
20240102,10:30:33,0.75,450,92800
20240102,10:30:36,0.75,100,92800
20240102,10:30:37,0.8,700,92800
20240102,10:30:39,0.7,300,92800
20240102,10:30:42,0.7,50,92800
20240102,10:30:44,0.7,1800,92800
20240102,10:30:48,0.75,250,92800
20240102,10:30:50,0.75,1600,92800
20240102,10:31:00,0.75,50,92800
20240102,10:31:04,0.75,800,92800
20240102,10:31:09,0.7,1850,92800
20240102,10:31:19,0.7,50,92800
20240102,10:32:07,0.7,150,92800
20240102,10:32:11,0.7,1800,92800
20240102,10:32:17,0.7,1800,92800
20240102,10:32:22,0.75,100,92800
20240102,10:32:30,0.75,3600,87050
20240102,10:32:38,0.75,1800,87050
20240102,10:32:41,0.75,50,87050
20240102,10:33:52,0.8,3800,87050
20240102,10:33:53,0.8,250,87050
20240102,10:34:23,0.8,100,87050
20240102,10:34:24,0.8,150,87050
20240102,10:34:52,0.75,1500,87050
20240102,10:35:14,0.75,1100,87050
20240102,10:35:15,0.75,50,87050
20240102,10:35:19,0.75,50,87050
20240102,10:36:26,0.75,50,87050
20240102,10:36:45,0.8,100,79250
20240102,10:36:47,0.8,200,79250
20240102,10:36:58,0.8,50,79250
20240102,10:37:31,0.85,100,79250
20240102,10:37:40,0.8,50,79250
20240102,10:38:12,0.8,100,79250
20240102,10:38:13,0.8,300,79250
20240102,10:38:14,0.75,200,79250
20240102,10:38:29,0.75,50,79250
20240102,10:38:35,0.75,50,79100
20240102,10:39:35,0.75,50,79100
20240102,10:39:36,0.8,50,79100
20240102,10:39:36,0.8,400,79100
20240102,10:39:38,0.8,100,79100
20240102,10:39:56,0.85,250,79100
20240102,10:40:58,0.85,300,79100
20240102,10:41:06,0.8,400,79100
20240102,10:41:12,0.8,50,79100
20240102,10:41:53,0.8,250,78900
20240102,10:42:06,0.8,1200,78900
20240102,10:42:15,0.8,600,78900
20240102,10:42:37,0.85,100,78900
20240102,10:42:38,0.8,2200,78900
20240102,10:43:06,0.75,1800,78900
20240102,10:43:14,0.8,800,78900
20240102,10:44:45,0.8,150,78900
20240102,10:44:55,0.8,50,77150
20240102,10:44:56,0.8,50,77150
20240102,10:45:12,0.8,1600,77150
20240102,10:45:47,0.85,250,77150
20240102,10:57:17,0.85,100,75900
20240102,10:59:07,0.85,100,75900
20240102,10:59:08,0.85,250,75900
20240102,10:59:08,0.85,500,75900
20240102,10:59:09,0.85,250,75900
20240102,10:59:13,0.85,300,75900
20240102,10:59:14,0.85,550,75900
20240102,10:59:38,0.8,250,75900
20240102,10:59:40,0.8,250,76900
20240102,11:01:39,0.8,500,76900
20240102,11:01:54,0.8,700,76900
20240102,11:02:12,0.8,100,76900
20240102,11:02:47,0.8,1250,76000
20240102,11:04:07,0.8,50,76000
20240102,11:04:08,0.8,50,76000
20240102,11:04:09,0.8,250,76000
20240102,11:05:41,0.9,250,76000
20240102,11:05:55,0.9,250,76450
20240102,11:07:05,0.8,100,76450
20240102,11:12:06,0.9,250,76500
20240102,11:12:06,0.9,50,76500
20240102,11:12:10,0.85,650,76500
20240102,11:12:12,0.9,300,76500
20240102,11:13:04,0.85,50,76500
20240102,11:13:19,0.95,100,76500
20240102,11:13:21,0.95,100,76500
20240102,11:17:24,0.9,50,76500
20240102,11:17:54,0.9,50,76750
20240102,11:17:56,0.9,100,76750
20240102,11:17:57,0.9,600,76750
20240102,11:17:59,0.85,100,76750
20240102,11:18:00,0.9,50,76750
20240102,11:18:01,0.85,100,76750
20240102,11:18:05,0.9,500,76750
20240102,11:18:06,0.85,500,76750
20240102,11:18:08,0.9,550,76750
20240102,11:18:26,0.9,550,76750
20240102,11:18:27,0.85,500,76750
20240102,11:18:29,0.85,50,76750
20240102,11:18:45,0.85,800,76750
20240102,11:18:55,0.85,100,76750
20240102,11:18:57,0.85,250,76750
20240102,11:19:41,0.9,100,76750
20240102,11:19:50,0.9,50,76750
20240102,11:19:56,0.9,100,76750
20240102,11:20:07,0.9,50,76750
20240102,11:20:12,0.9,100,76750
20240102,11:21:28,0.9,200,76750
20240102,11:22:03,0.9,50,75300
20240102,11:22:13,0.85,50,75300
20240102,11:23:59,0.85,100,75300
20240102,11:24:59,0.9,100,75300
20240102,11:27:24,0.85,300,75300
20240102,11:27:27,0.85,150,75200
20240102,11:27:35,0.85,50,75200
20240102,11:27:42,0.85,50,75200
20240102,11:27:46,0.85,50,75200
20240102,11:28:22,0.85,250,75200
20240102,11:28:33,0.85,250,75200
20240102,11:30:11,0.85,650,75200
20240102,11:31:10,0.85,50,74600
20240102,11:31:56,0.85,250,74600
20240102,11:32:45,0.9,100,74550
20240102,11:38:23,0.9,150,74550
20240102,11:50:27,0.85,1550,74800
20240102,11:50:28,0.85,300,74800
20240102,11:52:11,0.85,50,74800
20240102,11:53:03,0.8,50,74000
20240102,11:53:58,0.9,50,74050
20240102,12:00:19,0.85,100,74050
20240102,12:00:29,0.85,50,74100
20240102,12:00:35,0.85,250,74100
20240102,12:00:54,0.85,1250,74100
20240102,12:01:07,0.85,700,74100
20240102,12:02:13,0.85,500,74100
20240102,12:02:14,0.85,950,74100
20240102,12:02:15,0.8,2100,74100
20240102,12:02:38,0.8,100,74100
20240102,12:02:43,0.8,100,74300
20240102,12:03:04,0.8,1800,74300
20240102,12:03:09,0.8,250,74300
20240102,12:03:16,0.8,800,74300
20240102,12:03:16,0.8,1000,74300
20240102,12:04:46,0.8,250,74300
20240102,12:04:47,0.8,300,74300
20240102,12:07:17,0.75,1800,74300
20240102,12:07:25,0.8,50,72100
20240102,12:07:33,0.8,250,72100
20240102,12:07:37,0.8,50,72100
20240102,12:07:42,0.8,50,72100
20240102,12:12:17,0.8,800,71550
20240102,12:16:09,0.8,250,71650
20240102,12:16:10,0.8,250,71650
20240102,12:16:11,0.8,300,71650
20240102,12:16:11,0.8,100,71650
20240102,12:16:13,0.8,400,71650
20240102,12:16:18,0.8,50,71650
20240102,12:16:26,0.8,50,71650
20240102,12:17:17,0.75,50,71650
20240102,12:17:39,0.75,50,71650
20240102,12:17:50,0.75,150,71650
20240102,12:20:50,0.8,500,71850
20240102,12:20:52,0.8,650,71850
20240102,12:21:05,0.8,250,71850
20240102,12:21:06,0.8,500,71850
20240102,12:21:20,0.75,550,71850
20240102,12:21:35,0.8,150,71850
20240102,12:21:58,0.75,650,71850
20240102,12:22:03,0.8,250,71850
20240102,12:22:04,0.8,300,71850
20240102,12:22:13,0.8,50,71850
20240102,12:24:29,0.75,50,71850
20240102,12:26:21,0.85,50,72150
20240102,12:30:59,0.75,500,72150
20240102,12:31:01,0.75,250,72150
20240102,12:31:02,0.75,250,72150
20240102,12:34:15,0.75,500,71750
20240102,12:37:54,0.8,850,71750
20240102,12:38:31,0.8,500,71250
20240102,12:38:32,0.75,500,71250
20240102,12:38:39,0.8,950,71250
20240102,12:44:28,0.75,850,71700
20240102,12:57:39,0.75,50,71700
20240102,13:04:16,0.85,250,71300
20240102,13:11:02,0.75,250,71250
20240102,13:12:01,0.75,50,71500
20240102,13:12:57,0.75,50,71750
20240102,13:17:58,0.75,50,71850
20240102,13:18:01,0.75,50,71850
20240102,13:18:05,0.75,250,71850
20240102,13:18:42,0.7,50,71850
20240102,13:25:50,0.75,100,71450
20240102,13:32:06,0.75,150,71450
20240102,13:32:45,0.75,200,71550
20240102,13:32:56,0.75,250,71550
20240102,13:33:23,0.75,500,71550
20240102,13:36:48,0.75,250,71650
20240102,13:36:49,0.75,550,71650
20240102,13:36:50,0.75,250,71650
20240102,13:36:51,0.75,250,71650
20240102,13:36:52,0.75,750,71650
20240102,13:36:53,0.75,500,71650
20240102,13:36:54,0.75,500,71650
20240102,13:36:55,0.8,1600,71650
20240102,13:37:17,0.7,700,71650
20240102,13:37:28,0.7,850,71650
20240102,13:37:44,0.8,500,71650
20240102,13:37:46,0.8,850,71650
20240102,13:37:48,0.7,600,71650
20240102,13:37:49,0.8,250,71650
20240102,13:37:54,0.7,500,71650
20240102,13:38:01,0.75,150,71650
20240102,13:38:12,0.75,500,71650
20240102,13:38:13,0.75,250,71650
20240102,13:38:14,0.75,1300,71650
20240102,13:38:15,0.8,500,71650
20240102,13:38:27,0.8,550,71650
20240102,13:38:34,0.75,250,71650
20240102,13:53:34,0.75,700,71650
20240102,13:54:18,0.75,50,72750
20240102,14:09:10,0.75,300,72050
20240102,14:10:52,0.8,50,72000
20240102,14:10:53,0.8,1650,72000
20240102,14:11:17,0.8,400,72000
20240102,14:11:18,0.8,650,72000
20240102,14:11:20,0.8,500,72000
20240102,14:11:21,0.75,2300,72000
20240102,14:11:22,0.75,450,72000
20240102,14:12:56,0.85,250,72000
20240102,14:12:57,0.75,250,71300
20240102,14:13:42,0.85,600,71300
20240102,14:15:29,0.85,250,71300
20240102,14:15:31,0.85,250,72050
20240102,14:16:01,0.85,250,72050
20240102,14:16:30,0.85,250,72050
20240102,14:17:22,0.85,250,72050
20240102,14:17:37,0.85,300,72050
20240102,14:17:39,0.85,650,72050
20240102,14:17:53,0.85,250,72050
20240102,14:17:58,0.85,50,72050
20240102,14:18:03,0.85,750,71450
20240102,14:18:03,0.9,900,71450
20240102,14:18:09,0.95,650,71450
20240102,14:18:14,0.95,100,71450
20240102,14:18:14,1.0,650,71450
20240102,14:18:16,1.0,100,71450
20240102,14:18:19,1.0,400,71450
20240102,14:18:20,1.0,150,71450
20240102,14:18:21,1.0,500,71450
20240102,14:18:28,1.0,300,71450
20240102,14:18:29,1.0,450,71450
20240102,14:18:41,1.0,500,71450
20240102,14:18:42,1.0,600,71450
20240102,14:18:44,1.0,300,71450
20240102,14:18:52,1.05,650,71450
20240102,14:18:55,1.05,450,71450
20240102,14:18:57,1.05,250,71450
20240102,14:18:58,1.05,1100,71450
20240102,14:19:03,1.25,3400,71450
20240102,14:19:05,1.15,400,71450
20240102,14:19:05,1.15,650,71450
20240102,14:19:07,1.05,600,71450
20240102,14:19:08,1.05,250,71450
20240102,14:19:12,1.05,50,71450
20240102,14:19:14,1.05,100,71450
20240102,14:19:23,1.0,350,71450
20240102,14:19:24,1.05,50,71450
20240102,14:19:24,1.1,400,71450
20240102,14:19:41,1.1,500,71450
20240102,14:19:41,1.1,1800,71450
20240102,14:19:42,1.1,50,71450
20240102,14:19:55,1.1,150,71450
20240102,14:20:01,1.05,150,71450
20240102,14:20:05,1.05,50,71450
20240102,14:20:13,1.1,1900,71450
20240102,14:20:59,1.05,700,71450
20240102,14:21:05,1.1,150,80800
20240102,14:21:16,1.1,200,80800
20240102,14:21:24,1.1,50,80800
20240102,14:21:50,1.05,1200,80800
20240102,14:21:59,1.1,1100,80800
20240102,14:22:04,1.15,1200,80800
20240102,14:22:04,1.15,1500,80800
20240102,14:22:05,1.1,600,80800
20240102,14:22:06,1.15,150,80800
20240102,14:22:07,1.15,600,80800
20240102,14:22:08,1.1,450,80800
20240102,14:22:50,1.1,50,80800
20240102,14:22:54,1.1,150,80800
20240102,14:23:04,1.1,1650,80800
20240102,14:23:17,1.15,1600,80800
20240102,14:23:18,1.25,5600,80800
20240102,14:23:22,1.2,250,80800
20240102,14:23:25,1.15,100,80800
20240102,14:23:27,1.2,350,80800
20240102,14:23:41,1.1,400,80800
20240102,14:23:55,1.1,200,80800
20240102,14:23:56,1.1,200,80800
20240102,14:23:58,1.1,1950,80800
20240102,14:24:00,1.1,50,80800
20240102,14:24:21,1.05,100,89250
20240102,14:24:38,1.05,500,89250
20240102,14:24:38,1.05,600,89250
20240102,14:24:46,0.9,5750,89250
20240102,14:24:47,0.95,100,89250
20240102,14:26:00,0.95,50,89250
20240102,14:26:29,0.95,150,89250
20240102,14:26:34,1.0,1400,89250
20240102,14:28:05,1.05,250,91950
20240102,14:31:28,1.0,150,91950
20240102,14:33:15,1.1,650,91550
20240102,14:33:16,1.1,600,91550
20240102,14:33:18,1.05,50,91550
20240102,14:33:19,1.1,750,91550
20240102,14:33:20,1.1,750,91550
20240102,14:33:21,1.15,1850,91550
20240102,14:33:23,1.15,6150,91550
20240102,14:33:24,1.2,750,91550
20240102,14:33:26,1.2,550,91550
20240102,14:33:43,1.1,50,91550
20240102,14:33:44,1.2,2000,91550
20240102,14:33:48,1.15,1500,91550
20240102,14:34:04,1.1,100,91550
20240102,14:34:04,1.25,2400,91550
20240102,14:34:05,1.2,100,91550
20240102,14:34:06,1.25,3250,91550
20240102,14:34:15,1.2,900,91550
20240102,14:34:30,1.2,100,91550
20240102,14:34:51,1.2,2300,91550
20240102,14:34:53,1.2,50,91550
20240102,14:36:51,1.2,1650,97200
20240102,14:37:31,1.25,800,97200
20240102,14:37:31,1.2,50,97200
20240102,14:37:33,1.4,2850,97200
20240102,14:37:33,1.45,250,97200
20240102,14:37:35,1.45,150,97200
20240102,14:37:46,1.45,1550,97200
20240102,14:38:03,1.25,300,97200
20240102,14:38:07,1.35,2000,97200
20240102,14:38:13,1.25,50,97200
20240102,14:38:15,1.3,500,97200
20240102,14:38:16,1.4,1700,97200
20240102,14:38:17,1.3,1000,97200
20240102,14:38:24,1.3,50,97200
20240102,14:38:38,1.3,50,97200
20240102,14:38:57,1.3,50,97200
20240102,14:39:01,1.3,50,97200
20240102,14:39:08,1.35,300,104500
20240102,14:39:09,1.3,600,104500
20240102,14:39:20,1.3,300,104500
20240102,14:39:22,1.4,700,104500
20240102,14:39:25,1.25,1800,104500
20240102,14:39:27,1.3,100,104500
20240102,14:39:31,1.3,50,104500
20240102,14:39:49,1.35,150,104500
20240102,14:39:50,1.35,1100,104500
20240102,14:39:59,1.4,50,104500
20240102,14:40:00,1.35,50,104500
20240102,14:40:01,1.35,550,104500
20240102,14:40:03,1.45,650,104500
20240102,14:40:19,1.45,400,104500
20240102,14:40:30,1.55,4750,104500
20240102,14:40:33,1.5,400,104500
20240102,14:40:34,1.5,150,104500
20240102,14:40:37,1.5,150,104500
20240102,14:40:38,1.4,50,104500
20240102,14:40:39,1.55,1950,104500
20240102,14:40:46,1.5,100,104500
20240102,14:40:47,1.55,2150,104500
20240102,14:40:50,1.55,1950,104500
20240102,14:40:51,1.55,2650,104500
20240102,14:40:51,1.55,100,104500
20240102,14:40:53,1.6,3750,104500
20240102,14:40:54,1.6,700,104500
20240102,14:40:54,1.55,200,104500
20240102,14:40:55,1.45,300,104500
20240102,14:41:11,1.45,50,104500
20240102,14:42:07,1.4,150,104500
20240102,14:42:16,1.4,550,121750
20240102,14:42:17,1.4,50,121750
20240102,14:42:18,1.35,1050,121750
20240102,14:42:19,1.4,950,121750
20240102,14:42:21,1.4,300,121750
20240102,14:42:25,1.4,500,121750
20240102,14:42:29,1.4,450,121750
20240102,14:42:31,1.45,3400,121750
20240102,14:42:33,1.4,300,121750
20240102,14:42:34,1.4,100,121750
20240102,14:42:41,1.35,2000,121750
20240102,14:42:44,1.45,1800,121750
20240102,14:43:02,1.4,3250,121750
20240102,14:43:06,1.4,1800,121750
20240102,14:43:08,1.4,200,121750
20240102,14:43:39,1.35,2300,121750
20240102,14:43:42,1.35,50,121750
20240102,14:43:45,1.35,50,121750
20240102,14:43:52,1.35,150,121750
20240102,14:44:49,1.45,250,121750
20240102,14:45:16,1.3,800,121750
20240102,14:45:26,1.4,1000,124500
20240102,14:47:21,1.3,800,124500
20240102,14:47:23,1.3,400,124500
20240102,14:47:30,1.35,850,124500
20240102,14:47:42,1.3,700,124500
20240102,14:47:45,1.3,600,124500
20240102,14:47:47,1.35,100,124500
20240102,14:53:20,1.25,150,124500
20240102,14:53:31,1.25,400,125350
20240102,14:53:46,1.2,200,125350
20240102,14:53:53,1.2,50,125350
20240102,14:55:33,1.25,300,125350
20240102,14:57:16,1.2,500,125050
20240102,14:57:52,1.15,400,125050
20240102,14:58:44,1.15,100,125050
20240102,14:59:46,1.15,3350,125050
20240102,15:01:30,1.15,4650,125050
20240102,15:01:31,1.15,100,123000
20240102,15:03:29,1.2,500,125200
20240102,15:03:48,1.2,50,125200
20240102,15:04:41,1.1,50,125200
20240102,15:05:05,1.2,50,125200
20240102,15:05:40,1.2,1400,125200
20240102,15:05:41,1.2,4950,125200
20240102,15:06:54,1.2,1000,125200
20240102,15:06:57,1.2,250,122800
20240102,15:07:51,1.15,50,122800
20240102,15:10:12,1.1,450,122850
20240102,15:10:27,1.2,100,122850
20240102,15:10:32,1.2,100,122850
20240102,15:11:28,1.1,100,122850
20240102,15:12:19,1.2,50,122850
20240102,15:12:29,1.15,250,123400
20240102,15:12:49,1.1,250,123400
20240102,15:12:49,1.2,1050,123400
20240102,15:12:50,1.15,800,123400
20240102,15:12:52,1.25,1250,123400
20240102,15:12:53,1.35,200,123400
20240102,15:12:54,2.05,2900,123400
20240102,15:12:55,2.05,100,123400
20240102,15:12:56,1.2,6750,123400
20240102,15:12:58,1.25,5000,123400
20240102,15:12:59,1.2,1050,123400
20240102,15:13:01,1.3,1900,123400
20240102,15:13:02,1.45,1050,123400
20240102,15:13:03,1.35,1600,123400
20240102,15:13:10,1.45,350,123400
20240102,15:13:12,1.4,200,123400
20240102,15:13:13,1.4,750,123400
20240102,15:13:13,1.35,1750,123400
20240102,15:13:14,1.45,700,123400
20240102,15:13:17,1.35,1150,123400
20240102,15:13:45,1.2,6200,123400
20240102,15:13:45,1.15,150,123400
20240102,15:13:46,1.15,50,123400
20240102,15:13:48,1.2,50,123400
20240102,15:13:58,1.15,850,123400
20240102,15:14:11,1.2,600,123400
20240102,15:14:15,1.2,1000,123400
20240102,15:14:25,1.15,1850,123400
20240102,15:14:49,1.15,300,123400
20240102,15:15:22,1.2,2000,122400
20240102,15:15:40,1.2,200,122400
20240102,15:15:41,1.2,400,122400
20240102,15:16:15,1.2,50,122400
20240102,15:16:16,1.2,50,122400
20240102,15:16:17,1.2,50,122400
20240102,15:16:19,1.2,50,122400
20240102,15:16:20,1.2,50,122400
20240102,15:16:26,1.2,350,122400
20240102,15:16:34,1.2,50,122400
20240102,15:16:39,1.3,750,122400
20240102,15:16:46,1.2,400,122400
20240102,15:17:02,1.25,50,122400
20240102,15:17:54,1.2,50,122400
20240102,15:17:56,1.2,50,122400
20240102,15:17:57,1.2,150,122400
20240102,15:17:58,1.2,400,122400
20240102,15:17:59,1.25,350,122400
20240102,15:18:00,1.15,250,122400
20240102,15:18:12,1.2,50,122400
20240102,15:18:17,1.25,550,120900
20240102,15:18:18,1.25,800,120900
20240102,15:18:25,1.2,1200,120900
20240102,15:18:29,1.15,1800,120900
20240102,15:18:30,1.25,300,120900
20240102,15:18:53,1.25,150,120900
20240102,15:19:25,1.15,1800,120900
20240102,15:19:28,1.15,1750,120900
20240102,15:19:31,1.15,2050,120900
20240102,15:19:32,1.2,550,120900
20240102,15:19:38,1.15,500,120900
20240102,15:20:28,1.2,400,120900
20240102,15:20:29,1.2,100,120900
20240102,15:21:10,1.2,100,120900
20240102,15:21:14,1.15,600,120550
20240102,15:21:51,1.15,700,120550
20240102,15:22:09,1.15,700,120550
20240102,15:22:14,1.15,200,120550
20240102,15:22:22,1.15,800,120550
20240102,15:22:27,1.1,50,120550
20240102,15:22:32,1.1,800,120550
20240102,15:22:43,1.2,100,120550
20240102,15:22:44,1.2,100,120550
20240102,15:22:50,1.2,550,120550
20240102,15:23:18,1.2,250,120550
20240102,15:23:20,1.15,300,120550
20240102,15:23:29,1.2,1000,120550
20240102,15:23:30,1.25,1850,120550
20240102,15:23:33,1.25,850,120550
20240102,15:23:38,1.25,1800,120550
20240102,15:24:14,1.25,350,119650
20240102,15:24:14,1.2,800,119650
20240102,15:24:30,1.15,100,119650
20240102,15:24:39,1.15,50,119650
20240102,15:24:51,1.2,300,119650
20240102,15:24:59,1.15,50,119650
20240102,15:25:14,1.15,100,119650
20240102,15:25:27,1.2,200,119650
20240102,15:25:40,1.15,50,119650
20240102,15:25:43,1.2,50,119650
20240102,15:25:44,1.25,50,119650
20240102,15:25:45,1.25,100,119650
20240102,15:25:48,1.15,4400,119650
20240102,15:25:49,1.1,1500,119650
20240102,15:25:50,1.2,200,119650
20240102,15:25:51,1.2,50,119650
20240102,15:26:17,1.2,1000,119650
20240102,15:26:18,1.1,900,119650
20240102,15:26:24,1.1,200,119650
20240102,15:26:31,1.2,550,119650
20240102,15:26:32,1.1,600,119650
20240102,15:26:37,1.15,200,119650
20240102,15:26:45,1.05,350,119650
20240102,15:26:46,1.1,1850,119650
20240102,15:26:47,1.05,400,119650
20240102,15:27:00,1.1,400,119650
20240102,15:27:01,1.1,100,119650
20240102,15:28:22,1.05,50,116200
20240102,15:28:58,1.1,1100,116200
20240102,15:29:20,1.1,200,116200
20240102,15:29:29,1.0,250,116200
20240102,15:29:38,1.05,550,116200
20240102,15:29:46,0.65,950,116200
20240102,15:30:00,0.65,250,116200
20240103,09:15:45,0.85,1,116300
20240103,09:15:45,0.9,800,116300
20240103,09:17:38,1.0,750,116300
20240103,09:17:39,0.95,1600,115950
20240103,09:17:41,0.95,150,115950
20240103,09:17:42,0.95,50,115950
20240103,09:17:45,0.95,150,115950
20240103,09:17:46,0.95,50,115950
20240103,09:17:48,0.95,200,115950
20240103,09:17:49,0.95,50,115950
20240103,09:17:50,0.95,350,115950
20240103,09:17:50,0.95,50,115950
20240103,09:17:51,0.95,250,115950
20240103,09:19:27,1.0,1100,115950
20240103,09:19:27,1.05,300,115950
20240103,09:19:33,1.05,200,115950
20240103,09:20:06,1.05,900,115950
20240103,09:20:07,1.05,2050,115950
20240103,09:20:10,1.1,550,115950
20240103,09:20:13,1.1,100,115950
20240103,09:20:32,1.1,1900,115950
20240103,09:20:34,1.15,200,118550
20240103,09:20:38,1.15,300,118550
20240103,09:20:43,1.0,50,118550
20240103,09:20:48,0.95,100,118550
20240103,09:21:05,1.0,400,118550
20240103,09:21:32,1.0,550,118550
20240103,09:21:33,1.0,1900,118550
20240103,09:21:36,0.95,150,118550
20240103,09:21:54,1.05,200,118550
20240103,09:22:07,1.05,2100,118550
20240103,09:22:14,1.05,100,118550
20240103,09:22:40,1.0,300,118550
20240103,09:23:32,1.0,300,120050
20240103,09:23:59,0.95,600,120050
20240103,09:24:21,1.0,50,120050
20240103,09:24:38,1.0,150,120050
20240103,09:24:47,1.0,200,120050
20240103,09:24:51,1.0,500,120050
20240103,09:25:00,1.0,50,120050
20240103,09:26:22,0.95,400,120050
20240103,09:27:47,1.0,300,121000
20240103,09:27:51,1.0,250,121000
20240103,09:28:35,0.95,150,121000
20240103,09:29:23,0.95,300,121000
20240103,09:30:27,0.95,500,121000
20240103,09:30:33,0.95,400,120900
20240103,09:30:38,1.0,1650,120900
20240103,09:31:19,1.0,50,120900
20240103,09:31:28,1.0,250,120900
20240103,09:32:19,0.95,2200,120900
20240103,09:32:43,1.0,500,121100
20240103,09:33:45,1.0,50,121100
20240103,09:33:53,1.0,600,121100
20240103,09:33:54,1.0,3350,121100
20240103,09:33:57,0.95,500,121100
20240103,09:34:01,0.95,50,121100
20240103,09:34:14,0.95,200,121100
20240103,09:34:25,0.9,100,121100
20240103,09:34:29,0.9,200,121100
20240103,09:34:55,0.9,400,121100
20240103,09:35:09,0.85,250,121100
20240103,09:35:40,0.9,200,121100
20240103,09:35:45,0.95,400,122000
20240103,09:35:47,0.85,8850,122000
20240103,09:35:48,0.9,1050,122000
20240103,09:35:49,0.85,2200,122000
20240103,09:36:06,0.85,300,122000
20240103,09:36:06,0.9,200,122000
20240103,09:36:07,0.85,300,122000
20240103,09:36:26,0.9,5100,122000
20240103,09:36:27,0.85,250,122000
20240103,09:37:25,0.8,4150,122000
20240103,09:37:25,0.9,150,122000
20240103,09:37:27,0.85,450,122000
20240103,09:37:33,0.85,200,122000
20240103,09:37:40,0.85,200,122000
20240103,09:39:06,0.9,50,122000
20240103,09:40:01,0.8,600,122050
20240103,09:40:07,0.85,200,122050
20240103,09:40:09,0.85,300,122050
20240103,09:40:21,0.85,200,122050
20240103,09:40:37,0.8,200,122050
20240103,09:41:08,0.8,50,122050
20240103,09:41:14,0.75,50,122050
20240103,09:41:17,0.75,2550,122050
20240103,09:41:34,0.75,1800,121950
20240103,09:41:35,0.8,600,121950
20240103,09:41:38,0.75,1250,121950
20240103,09:41:43,0.75,50,121950
20240103,09:42:03,0.75,1900,121950
20240103,09:42:08,0.75,250,121950
20240103,09:42:11,0.75,350,121950
20240103,09:42:14,0.65,2950,121950
20240103,09:42:15,0.7,100,121950
20240103,09:42:17,0.7,300,121950
20240103,09:42:28,0.7,500,121950
20240103,09:43:29,0.7,1300,121950
20240103,09:43:53,0.7,550,121950
20240103,09:43:57,0.65,100,121950
20240103,09:44:01,0.65,2200,121950
20240103,09:44:13,0.65,250,121950
20240103,09:44:19,0.65,250,121950
20240103,09:44:36,0.6,200,121950
20240103,09:44:47,0.6,100,114500
20240103,09:44:57,0.6,1900,114500
20240103,09:44:58,0.6,1600,114500
20240103,09:44:59,0.65,50,114500
20240103,09:45:00,0.6,1800,114500
20240103,09:45:07,0.6,200,114500
20240103,09:45:11,0.6,2250,114500
20240103,09:45:14,0.6,400,114500
20240103,09:45:14,0.6,300,114500
20240103,09:45:18,0.55,1800,114500
20240103,09:45:21,0.55,1800,114500
20240103,09:45:22,0.55,1800,114500
20240103,09:45:32,0.55,3800,114500
20240103,09:45:33,0.55,100,114500
20240103,09:45:49,0.55,250,114500
20240103,09:46:01,0.6,3050,114500
20240103,09:46:02,0.6,200,114500
20240103,09:46:03,0.6,1250,114500
20240103,09:46:05,0.6,1550,114500
20240103,09:46:06,0.6,900,114500
20240103,09:46:10,0.55,100,114500
20240103,09:46:25,0.55,1800,114500
20240103,09:46:26,0.55,1800,114500
20240103,09:46:28,0.55,1800,114500
20240103,09:46:34,0.55,50,114500
20240103,09:46:58,0.6,100,114500
20240103,09:47:00,0.6,3000,114500
20240103,09:47:01,0.6,650,114500
20240103,09:47:12,0.55,1850,114500
20240103,09:48:14,0.55,2050,99200
20240103,09:48:15,0.55,400,99200
20240103,09:49:01,0.55,750,99200
20240103,09:49:06,0.55,1450,99200
20240103,09:49:34,0.55,1500,99200
20240103,09:49:35,0.55,700,99200
20240103,09:49:36,0.55,3100,99200
20240103,09:49:42,0.55,100,99200
20240103,09:50:05,0.55,50,99200
20240103,09:50:14,0.55,50,99200
20240103,09:50:25,0.55,200,99200
20240103,09:54:53,0.55,150,99200
20240103,09:55:02,0.55,950,100400
20240103,09:55:03,0.55,350,100400
20240103,09:55:08,0.6,900,100400
20240103,09:55:09,0.65,650,100400
20240103,09:55:10,0.55,800,100400
20240103,09:55:14,0.55,500,100400
20240103,09:55:43,0.65,450,100400
20240103,09:55:48,0.55,250,100400
20240103,09:56:07,0.65,450,100400
20240103,09:56:21,0.65,1900,100400
20240103,09:56:28,0.65,400,100400
20240103,09:56:29,0.65,1900,100400
20240103,09:56:30,0.65,200,100400
20240103,09:56:33,0.6,100,103100
20240103,09:56:35,0.6,150,103100
20240103,09:56:38,0.65,800,103100
20240103,09:56:38,0.7,1800,103100
20240103,09:56:54,0.65,700,103100
20240103,09:57:01,0.65,2400,103100
20240103,09:57:09,0.6,250,103100
20240103,09:57:55,0.6,250,103100
20240103,09:58:02,0.65,550,103100
20240103,09:58:03,0.65,950,103100
20240103,09:58:05,0.65,400,103100
20240103,09:58:35,0.65,50,103100
20240103,09:58:36,0.65,50,103100
20240103,09:58:37,0.65,50,103100
20240103,09:58:38,0.65,50,103100
20240103,09:58:40,0.65,50,103100
20240103,09:58:46,0.65,350,103100
20240103,09:59:19,0.6,150,103100
20240103,09:59:20,0.65,1250,103100
20240103,09:59:22,0.7,2250,103100
20240103,09:59:25,0.65,250,103100
20240103,09:59:25,0.65,950,103100
20240103,09:59:30,0.65,1000,103100
20240103,09:59:35,0.65,50,103100
20240103,09:59:44,0.6,1700,103600
20240103,09:59:46,0.65,650,103600
20240103,09:59:47,0.55,100,103600
20240103,10:00:07,0.6,50,103600
20240103,10:00:08,0.55,250,103600
20240103,10:00:22,0.6,500,103600
20240103,10:00:28,0.6,250,103600
20240103,10:00:29,0.65,2250,103600
20240103,10:01:33,0.6,500,103600
20240103,10:14:02,0.6,450,103600
20240103,10:15:02,0.65,150,103350
20240103,10:19:42,0.65,50,103350
20240103,10:23:07,0.55,2150,103400
20240103,10:25:09,0.55,100,103400
20240103,10:25:12,0.55,700,101850
20240103,10:25:18,0.6,50,101850
20240103,10:26:17,0.55,1450,101850
20240103,10:26:17,0.55,400,101850
20240103,10:26:48,0.55,550,102000
20240103,10:27:49,0.55,250,102000
20240103,10:27:57,0.55,100,102000
20240103,10:29:13,0.55,50,102000
20240103,10:29:15,0.55,1200,102000
20240103,10:30:16,0.55,50,101250
20240103,10:30:40,0.55,350,101250
20240103,10:30:45,0.6,200,101250
20240103,10:32:45,0.6,50,101600
20240103,10:32:50,0.6,100,101600
20240103,10:35:11,0.6,400,101600
20240103,10:35:12,0.7,3150,101600
20240103,10:35:14,0.65,2400,101600
20240103,10:35:16,0.7,1450,101600
20240103,10:35:17,0.75,200,101600
20240103,10:35:19,0.7,600,101600
20240103,10:35:22,0.7,3550,101600
20240103,10:35:25,0.7,2150,101600
20240103,10:35:26,0.7,600,101600
20240103,10:35:28,0.75,1900,101600
20240103,10:35:29,0.8,250,101600
20240103,10:35:31,0.7,300,101600
20240103,10:35:33,0.8,1800,101600
20240103,10:35:34,0.75,1200,101600
20240103,10:35:36,0.75,2500,101600
20240103,10:35:38,0.8,100,101600
20240103,10:35:41,0.7,950,116050
20240103,10:35:42,0.8,50,116050
20240103,10:35:46,0.8,50,116050
20240103,10:35:53,0.75,100,116050
20240103,10:36:03,0.8,50,116050
20240103,10:36:03,0.8,550,116050
20240103,10:36:11,0.8,450,116050
20240103,10:36:30,0.8,50,116050
20240103,10:37:42,0.7,450,116050
20240103,10:37:44,0.7,1200,116050
20240103,10:38:54,0.75,150,116050
20240103,10:39:07,0.7,1400,114100
20240103,10:39:09,0.7,100,114100
20240103,10:39:13,0.7,500,114100
20240103,10:39:16,0.7,250,114100
20240103,10:41:31,0.75,1750,114100
20240103,10:41:32,0.75,400,114100
20240103,10:41:33,0.7,50,114100
20240103,10:42:38,0.7,3950,114100
20240103,10:42:59,0.7,150,112050
20240103,10:46:16,0.65,950,114050
20240103,10:46:59,0.6,450,114050
20240103,10:47:03,0.6,300,114050
20240103,10:47:14,0.6,1050,114050
20240103,10:47:15,0.55,150,114050
20240103,10:47:15,0.55,100,114050
20240103,10:47:53,0.55,2150,114050
20240103,10:48:05,0.55,50,111400
20240103,10:48:11,0.55,50,111400
20240103,10:48:16,0.55,50,111400
20240103,10:48:34,0.55,50,111400
20240103,10:48:45,0.55,300,111400
20240103,10:51:32,0.6,50,111400
20240103,10:51:55,0.55,150,109450
20240103,10:53:21,0.55,200,109450
20240103,10:55:25,0.55,500,109450
20240103,10:57:32,0.55,50,109500
20240103,10:59:38,0.6,50,109500
20240103,11:07:16,0.6,300,109500
20240103,11:07:16,0.55,300,109550
20240103,11:09:14,0.6,50,109550
20240103,11:13:48,0.55,50,109550
20240103,11:15:38,0.55,250,109600
20240103,11:17:54,0.55,50,109550
20240103,11:19:03,0.55,50,109550
20240103,11:19:07,0.6,50,109550
20240103,11:19:09,0.6,150,109550
20240103,11:19:10,0.6,1300,109550
20240103,11:19:11,0.7,4150,109550
20240103,11:19:12,0.65,300,109550
20240103,11:20:03,0.65,350,109550
20240103,11:20:08,0.65,7000,109550
20240103,11:20:12,0.7,5050,109550
20240103,11:20:26,0.7,1000,109550
20240103,11:21:11,0.7,1800,109550
20240103,11:21:14,0.7,100,122550
20240103,11:22:34,0.7,50,122550
20240103,11:28:33,0.7,50,122550
20240103,11:30:03,0.7,600,124350
20240103,11:31:14,0.7,300,124350
20240103,11:33:16,0.7,300,124400
20240103,11:34:40,0.75,50,124400
20240103,11:34:51,0.7,100,124400
20240103,11:34:54,0.7,2250,124400
20240103,11:34:56,0.7,200,124400
20240103,11:35:20,0.65,300,124400
20240103,11:35:41,0.65,50,124400
20240103,11:47:17,0.65,400,124400
20240103,11:51:03,0.7,50,125900
20240103,11:51:09,0.7,250,125950
20240103,11:51:24,0.7,100,125950
20240103,11:51:26,0.75,2700,125950
20240103,11:51:28,0.8,200,125950
20240103,11:51:32,0.8,250,125950
20240103,11:51:37,0.8,1450,125950
20240103,11:51:39,0.8,250,125950
20240103,11:51:42,0.85,2200,125950
20240103,11:51:42,0.85,300,125950
20240103,11:51:47,0.85,100,125950
20240103,11:59:50,0.75,400,129300
20240103,12:00:43,0.75,250,129350
20240103,12:00:44,0.75,50,129350
20240103,12:01:14,0.75,50,129350
20240103,12:01:16,0.75,50,129350
20240103,12:01:50,0.7,500,129350
20240103,12:02:25,0.7,50,129350
20240103,12:03:11,0.65,500,128950
20240103,12:10:52,0.65,750,129000
20240103,12:10:52,0.55,5550,129000
20240103,12:10:53,0.6,100,129000
20240103,12:11:17,0.65,50,129000
20240103,12:12:10,0.6,150,123950
20240103,12:16:49,0.55,50,123950
20240103,12:21:34,0.65,500,123850
20240103,12:24:04,0.55,50,123700
20240103,12:26:23,0.55,1950,123700
20240103,12:26:42,0.55,1850,123700
20240103,12:26:54,0.5,450,123700
20240103,12:27:04,0.55,200,120600
20240103,12:28:00,0.6,600,120600
20240103,12:28:20,0.5,1900,120600
20240103,12:29:06,0.5,750,120600
20240103,12:30:32,0.5,400,119150
20240103,12:38:36,0.45,600,118750
20240103,12:38:47,0.45,50,118750
20240103,12:38:49,0.5,50,118750
20240103,12:38:57,0.5,50,118750
20240103,12:39:17,0.5,50,118650
20240103,12:41:45,0.5,250,118650
20240103,12:41:46,0.45,250,118650
20240103,12:43:17,0.5,250,118650
20240103,12:43:18,0.45,250,118550
20240103,12:43:43,0.5,450,118550
20240103,12:43:44,0.45,450,118550
20240103,12:44:04,0.5,250,118550
20240103,12:44:05,0.45,250,118550
20240103,12:49:17,0.5,300,118550
20240103,12:49:18,0.5,250,119100
20240103,12:49:37,0.5,50,119100
20240103,12:49:38,0.5,50,119100
20240103,12:50:00,0.5,1000,119100
20240103,12:50:01,0.55,600,119100
20240103,12:50:07,0.55,700,119100
20240103,12:50:26,0.6,50,119100
20240103,12:52:56,0.6,100,119100
20240103,12:54:25,0.6,2400,118950
20240103,12:54:29,0.6,2300,119050
20240103,12:54:30,0.7,750,119050
20240103,12:54:31,0.6,50,119050
20240103,12:54:33,0.6,50,119050
20240103,12:54:35,0.6,200,119050
20240103,12:54:38,0.6,900,119050
20240103,12:54:39,0.6,50,119050
20240103,12:54:40,0.65,450,119050
20240103,12:54:43,0.65,50,119050
20240103,12:55:09,0.65,750,119050
20240103,12:55:20,0.65,100,119050
20240103,12:55:25,0.7,1100,119050
20240103,12:55:28,0.7,50,119050
20240103,12:55:34,0.7,50,119050
20240103,12:55:36,0.7,100,119050
20240103,12:56:17,0.75,100,119050
20240103,12:56:52,0.75,2200,119050
20240103,12:56:57,0.75,550,119050
20240103,12:56:58,0.8,50,119050
20240103,12:56:58,0.7,300,119050
20240103,12:57:00,0.8,50,126100
20240103,12:57:01,0.75,50,126100
20240103,12:57:57,0.75,300,126100
20240103,12:58:30,0.65,1000,126100
20240103,12:58:36,0.75,250,126100
20240103,12:58:48,0.7,50,126100
20240103,12:59:46,0.7,400,126100
20240103,13:00:55,0.7,450,125250
20240103,13:01:27,0.7,900,125250
20240103,13:01:31,0.75,50,125250
20240103,13:05:21,0.7,1050,125250
20240103,13:05:43,0.65,50,125750
20240103,13:05:44,0.65,400,125750
20240103,13:05:56,0.7,50,125750
20240103,13:06:06,0.7,50,125750
20240103,13:06:59,0.7,50,125700
20240103,13:07:12,0.7,50,125700
20240103,13:08:02,0.7,300,125700
20240103,13:11:30,0.65,250,125700
20240103,13:11:46,0.65,600,125700
20240103,13:11:47,0.7,250,125700
20240103,13:13:04,0.7,300,125700
20240103,13:13:18,0.7,100,125650
20240103,13:13:53,0.65,100,125650
20240103,13:16:16,0.7,500,125350
20240103,13:22:00,0.7,800,125850
20240103,13:22:21,0.7,250,125850
20240103,13:23:54,0.7,200,125850
20240103,13:23:58,0.7,300,125850
20240103,13:24:22,0.7,2050,125850
20240103,13:24:23,0.7,100,125150
20240103,13:25:20,0.7,1500,125150
20240103,13:25:21,0.7,1350,125150
20240103,13:25:27,0.65,6100,125150
20240103,13:25:28,0.65,350,125150
20240103,13:25:35,0.7,450,125150
20240103,13:26:28,0.7,50,125150
20240103,13:27:08,0.7,750,129400
20240103,13:27:11,0.7,100,129400
20240103,13:27:55,0.7,700,129400
20240103,13:28:39,0.65,400,129400
20240103,13:28:58,0.65,100,129400
20240103,13:29:27,0.7,500,129400
20240103,13:30:36,0.65,2300,127750
20240103,13:33:52,0.65,1900,127750
20240103,13:36:09,0.65,150,130300
20240103,13:36:51,0.7,900,130300
20240103,13:36:52,0.7,300,130300
20240103,13:36:55,0.7,900,130300
20240103,13:37:01,0.65,1300,130300
20240103,13:37:02,0.65,100,130300
20240103,13:37:03,0.65,100,130300
20240103,13:37:05,0.65,1300,130300
20240103,13:37:12,0.7,900,130300
20240103,13:40:45,0.7,50,129950
20240103,13:47:01,0.7,350,129950
20240103,13:47:06,0.7,250,129950
20240103,13:47:08,0.7,300,129950
20240103,13:47:13,0.7,50,129950
20240103,13:49:02,0.7,250,130050
20240103,13:50:18,0.65,250,130050
20240103,13:50:43,0.65,250,130050
20240103,13:51:12,0.65,1000,129900
20240103,13:55:35,0.65,500,130600
20240103,13:55:37,0.6,100,130600
20240103,13:55:38,0.6,50,130600
20240103,13:55:39,0.6,2400,130600
20240103,13:55:41,0.55,600,130600
20240103,13:55:43,0.55,1000,130600
20240103,13:55:44,0.55,50,130600
20240103,13:55:45,0.55,100,130600
20240103,13:55:50,0.55,50,130600
20240103,13:55:58,0.6,500,130600
20240103,13:57:02,0.55,150,130600
20240103,13:57:06,0.55,100,130600
20240103,13:58:10,0.55,600,130600
20240103,13:58:25,0.55,1800,128300
20240103,13:59:11,0.55,250,128300
20240103,14:00:23,0.55,100,128300
20240103,14:03:29,0.55,600,127150
20240103,14:06:57,0.55,450,127150
20240103,14:07:22,0.55,50,127150
20240103,14:07:23,0.55,50,127150
20240103,14:16:08,0.5,2100,127150
20240103,14:16:09,0.45,1800,126700
20240103,14:16:12,0.45,350,126700
20240103,14:16:13,0.45,150,126700
20240103,14:16:52,0.5,750,126700
20240103,14:16:57,0.5,250,126700
20240103,14:17:56,0.45,1800,126700
20240103,14:20:04,0.45,1800,126700
20240103,14:20:24,0.4,400,123950
20240103,14:20:39,0.4,250,123950
20240103,14:20:57,0.45,1100,123950
20240103,14:21:06,0.4,100,123950
20240103,14:21:11,0.4,1900,123950
20240103,14:21:23,0.4,1800,123700
20240103,14:21:29,0.4,2150,123700
20240103,14:22:03,0.4,1850,123700
20240103,14:22:12,0.4,550,123700
20240103,14:22:33,0.35,50,123700
20240103,14:22:40,0.35,1850,123700
20240103,14:23:45,0.4,2000,123700
20240103,14:24:43,0.35,1800,123700
20240103,14:24:51,0.4,300,116400
20240103,14:26:05,0.35,1800,116400
20240103,14:26:12,0.4,600,116400
20240103,14:27:29,0.35,1800,115650
20240103,14:27:29,0.35,2350,115650
20240103,14:27:48,0.35,2550,115650
20240103,14:27:58,0.3,1800,115650
20240103,14:28:03,0.3,250,115650
20240103,14:28:19,0.35,250,115650
20240103,14:30:43,0.35,500,112800
20240103,14:30:47,0.35,550,112800
20240103,14:30:48,0.35,500,112800
20240103,14:31:01,0.35,500,112800
20240103,14:31:03,0.35,250,112800
20240103,14:32:14,0.35,300,112800
20240103,14:32:15,0.35,50,112800
20240103,14:32:17,0.35,800,112800
20240103,14:32:19,0.35,500,112800
20240103,14:32:29,0.35,500,112800
20240103,14:32:39,0.35,100,112800
20240103,14:33:13,0.35,850,112800
20240103,14:34:29,0.35,250,112800
20240103,14:36:28,0.35,1650,113950
20240103,14:36:33,0.3,550,113950
20240103,14:36:33,0.3,500,113950
20240103,14:36:35,0.3,250,113950
20240103,14:36:36,0.3,600,113950
20240103,14:36:38,0.35,2800,113950
20240103,14:36:39,0.3,1500,113950
20240103,14:36:40,0.35,2800,113950
20240103,14:36:41,0.35,1400,113950
20240103,14:36:51,0.35,50,113950
20240103,14:37:12,0.3,50,113950
20240103,14:37:22,0.35,100,113950
20240103,14:37:35,0.3,50,113950
20240103,14:38:30,0.35,50,113950
20240103,14:38:44,0.3,50,113950
20240103,14:38:56,0.35,50,113950
20240103,14:39:08,0.3,50,113950
20240103,14:39:14,0.35,50,113950
20240103,14:40:26,0.3,1800,109750
20240103,14:42:38,0.3,100,109750
20240103,14:48:25,0.3,100,108650
20240103,14:55:07,0.35,50,108650
20240103,14:55:52,0.35,50,108550
20240103,14:55:53,0.35,50,108550
20240103,14:55:54,0.35,200,108550
20240103,14:55:56,0.35,2400,108550
20240103,14:55:59,0.4,50,108550
20240103,14:56:13,0.4,500,108550
20240103,14:57:25,0.4,2350,108550
20240103,14:57:33,0.4,200,109750
20240103,14:58:15,0.4,50,109750
20240103,14:58:16,0.4,600,109750
20240103,14:58:22,0.45,1850,109750
20240103,15:00:05,0.45,100,109750
20240103,15:00:13,0.4,250,109750
20240103,15:03:00,0.4,1800,112850
20240103,15:03:41,0.35,250,112850
20240103,15:10:24,0.35,350,113050
20240103,15:10:32,0.35,250,113050
20240103,15:10:35,0.35,250,113050
20240103,15:10:52,0.35,250,113050
20240103,15:10:56,0.35,350,113050
20240103,15:10:57,0.35,100,113050
20240103,15:11:05,0.35,300,113050
20240103,15:11:36,0.35,500,113050
20240103,15:13:43,0.35,500,113050
20240103,15:14:57,0.3,200,112450
20240103,15:16:31,0.35,250,112250
20240103,15:17:54,0.35,150,112250
20240103,15:18:01,0.35,50,112250
20240103,15:18:06,0.35,50,112250
20240103,15:18:43,0.35,250,112250
20240103,15:18:48,0.35,300,112250
20240103,15:23:28,0.35,200,111700
20240103,15:25:08,0.35,100,111700
20240103,15:25:53,0.4,1700,111700
20240103,15:25:54,0.35,2600,111700
20240103,15:25:55,0.4,450,111700
20240103,15:25:56,0.45,100,111700
20240103,15:25:57,0.35,800,111700
20240103,15:25:59,0.35,2000,111700
20240103,15:26:00,0.45,100,111700
20240103,15:26:01,0.45,100,111700
20240103,15:26:02,0.45,150,111700
20240103,15:26:04,0.45,150,111700
20240103,15:26:06,0.4,150,111700
20240103,15:26:07,0.4,50,111700
20240103,15:26:11,0.35,200,111700
20240103,15:26:18,0.3,1800,111700
20240103,15:26:19,0.3,1800,111700
20240103,15:26:22,0.3,300,111700
20240103,15:26:22,0.3,2400,111700
20240103,15:26:23,0.3,400,111700
20240103,15:26:25,0.3,450,111700
20240103,15:26:26,0.3,600,111700
20240103,15:26:28,0.3,50,111700
20240103,15:26:34,0.3,50,111700
20240103,15:27:46,0.3,50,113350
20240103,15:28:00,0.3,450,113350
20240103,15:28:14,0.3,400,113350
20240103,15:28:20,0.3,50,113350
20240103,15:28:34,0.3,1600,113350
20240103,15:28:38,0.3,250,113350
20240103,15:29:32,0.3,150,113350
20240103,15:29:33,0.35,750,113350
20240103,15:29:59,0.25,100,113350
20240104,09:15:05,0.2,1,112500
20240104,09:15:05,0.2,50,112500
20240104,09:15:07,0.3,250,112500
20240104,09:15:37,0.3,50,112500
20240104,09:16:11,0.25,50,112500
20240104,09:16:34,0.25,2800,112500
20240104,09:16:41,0.25,1800,112500
20240104,09:16:44,0.25,950,112500
20240104,09:17:07,0.25,50,112500
20240104,09:17:15,0.2,200,112500
20240104,09:17:51,0.2,100,114150
20240104,09:18:43,0.2,250,114150
20240104,09:18:55,0.2,250,114150
20240104,09:20:30,0.2,450,114400
20240104,09:22:15,0.2,150,114400
20240104,09:22:31,0.2,100,114400
20240104,09:24:40,0.2,400,113950
20240104,09:26:02,0.2,150,113950
20240104,09:26:07,0.2,250,113950
20240104,09:27:42,0.2,300,113950
20240104,09:27:50,0.2,1800,113800
20240104,09:27:57,0.2,150,113800
20240104,09:28:02,0.15,100,113800
20240104,09:28:05,0.15,50,113800
20240104,09:28:21,0.2,1600,113800
20240104,09:28:22,0.15,150,113800
20240104,09:28:55,0.15,1800,113800
20240104,09:29:38,0.15,50,112900
20240104,09:30:13,0.15,50,112900
20240104,09:30:14,0.15,250,112900
20240104,09:30:15,0.15,1800,112900
20240104,09:30:17,0.15,150,112900
20240104,09:30:18,0.15,1800,112900
20240104,09:30:22,0.15,1800,112900
20240104,09:30:24,0.15,2250,112900
20240104,09:30:25,0.1,1800,112900
20240104,09:30:27,0.1,50,112900
20240104,09:30:28,0.1,50,112900
20240104,09:30:29,0.15,50,112900
20240104,09:30:32,0.15,50,112900
20240104,09:30:34,0.15,50,112900
20240104,09:30:36,0.1,1850,112900
20240104,09:30:41,0.1,300,112900
20240104,09:30:44,0.1,1800,112900
20240104,09:30:47,0.1,1800,112900
20240104,09:30:49,0.1,3600,112900
20240104,09:30:50,0.1,1800,112900
20240104,09:30:51,0.1,1800,112900
20240104,09:31:15,0.15,1800,112900
20240104,09:31:18,0.1,3600,112900
20240104,09:31:28,0.15,50,112900
20240104,09:32:05,0.1,50,112900
20240104,09:32:24,0.1,1800,109850
20240104,09:32:58,0.1,1200,109850
20240104,09:33:05,0.1,100,109850
20240104,09:33:16,0.1,150,109850
20240104,09:33:20,0.1,150,109850
20240104,09:33:22,0.1,50,109850
20240104,09:33:26,0.1,200,109850
20240104,09:34:29,0.1,200,109850
20240104,09:35:31,0.1,1800,110850
20240104,09:35:36,0.1,1800,110850
20240104,09:36:23,0.1,200,110850
20240104,09:36:43,0.1,200,110850
20240104,09:36:44,0.1,200,110850
20240104,09:39:14,0.1,1800,110850
20240104,09:39:25,0.1,1800,111450
20240104,09:39:38,0.1,700,111450
20240104,09:39:41,0.1,250,111450
20240104,09:42:10,0.1,550,112050
20240104,09:44:02,0.1,300,112050
20240104,09:44:58,0.1,9000,112050
20240104,09:45:51,0.1,50,112900
20240104,09:45:56,0.1,50,112900
20240104,09:46:50,0.15,300,112900
20240104,09:51:14,0.1,1800,112900
20240104,09:52:16,0.15,100,112700
20240104,09:52:16,0.15,50,112700
20240104,09:52:17,0.15,50,112700
20240104,09:52:18,0.15,50,112700
20240104,09:52:19,0.15,50,112700
20240104,09:53:25,0.1,3600,112450
20240104,09:53:27,0.1,3600,112450
20240104,09:53:32,0.1,3600,112450
20240104,09:53:36,0.1,3600,112450
20240104,09:53:43,0.1,3600,112450
20240104,09:53:56,0.1,3600,112450
20240104,09:53:57,0.1,7200,112450
20240104,09:54:09,0.1,1800,112450
20240104,09:54:11,0.1,2300,112450
20240104,09:54:11,0.1,100,112450
20240104,09:54:12,0.1,400,112450
20240104,09:54:14,0.1,2000,112450
20240104,09:54:15,0.05,3650,112450
20240104,09:54:20,0.05,100,112450
20240104,09:54:28,0.05,3600,112450
20240104,09:54:37,0.05,3600,112450
20240104,09:54:44,0.05,1800,112450
20240104,09:54:48,0.05,3600,112450
20240104,09:54:57,0.05,3600,112450
20240104,09:55:00,0.05,3600,112450
20240104,09:55:03,0.05,3600,112450
20240104,09:55:04,0.05,3600,112450
20240104,09:55:05,0.05,3600,112450
20240104,09:55:06,0.05,3600,112450
20240104,09:55:13,0.05,1800,112450
20240104,09:55:14,0.05,1800,112450
20240104,09:56:08,0.1,1500,112450
20240104,09:56:22,0.1,1800,112450
20240104,09:56:23,0.1,1800,112450
20240104,09:56:24,0.1,5400,112450
20240104,09:56:25,0.1,3600,112450
20240104,09:56:26,0.1,3600,110050
20240104,09:56:27,0.1,5400,110050
20240104,09:56:28,0.1,3600,110050
20240104,09:56:29,0.1,3600,110050
20240104,09:56:30,0.1,1800,110050
20240104,09:56:31,0.1,7200,110050
20240104,09:56:32,0.1,3600,110050
20240104,09:56:33,0.1,1800,110050
20240104,09:56:34,0.1,3600,110050
20240104,09:56:35,0.1,1800,110050
20240104,09:56:36,0.1,3600,110050
20240104,09:56:37,0.1,3200,110050
20240104,09:58:07,0.1,5400,110050
20240104,09:58:08,0.1,50,110050
20240104,09:58:30,0.1,1800,110050
20240104,09:58:31,0.1,1500,110050
20240104,09:58:39,0.1,700,110050
20240104,09:58:56,0.05,600,110050
20240104,09:58:56,0.05,200,110050
20240104,09:58:58,0.05,150,110050
20240104,09:59:41,0.1,1800,109800
20240104,09:59:43,0.1,2050,109800
20240104,09:59:52,0.1,250,109800
20240104,10:00:08,0.1,50,109800
20240104,10:00:10,0.1,50,109800
20240104,10:01:44,0.1,1800,109800
20240104,10:02:23,0.1,50,109800
20240104,10:02:57,0.1,1800,110000
20240104,10:04:11,0.1,1800,110000
20240104,10:05:09,0.1,50,110000
20240104,10:07:02,0.1,300,110000
20240104,10:07:02,0.1,50,110000
20240104,10:12:09,0.1,5400,110000
20240104,10:15:24,0.1,1000,110350
20240104,10:15:25,0.1,3200,110350
20240104,10:15:26,0.1,50,110350
20240104,10:19:02,0.1,50,110350
20240104,10:19:04,0.1,50,107300
20240104,10:20:04,0.05,150,107300
20240104,10:25:03,0.1,1800,107300
20240104,10:30:57,0.05,100,107400
20240104,10:38:52,0.1,250,107500
20240104,10:39:10,0.1,50,107500
20240104,10:43:15,0.05,150,107700
20240104,10:43:22,0.05,100,107700
20240104,10:43:24,0.05,150,107700
20240104,10:47:03,0.1,50,107700
20240104,10:49:09,0.05,50,108050
20240104,10:51:19,0.1,50,108100
20240104,11:10:11,0.1,250,108100
20240104,11:10:54,0.05,50,108100
20240104,11:18:19,0.05,150,108100
20240104,11:19:10,0.05,500,108100
20240104,11:19:55,0.1,350,108100
20240104,11:24:26,0.1,500,108600
20240104,11:28:21,0.1,300,108600
20240104,11:29:13,0.1,200,108600
20240104,11:29:55,0.05,150,108450
20240104,11:31:54,0.05,150,108450
20240104,11:33:52,0.1,350,108450
20240104,11:34:44,0.05,350,108450
20240104,11:46:52,0.05,300,108450
20240104,11:47:00,0.05,1800,108450
20240104,11:47:37,0.1,250,108450
20240104,11:50:09,0.1,350,108450
20240104,11:50:19,0.1,300,108450
20240104,11:51:35,0.1,300,108450
20240104,12:10:09,0.1,250,108450
20240104,12:18:14,0.05,250,108450
20240104,12:18:55,0.05,250,108450
20240104,12:20:39,0.05,350,108450
20240104,12:23:07,0.05,250,108450
20240104,12:24:23,0.05,400,108450
20240104,12:24:24,0.05,500,108450
20240104,12:24:25,0.05,300,108450
20240104,12:24:35,0.05,1800,108450
20240104,12:24:36,0.05,16200,108450
20240104,12:24:37,0.05,4050,108450
20240104,12:27:16,0.05,1800,108200
20240104,12:27:18,0.05,1800,108200
20240104,12:27:21,0.05,1800,108200
20240104,12:27:23,0.05,1800,108200
20240104,12:27:28,0.05,1800,108200
20240104,12:32:05,0.05,250,108200
20240104,12:35:54,0.05,500,108200
20240104,12:36:15,0.05,500,108200
20240104,12:39:13,0.05,50,108200
20240104,12:39:14,0.05,50,108200
20240104,12:39:16,0.05,900,108200
20240104,12:39:18,0.05,900,108200
20240104,12:39:36,0.05,1800,108200
20240104,12:39:43,0.05,1200,108200
20240104,12:41:32,0.05,500,108200
20240104,14:19:57,0.05,250,108200
20240104,14:19:58,0.05,300,108200
20240104,14:19:59,0.05,250,108200
20240104,14:20:11,0.05,250,108200
20240104,14:20:21,0.05,250,108200
