date,time,tick_price,volume,open_interest
20240207,09:25:14,3.05,150,150
20240207,09:32:08,3.05,150,150
20240207,09:34:59,3.05,200,300
20240207,09:39:42,3.05,150,500
20240207,10:23:28,3.05,150,650
20240207,10:24:36,2.1,1500,650
20240207,10:24:59,2.1,1050,650
20240207,10:26:03,3.05,150,2150
20240207,10:28:46,3.05,200,2300
20240207,10:31:14,3.05,150,2300
20240207,10:48:04,3.05,300,2450
20240207,11:06:20,3.2,300,2700
20240207,11:09:27,3.2,2500,3000
20240207,11:10:14,3.05,900,3000
20240207,11:11:13,3.0,500,6400
20240207,11:11:24,3.1,250,6400
20240207,11:11:52,3.1,1800,6400
20240207,11:12:03,3.1,250,6400
20240207,11:12:09,3.1,100,6400
20240207,11:15:07,3.0,50,6700
20240207,11:15:50,3.0,450,6700
20240207,11:16:35,3.0,250,6700
20240207,11:20:54,2.9,150,7400
20240207,11:32:38,3.25,50,7400
20240207,11:34:16,3.3,50,7400
20240207,11:34:32,3.35,50,7400
20240207,11:34:40,3.35,50,7400
20240207,11:35:03,3.3,50,7550
20240207,11:35:20,3.35,400,7550
20240207,11:37:32,3.3,50,7550
20240207,11:40:15,3.3,50,7950
20240207,11:41:15,3.4,600,8000
20240207,11:42:06,3.4,50,8000
20240207,11:44:07,3.4,850,8100
20240207,11:47:08,3.0,50,8150
20240207,11:47:48,3.05,50,8150
20240207,11:48:25,3.05,50,8150
20240207,11:48:47,2.9,250,8150
20240207,11:48:55,2.9,100,8150
20240207,11:49:20,2.85,200,8150
20240207,12:02:11,3.0,3600,8200
20240207,12:02:27,3.05,750,8200
20240207,12:02:35,3.0,200,8200
20240207,12:03:22,2.9,750,8200
20240207,12:03:30,2.9,150,8200
20240207,12:03:37,2.9,600,8200
20240207,12:08:05,2.95,50,12750
20240207,12:13:01,2.95,100,12750
20240207,12:16:35,2.95,250,12850
20240207,12:17:13,2.95,250,12850
20240207,12:24:11,2.9,50,12850
20240207,12:25:32,2.8,750,12850
20240207,12:25:54,2.8,100,12850
20240207,12:29:17,2.8,50,13500
20240207,12:29:24,2.75,400,13500
20240207,12:30:15,2.8,250,13500
20240207,12:31:14,2.75,50,13500
20240207,12:31:29,2.7,300,13500
20240207,12:31:46,2.75,50,13500
20240207,12:32:00,2.8,50,13250
20240207,12:33:07,2.75,50,13250
20240207,12:35:06,2.7,150,13300
20240207,12:35:14,2.7,50,13300
20240207,12:35:21,2.6,750,13300
20240207,12:35:29,2.65,50,13300
20240207,12:35:44,2.6,300,13300
20240207,12:35:52,2.6,250,13300
20240207,12:36:06,2.6,50,13300
20240207,12:36:20,2.6,400,13300
20240207,12:36:26,2.6,200,13300
20240207,12:36:32,2.6,100,13300
20240207,12:37:02,2.6,50,13300
20240207,12:37:09,2.6,100,13300
20240207,12:37:16,2.6,50,13300
20240207,12:37:30,2.65,50,13300
20240207,12:37:36,2.65,50,13300
20240207,12:40:14,2.7,50,15300
20240207,12:40:47,2.75,100,15300
20240207,12:40:54,2.75,50,15300
20240207,12:45:08,2.75,100,15450
20240207,12:45:51,2.75,50,15450
20240207,12:47:48,2.75,100,15600
20240207,12:48:06,2.75,250,15600
20240207,12:48:13,2.75,50,15600
20240207,12:48:47,2.75,50,15600
20240207,12:48:52,2.75,50,15600
20240207,12:49:31,2.75,50,15600
20240207,12:49:59,2.7,500,15600
20240207,12:59:19,2.7,50,16150
20240207,13:01:03,2.7,50,16150
20240207,13:01:37,2.7,50,16150
20240207,13:15:19,2.85,400,16000
20240207,13:15:48,2.85,100,16000
20240207,13:15:54,2.85,1550,16000
20240207,13:16:00,2.9,900,16000
20240207,13:16:27,2.95,300,16000
20240207,13:16:39,2.85,900,16000
20240207,13:17:27,2.9,300,16600
20240207,13:18:01,2.9,1200,16600
20240207,13:18:13,2.9,250,16600
20240207,13:18:28,2.9,300,16600
20240207,13:18:44,2.95,300,16600
20240207,13:19:48,2.95,150,16600
20240207,13:19:53,2.95,450,16600
20240207,13:20:59,2.9,750,19200
20240207,13:21:08,2.9,600,19200
20240207,13:21:42,2.9,50,19200
20240207,13:26:39,2.8,50,20450
20240207,13:26:45,2.8,50,20450
20240207,13:27:03,2.85,250,20450
20240207,13:27:08,2.85,50,20450
20240207,13:30:29,2.85,600,20800
20240207,13:30:35,2.85,150,20800
20240207,13:30:41,2.95,1650,20800
20240207,13:31:05,2.95,450,20800
20240207,13:42:09,2.75,100,23550
20240207,13:42:17,2.65,1300,23550
20240207,13:42:27,2.65,600,23550
20240207,13:42:37,2.65,250,23550
20240207,13:43:09,2.6,200,23550
20240207,13:43:17,2.6,50,23550
20240207,13:43:33,2.6,50,23550
20240207,13:43:45,2.65,100,23550
20240207,13:43:50,2.6,100,23550
20240207,13:43:56,2.6,50,23550
20240207,13:44:02,2.6,50,23550
20240207,13:44:12,2.5,600,22150
20240207,13:44:21,2.55,50,22150
20240207,13:45:03,2.65,300,22150
20240207,13:45:12,2.65,100,22150
20240207,13:45:33,2.65,50,22150
20240207,13:45:45,2.75,150,22150
20240207,13:48:07,2.8,50,21600
20240207,13:48:56,2.6,7200,21600
20240207,13:49:01,2.5,2800,21600
20240207,13:49:14,2.6,50,21600
20240207,13:51:14,2.55,2700,28050
20240207,13:51:19,2.5,100,28050
20240207,13:53:53,2.55,50,30150
20240207,13:54:33,2.55,50,30150
20240207,13:54:44,2.55,50,30150
20240207,13:55:28,2.5,50,30150
20240207,13:56:29,2.55,500,30150
20240207,14:01:19,2.45,1800,30150
20240207,14:02:03,2.5,350,30150
20240207,14:02:08,2.45,450,30150
20240207,14:02:54,2.4,300,31450
20240207,14:03:25,2.4,300,31450
20240207,14:03:41,2.5,250,31450
20240207,14:04:02,2.45,2650,31450
20240207,14:04:39,2.45,200,31450
20240207,14:06:14,2.4,350,34050
20240207,14:07:36,2.4,50,34050
20240207,14:07:42,2.4,800,34050
20240207,14:08:03,2.45,150,34050
20240207,14:08:20,2.4,350,34250
20240207,14:08:26,2.4,650,34250
20240207,14:08:33,2.45,650,34250
20240207,14:08:47,2.4,50,34250
20240207,14:09:52,2.45,150,34250
20240207,14:10:46,2.45,300,34250
20240207,14:11:20,2.4,50,35700
20240207,14:11:33,2.4,150,35700
20240207,14:11:47,2.45,150,35700
20240207,14:13:55,2.45,350,35700
20240207,14:14:02,2.45,100,35700
20240207,14:14:58,2.4,600,35800
20240207,14:15:04,2.4,350,35800
20240207,14:15:11,2.4,1050,35800
20240207,14:15:18,2.5,50,35800
20240207,14:16:25,2.4,450,35800
20240207,14:17:24,2.35,100,34650
20240207,14:18:10,2.35,50,34650
20240207,14:18:33,2.35,200,34650
20240207,14:18:40,2.35,50,34650
20240207,14:18:58,2.3,50,34650
20240207,14:19:40,2.35,350,34650
20240207,14:19:47,2.35,100,34650
20240207,14:19:56,2.4,1050,34650
20240207,14:22:13,2.35,50,34150
20240207,14:23:11,2.35,50,34150
20240207,14:23:47,2.45,450,34150
20240207,14:27:03,2.4,6800,33700
20240207,14:28:28,2.35,50,33700
20240207,14:30:12,2.35,1150,35300
20240207,14:30:20,2.3,650,35300
20240207,14:32:10,2.3,100,35300
20240207,14:33:42,2.4,200,36550
20240207,14:33:50,2.35,450,36550
20240207,14:35:38,2.35,150,36550
20240207,14:35:44,2.3,50,36550
20240207,14:35:52,2.3,250,36550
20240207,14:35:59,2.35,50,36550
20240207,14:36:07,2.35,350,36550
20240207,14:36:15,2.35,50,36550
20240207,14:36:54,2.3,50,36550
20240207,14:37:02,2.35,100,36550
20240207,14:38:45,2.35,200,36550
20240207,14:39:08,2.35,50,36550
20240207,14:39:56,2.4,800,36550
20240207,14:40:21,2.4,300,36550
20240207,14:41:12,2.45,1650,36550
20240207,14:42:12,2.35,1600,36700
20240207,14:42:17,2.35,100,36700
20240207,14:42:22,2.35,1600,36700
20240207,14:42:27,2.3,100,36700
20240207,14:42:49,2.35,800,36700
20240207,14:43:41,2.35,250,36700
20240207,14:44:37,2.35,100,39850
20240207,14:45:07,2.2,500,39850
20240207,14:47:50,2.3,50,39850
20240207,14:49:21,2.25,150,40350
20240207,14:49:25,2.25,150,40350
20240207,14:49:36,2.25,150,40350
20240207,14:49:58,2.25,450,40350
20240207,14:50:04,2.2,150,40350
20240207,14:50:18,2.2,50,40350
20240207,14:50:33,2.15,300,40350
20240207,14:50:42,2.15,250,40350
20240207,14:51:23,2.15,150,40350
20240207,14:51:48,2.2,650,40350
20240207,14:51:52,2.2,50,40350
20240207,14:52:04,2.25,100,40350
20240207,14:55:42,2.25,200,40350
20240207,14:55:57,2.2,150,40350
20240207,14:56:36,2.2,350,40350
20240207,14:56:45,2.2,400,40350
20240207,14:57:19,2.25,50,40350
20240207,14:57:53,2.3,550,40350
20240207,14:58:04,2.3,50,40350
20240207,14:59:44,2.3,350,40350
20240207,14:59:50,2.3,50,40350
20240207,15:00:09,2.35,200,40350
20240207,15:00:33,2.3,100,40350
20240207,15:01:35,2.25,250,40350
20240207,15:01:40,2.25,250,40350
20240207,15:02:12,2.25,450,40350
20240207,15:02:17,2.25,250,40350
20240207,15:02:37,2.25,1100,40200
20240207,15:02:42,2.25,700,40200
20240207,15:02:47,2.25,1100,40200
20240207,15:03:04,2.2,300,40200
20240207,15:03:15,2.2,50,40200
20240207,15:04:13,2.2,650,40200
20240207,15:05:00,2.25,1150,40200
20240207,15:05:04,2.25,50,40200
20240207,15:07:09,2.2,300,39050
20240207,15:09:06,2.2,100,39050
20240207,15:09:14,2.2,50,39050
20240207,15:09:18,2.25,400,39050
20240207,15:09:39,2.3,400,39050
20240207,15:09:56,2.2,300,39050
20240207,15:10:17,2.2,200,39050
20240207,15:10:29,2.2,550,39050
20240207,15:10:50,2.2,500,39050
20240207,15:11:00,2.2,500,39050
20240207,15:11:45,2.15,500,39000
20240207,15:11:51,2.15,250,39000
20240207,15:13:32,2.15,350,39000
20240207,15:13:51,2.1,50,39000
20240207,15:13:55,2.15,200,39000
20240207,15:14:07,2.15,400,39000
20240207,15:14:11,2.15,250,39000
20240207,15:14:22,2.2,350,39000
20240207,15:14:44,2.2,750,38500
20240207,15:15:37,2.2,300,38500
20240207,15:15:49,2.2,200,38500
20240207,15:16:05,2.2,250,38500
20240207,15:16:29,2.2,700,38500
20240207,15:16:34,2.25,200,38500
20240207,15:17:08,2.2,50,38500
20240207,15:17:14,2.25,50,38500
20240207,15:17:20,2.25,150,38500
20240207,15:17:32,2.2,50,39600
20240207,15:17:42,2.25,50,39600
20240207,15:18:22,2.25,750,39600
20240207,15:18:49,2.25,100,39600
20240207,15:19:07,2.25,700,39600
20240207,15:19:12,2.25,200,39600
20240207,15:20:01,2.25,300,39600
20240207,15:20:36,2.25,550,39150
20240207,15:22:22,2.25,400,39150
20240207,15:22:26,2.2,4650,39150
20240207,15:22:31,2.15,100,39150
20240207,15:23:40,2.2,1300,43150
20240207,15:24:13,2.15,700,43150
20240207,15:24:38,2.15,50,43150
20240207,15:24:55,2.15,300,43150
20240207,15:25:44,2.1,1550,43150
20240207,15:25:50,2.1,50,43150
20240207,15:26:02,2.1,800,43150
20240207,15:26:08,2.05,600,43150
20240207,15:26:13,2.05,350,43150
20240207,15:26:19,2.05,2550,43150
20240207,15:26:25,2.05,600,43150
20240207,15:26:37,2.1,1200,48600
20240207,15:26:46,2.05,250,48600
20240207,15:26:51,2.0,1550,48600
20240207,15:27:01,2.0,800,48600
20240207,15:27:07,2.1,2200,48600
20240207,15:27:21,2.1,300,48600
20240207,15:27:36,2.05,700,48600
20240207,15:27:51,2.05,1700,48600
20240207,15:28:08,2.15,300,48600
20240207,15:28:14,2.1,100,48600
20240207,15:28:22,2.1,350,48600
20240207,15:28:32,2.15,1400,48600
20240207,15:28:40,2.1,50,48600
20240207,15:29:09,2.1,150,48600
20240207,15:29:50,2.1,600,49750
20240207,15:29:59,2.05,50,49750
20240208,09:15:19,2.0,1,49800
20240208,09:15:19,2.25,300,49800
20240208,09:16:42,1.9,500,49800
20240208,09:16:56,1.85,100,50500
20240208,09:17:08,1.85,50,50500
20240208,09:17:20,1.85,50,50500
20240208,09:17:51,1.95,700,50500
20240208,09:19:03,1.9,400,50500
20240208,09:19:14,1.85,1100,50500
20240208,09:19:43,1.9,350,50650
20240208,09:20:31,1.8,400,50650
20240208,09:20:43,1.9,1200,50650
20240208,09:20:54,1.75,450,50650
20240208,09:21:06,1.7,1850,50650
20240208,09:21:18,1.8,1250,50650
20240208,09:21:29,1.85,250,50650
20240208,09:21:51,1.85,50,50650
20240208,09:22:34,1.85,350,50650
20240208,09:23:04,1.8,1400,48950
20240208,09:23:25,1.8,800,48950
20240208,09:23:35,1.75,1750,48950
20240208,09:24:04,2.05,21350,48950
20240208,09:24:57,2.0,1900,48950
20240208,09:25:08,2.0,1650,48950
20240208,09:25:19,2.0,250,48950
20240208,09:25:39,2.0,50,48950
20240208,09:25:50,2.0,50,50550
20240208,09:26:00,2.0,700,50550
20240208,09:26:10,2.0,50,50550
20240208,09:26:20,2.0,50,50550
20240208,09:27:09,2.0,1800,50550
20240208,09:27:37,2.0,1800,50550
20240208,09:27:58,2.0,1800,50550
20240208,09:28:08,2.0,2050,50550
20240208,09:28:28,2.0,1500,50550
20240208,09:29:24,2.0,150,52250
20240208,09:30:49,1.95,100,52250
20240208,09:31:46,1.95,500,52250
20240208,09:32:21,1.95,50,52400
20240208,09:32:40,2.0,4500,52400
20240208,09:32:50,2.0,1550,52400
20240208,09:34:37,2.0,250,52400
20240208,09:35:15,2.05,1350,57750
20240208,09:35:51,2.1,5150,57750
20240208,09:36:18,2.05,1150,57750
20240208,09:36:35,2.05,100,57750
20240208,09:36:55,2.05,200,57750
20240208,09:37:04,2.05,100,57750
20240208,09:37:22,2.05,200,57750
20240208,09:38:50,2.05,350,56550
20240208,09:38:59,2.05,50,56550
20240208,09:39:09,2.05,50,56550
20240208,09:39:31,2.05,50,56550
20240208,09:43:12,2.05,100,56550
20240208,09:43:41,2.0,50,56550
20240208,09:44:09,2.05,50,56550
20240208,09:45:25,2.05,150,56550
20240208,09:45:35,2.0,5000,56550
20240208,09:45:56,2.0,4000,56550
20240208,09:46:26,2.0,1000,56550
20240208,09:46:48,2.05,50,56550
20240208,09:49:52,2.0,1800,66550
20240208,09:50:41,2.05,50,66550
20240208,09:51:19,2.05,1500,66550
20240208,09:51:47,2.05,500,66550
20240208,09:52:26,2.0,400,66550
20240208,09:52:34,2.0,200,66550
20240208,09:53:04,2.0,500,68400
20240208,09:53:42,2.05,200,68400
20240208,09:54:12,2.05,100,68400
20240208,09:58:53,2.05,50,69100
20240208,09:59:30,2.0,50,69100
20240208,09:59:38,2.05,1200,69100
20240208,10:00:14,2.05,1600,69100
20240208,10:00:32,2.05,200,69100
20240208,10:02:12,2.0,50,70400
20240208,10:02:27,2.0,600,70400
20240208,10:04:59,2.0,400,70450
20240208,10:05:12,2.0,3200,70450
20240208,10:05:24,2.0,100,70450
20240208,10:07:24,2.0,250,70450
20240208,10:08:18,2.0,350,74300
20240208,10:08:27,2.05,2950,74300
20240208,10:08:43,2.1,800,74300
20240208,10:08:52,2.05,1700,74300
20240208,10:09:02,2.05,1500,74300
20240208,10:09:12,2.1,800,74300
20240208,10:09:24,2.1,400,74300
20240208,10:09:34,2.1,50,74300
20240208,10:10:01,2.1,100,74300
20240208,10:10:11,2.1,150,74300
20240208,10:10:22,2.05,1300,74300
20240208,10:11:32,2.05,1800,83050
20240208,10:11:49,2.05,350,83050
20240208,10:11:57,2.05,200,83050
20240208,10:12:38,2.05,50,83050
20240208,10:12:46,2.05,100,83050
20240208,10:13:09,2.05,450,83050
20240208,10:13:17,2.05,300,83050
20240208,10:13:51,2.05,300,83050
20240208,10:14:52,2.05,50,85900
20240208,10:15:25,2.05,50,85900
20240208,10:15:35,2.05,200,85900
20240208,10:15:57,2.05,100,85900
20240208,10:16:07,2.05,600,85900
20240208,10:16:16,2.05,50,85900
20240208,10:16:26,2.05,100,85900
20240208,10:16:35,2.05,50,85900
20240208,10:19:03,2.05,1100,85650
20240208,10:19:11,2.05,100,85650
20240208,10:19:29,2.05,50,85650
20240208,10:20:01,2.1,50,85650
20240208,10:20:11,2.05,300,85650
20240208,10:20:20,2.05,550,85650
20240208,10:20:29,2.05,500,85650
20240208,10:20:37,2.05,250,85650
20240208,10:20:45,2.05,250,85650
20240208,10:21:03,2.1,900,85650
20240208,10:21:11,2.1,300,85650
20240208,10:22:29,2.1,100,85650
20240208,10:24:01,2.05,100,87050
20240208,10:24:17,2.05,600,87050
20240208,10:25:06,2.05,350,87050
20240208,10:26:20,2.0,50,87700
20240208,10:26:40,2.0,100,87700
20240208,10:26:49,2.0,50,87700
20240208,10:26:58,2.0,100,87700
20240208,10:27:07,2.0,1150,87700
20240208,10:27:17,2.0,600,87700
20240208,10:27:26,2.0,150,87700
20240208,10:27:44,2.0,50,87700
20240208,10:28:00,2.0,500,87700
20240208,10:28:08,2.0,1400,87700
20240208,10:28:25,1.95,150,87700
20240208,10:28:34,1.95,1150,87700
20240208,10:29:22,1.95,850,88600
20240208,10:29:55,1.95,50,88600
20240208,10:30:10,1.95,50,88600
20240208,10:30:27,1.95,250,88600
20240208,10:31:05,2.0,50,88600
20240208,10:31:14,2.0,50,88600
20240208,10:32:14,1.95,2700,88850
20240208,10:32:22,1.9,10800,88850
20240208,10:32:30,1.9,600,88850
20240208,10:33:20,1.9,2100,88850
20240208,10:33:37,1.9,5800,88850
20240208,10:33:53,1.9,100,88850
20240208,10:34:25,1.9,4100,88850
20240208,10:36:25,1.95,450,104000
20240208,10:37:39,1.95,50,104000
20240208,10:37:47,2.0,2500,104000
20240208,10:39:29,2.0,1500,104000
20240208,10:39:46,2.0,400,104000
20240208,10:39:56,2.0,300,104000
20240208,10:40:04,2.0,350,104000
20240208,10:41:36,2.0,500,103500
20240208,10:41:46,2.0,100,103500
20240208,10:42:06,1.95,250,103500
20240208,10:42:16,1.9,50,103500
20240208,10:43:24,2.0,100,103500
20240208,10:45:17,2.0,450,103550
20240208,10:45:26,1.9,2300,103550
20240208,10:45:54,1.9,100,103550
20240208,10:46:38,1.9,200,103550
20240208,10:47:28,1.9,250,105200
20240208,10:48:04,1.95,100,105200
20240208,10:48:21,1.9,2100,105200
20240208,10:49:52,1.95,450,105200
20240208,10:50:08,1.9,50,106500
20240208,10:50:34,1.9,50,106500
20240208,10:51:19,1.95,550,106500
20240208,10:52:00,1.9,22800,106500
20240208,10:52:08,1.95,30900,106500
20240208,10:52:16,1.95,14750,106500
20240208,10:52:23,2.0,5200,106500
20240208,10:52:32,2.0,4550,106500
20240208,10:52:40,2.0,50,106500
20240208,10:53:19,1.95,500,169950
20240208,10:53:27,1.9,8150,169950
20240208,10:54:43,1.85,500,169950
20240208,10:56:08,1.85,1000,169950
20240208,10:56:16,1.95,1050,169950
20240208,10:57:08,1.95,350,169950
20240208,10:57:29,1.85,1900,169950
20240208,10:57:39,1.85,2250,169950
20240208,10:57:51,1.9,1050,169950
20240208,10:58:03,1.9,2250,169950
20240208,10:58:14,1.9,50,169950
20240208,10:58:26,1.9,4900,169950
20240208,10:59:08,1.9,2000,176750
20240208,10:59:18,1.9,200,176750
20240208,10:59:27,1.9,250,176750
20240208,10:59:34,1.85,750,176750
20240208,10:59:42,1.9,500,176750
20240208,10:59:50,1.85,200,176750
20240208,11:00:08,1.95,800,176750
20240208,11:00:20,1.95,450,176750
20240208,11:00:32,2.0,150,176750
20240208,11:00:43,2.05,150,176750
20240208,11:00:54,2.0,100,176750
20240208,11:01:04,2.0,100,176750
20240208,11:01:14,2.05,50,176750
20240208,11:01:34,2.0,300,176750
20240208,11:02:22,1.95,1000,179300
20240208,11:02:32,1.95,600,179300
20240208,11:02:41,2.0,1450,179300
20240208,11:03:02,2.0,500,179300
20240208,11:03:13,2.05,50,179300
20240208,11:03:25,2.05,150,179300
20240208,11:03:35,2.05,50,179300
20240208,11:04:14,2.05,450,179300
20240208,11:04:23,2.0,200,179300
20240208,11:04:33,2.1,50,179300
20240208,11:04:42,2.15,250,179300
20240208,11:04:52,2.15,50,179300
20240208,11:05:01,2.1,100,176600
20240208,11:05:09,2.1,250,176600
20240208,11:05:18,2.1,50,176600
20240208,11:05:26,2.15,5000,176600
20240208,11:05:36,2.15,400,176600
20240208,11:05:55,2.15,5200,176600
20240208,11:06:15,2.05,50,176600
20240208,11:06:24,2.05,5050,176600
20240208,11:06:45,2.0,500,176600
20240208,11:06:56,2.05,5300,176600
20240208,11:07:06,2.05,1000,176600
20240208,11:07:16,2.05,200,176600
20240208,11:07:46,2.05,50,176600
20240208,11:08:06,2.05,200,171550
20240208,11:08:34,2.15,1150,171550
20240208,11:08:44,2.2,50,171550
20240208,11:09:12,2.2,1650,171550
20240208,11:09:22,2.2,400,171550
20240208,11:09:31,2.2,50,171550
20240208,11:09:41,2.25,50,171550
20240208,11:09:59,2.3,100,171550
20240208,11:10:08,2.4,1400,171550
20240208,11:10:27,2.45,500,171550
20240208,11:10:37,2.45,50,171550
20240208,11:10:46,2.5,1350,171550
20240208,11:10:55,2.4,50,171550
20240208,11:11:11,2.45,100,171750
20240208,11:11:21,2.5,200,171750
20240208,11:11:31,2.45,1600,171750
20240208,11:11:40,2.4,50,171750
20240208,11:11:49,2.35,3700,171750
20240208,11:11:58,2.35,250,171750
20240208,11:12:08,2.35,300,171750
20240208,11:12:53,2.3,50,171750
20240208,11:13:20,2.45,50,171750
20240208,11:13:28,2.4,1550,171750
20240208,11:13:37,2.45,200,171750
20240208,11:14:02,2.45,3100,167750
20240208,11:14:11,2.45,4400,167750
20240208,11:14:20,2.45,300,167750
20240208,11:14:37,2.45,1100,167750
20240208,11:15:01,2.45,800,167750
20240208,11:15:18,2.45,300,167750
20240208,11:15:26,2.45,500,167750
20240208,11:15:44,2.45,3050,167750
20240208,11:15:53,2.45,350,167750
20240208,11:16:02,2.45,250,167750
20240208,11:16:09,2.45,50,167750
20240208,11:16:26,2.45,450,167750
20240208,11:16:53,2.4,100,167750
20240208,11:17:01,2.45,100,167350
20240208,11:17:09,2.4,150,167350
20240208,11:17:19,2.4,450,167350
20240208,11:17:27,2.4,150,167350
20240208,11:18:08,2.4,300,167350
20240208,11:18:40,2.35,3300,167350
20240208,11:18:56,2.3,4000,167350
20240208,11:19:05,2.35,1800,167350
20240208,11:19:13,2.3,900,167350
20240208,11:19:21,2.3,500,167350
20240208,11:19:29,2.25,200,167350
20240208,11:19:38,2.25,50,167350
20240208,11:19:46,2.25,400,167350
20240208,11:20:03,2.25,100,167350
20240208,11:20:12,2.25,50,168200
20240208,11:20:20,2.25,1200,168200
20240208,11:20:29,2.25,1400,168200
20240208,11:21:35,2.2,2350,168200
20240208,11:21:44,2.2,2100,168200
20240208,11:22:50,2.15,1250,168200
20240208,11:24:09,2.15,1800,168150
20240208,11:24:56,2.15,800,168150
20240208,11:25:12,2.2,2200,168150
20240208,11:26:20,2.2,50,168150
20240208,11:27:20,2.15,250,168150
20240208,11:27:29,2.15,50,168150
20240208,11:27:37,2.15,1650,168150
20240208,11:27:56,2.1,300,168150
20240208,11:28:15,2.1,300,168150
20240208,11:28:40,2.1,600,168150
20240208,11:28:49,2.1,600,168150
20240208,11:28:58,2.05,550,168150
20240208,11:29:17,2.05,100,167850
20240208,11:29:25,2.15,1800,167850
20240208,11:29:33,2.1,1750,167850
20240208,11:30:14,2.1,200,167850
20240208,11:30:22,2.1,700,167850
20240208,11:30:39,2.1,950,167850
20240208,11:30:56,2.1,350,167850
20240208,11:32:02,2.1,150,167850
20240208,11:32:09,2.1,200,167900
20240208,11:32:26,2.1,300,167900
20240208,11:33:06,2.1,50,167900
20240208,11:34:43,2.1,100,167900
20240208,11:34:51,2.1,300,167900
20240208,11:34:58,2.1,150,167900
20240208,11:35:22,2.05,500,167900
20240208,11:35:29,2.05,1500,167900
20240208,11:36:00,2.05,1800,167900
20240208,11:37:00,2.05,200,167900
20240208,11:37:31,2.0,700,167900
20240208,11:38:12,2.0,1150,167900
20240208,11:38:20,2.0,950,167900
20240208,11:38:42,2.05,400,167900
20240208,11:39:18,2.05,200,167900
20240208,11:39:25,2.05,1800,167900
20240208,11:39:56,2.05,1600,167900
20240208,11:40:18,2.05,50,167900
20240208,11:41:13,2.05,50,168500
20240208,11:41:41,2.0,300,168500
20240208,11:41:55,2.0,200,168500
20240208,11:42:23,2.0,50,168500
20240208,11:42:31,2.05,900,168500
20240208,11:42:38,2.05,450,168500
20240208,11:42:45,2.05,2100,168500
20240208,11:42:52,2.05,1800,168500
20240208,11:42:59,2.1,750,168500
20240208,11:43:08,2.1,2900,168500
20240208,11:43:24,2.1,50,168500
20240208,11:43:39,2.1,100,168500
20240208,11:43:47,2.05,3100,168500
20240208,11:44:24,2.0,50,168250
20240208,11:45:13,2.05,350,168250
20240208,11:45:40,2.0,700,168250
20240208,11:46:08,2.0,100,168250
20240208,11:46:15,2.05,150,168250
20240208,11:46:28,2.05,550,168250
20240208,11:46:35,2.0,500,168250
20240208,11:46:43,2.0,500,168250
20240208,11:46:56,2.0,100,168250
20240208,11:47:02,2.0,50,168250
20240208,11:47:09,2.0,250,169100
20240208,11:47:16,2.0,250,169100
20240208,11:47:23,2.0,50,169100
20240208,11:47:29,2.0,100,169100
20240208,11:47:36,2.0,250,169100
20240208,11:47:43,2.0,50,169100
20240208,11:47:50,2.0,50,169100
20240208,11:48:25,2.0,350,169100
20240208,11:48:39,2.0,50,169100
20240208,11:49:31,2.0,400,169100
20240208,11:50:05,2.0,50,169100
20240208,11:50:13,2.0,50,169100
20240208,11:50:35,2.0,50,169100
20240208,11:50:42,2.0,100,169100
20240208,11:51:09,2.0,50,169100
20240208,11:51:15,2.0,1550,169100
20240208,11:51:22,2.0,50,169100
20240208,11:51:30,2.0,50,169100
20240208,11:51:44,2.0,50,169100
20240208,11:51:51,2.0,900,169100
20240208,11:51:58,1.95,1100,169100
20240208,11:52:05,1.95,250,169100
20240208,11:52:12,1.95,100,169100
20240208,11:52:26,2.0,100,169100
20240208,11:53:06,2.0,200,169100
20240208,11:53:55,1.95,600,169400
20240208,11:54:14,1.9,800,169400
20240208,11:54:23,1.95,200,169400
20240208,11:54:31,2.05,12250,169400
20240208,11:55:01,2.05,50,169400
20240208,11:57:29,2.0,1100,178650
20240208,11:57:44,2.05,3200,178650
20240208,11:58:55,2.05,50,178650
20240208,11:59:30,2.05,50,180200
20240208,11:59:38,2.05,50,180200
20240208,12:00:25,2.1,300,180200
20240208,12:00:33,2.05,50,180200
20240208,12:00:41,2.05,2050,180200
20240208,12:02:10,2.05,450,180200
20240208,12:02:19,2.05,750,180500
20240208,12:02:28,2.05,50,180500
20240208,12:02:46,2.05,550,180500
20240208,12:03:11,2.0,100,180500
20240208,12:03:20,2.05,1400,180500
20240208,12:03:28,2.05,50,180500
20240208,12:04:09,2.05,1400,180500
20240208,12:04:41,2.05,400,180500
20240208,12:05:16,2.0,50,180700
20240208,12:05:31,2.0,200,180700
20240208,12:05:53,2.0,600,180700
20240208,12:06:00,2.0,200,180700
20240208,12:07:47,2.0,250,180700
20240208,12:09:39,2.05,100,182000
20240208,12:09:45,2.0,1800,182000
20240208,12:09:57,2.0,400,182000
20240208,12:11:30,2.05,100,183750
20240208,12:13:05,2.0,50,183750
20240208,12:13:14,2.0,50,183750
20240208,12:13:32,2.05,300,183750
20240208,12:14:56,2.0,4450,183750
20240208,12:15:27,2.0,50,183750
20240208,12:16:21,2.0,250,183750
20240208,12:18:04,2.0,1800,188200
20240208,12:18:44,1.95,300,188200
20240208,12:20:33,2.0,50,188100
20240208,12:20:47,1.95,1000,188100
20240208,12:20:53,2.05,11000,188100
20240208,12:22:52,2.05,50,188100
20240208,12:23:03,2.05,1000,188100
20240208,12:24:05,2.05,150,196700
20240208,12:25:52,2.05,100,196700
20240208,12:25:58,2.05,150,196700
20240208,12:26:05,2.05,200,196700
20240208,12:26:11,2.05,1050,196700
20240208,12:26:31,2.1,50,196700
20240208,12:27:13,2.05,850,196700
20240208,12:30:22,2.0,250,196750
20240208,12:31:24,2.0,600,196750
20240208,12:32:22,2.05,200,196850
20240208,12:32:33,2.0,1000,196850
20240208,12:32:45,2.05,900,196850
20240208,12:33:08,2.05,3800,196850
20240208,12:34:41,2.05,2150,196850
20240208,12:35:24,2.05,600,201650
20240208,12:38:55,2.0,100,201650
20240208,12:42:29,2.0,1000,201650
20240208,12:42:46,2.0,50,201650
20240208,12:43:11,2.0,50,201650
20240208,12:44:40,2.0,1000,202300
20240208,12:46:15,2.0,1200,202300
20240208,12:46:20,2.0,1600,202300
20240208,12:46:27,2.0,2850,202300
20240208,12:46:33,2.0,2150,202300
20240208,12:46:39,2.0,2250,202300
20240208,12:46:50,2.05,100,202300
20240208,12:47:14,2.0,400,202300
20240208,12:47:20,2.0,250,210950
20240208,12:47:31,2.0,50,210950
20240208,12:49:55,2.0,50,210950
20240208,12:50:23,2.0,50,211250
20240208,12:51:04,2.0,50,211250
20240208,12:54:51,1.95,1800,211350
20240208,12:56:24,1.95,1800,212900
20240208,12:57:01,2.0,800,212900
20240208,12:59:29,1.95,50,214700
20240208,12:59:57,1.9,350,214700
20240208,13:00:02,1.9,1250,214700
20240208,13:01:46,1.85,1200,214700
20240208,13:01:52,1.85,500,214700
20240208,13:02:04,1.85,1000,214700
20240208,13:02:16,1.85,50,214700
20240208,13:02:22,1.85,950,213300
20240208,13:02:41,1.85,50,213300
20240208,13:03:27,1.85,50,213300
20240208,13:03:55,1.85,3600,213300
20240208,13:04:22,1.8,2200,213300
20240208,13:04:31,1.8,1800,213300
20240208,13:04:50,1.85,1000,213300
20240208,13:04:54,1.8,650,213300
20240208,13:05:22,1.85,1800,213300
20240208,13:05:27,1.85,1250,213100
20240208,13:05:41,1.9,700,213100
20240208,13:05:45,1.9,300,213100
20240208,13:05:58,1.9,250,213100
20240208,13:06:38,1.9,1150,213100
20240208,13:07:09,1.9,3600,213100
20240208,13:07:17,1.9,900,213100
20240208,13:08:05,1.85,50,213100
20240208,13:08:17,1.85,900,213100
20240208,13:08:26,1.85,1800,210750
20240208,13:08:51,1.9,2450,210750
20240208,13:08:56,1.9,50,210750
20240208,13:09:00,1.9,100,210750
20240208,13:09:03,1.9,500,210750
20240208,13:09:44,1.85,1000,210750
20240208,13:10:01,1.85,50,210750
20240208,13:10:07,1.85,50,210750
20240208,13:10:43,1.85,50,210750
20240208,13:10:54,1.85,1300,210750
20240208,13:12:20,1.95,9650,211100
20240208,13:12:23,1.95,1250,211100
20240208,13:12:27,1.95,100,211100
20240208,13:12:48,1.95,1800,211100
20240208,13:13:09,1.95,250,211100
20240208,13:13:14,1.95,1600,211100
20240208,13:13:40,1.95,1600,211100
20240208,13:16:20,2.0,200,220650
20240208,13:17:05,1.9,250,220650
20240208,13:17:09,1.9,250,220650
20240208,13:18:35,1.9,400,221200
20240208,13:24:00,1.95,600,221200
20240208,13:24:13,1.95,2600,221200
20240208,13:25:22,1.95,350,221200
20240208,13:26:11,1.95,2400,221200
20240208,13:27:17,1.9,800,221600
20240208,13:28:24,1.95,1500,221600
20240208,13:28:35,1.95,200,221600
20240208,13:29:30,1.9,50,223550
20240208,13:30:58,1.95,150,223550
20240208,13:31:03,1.95,550,223550
20240208,13:31:35,1.95,100,223550
20240208,13:33:15,1.95,2350,224050
20240208,13:34:49,2.0,2150,224050
20240208,13:36:04,2.0,50,226750
20240208,13:36:08,2.0,4800,226750
20240208,13:36:54,2.05,450,226750
20240208,13:36:58,2.05,100,226750
20240208,13:37:04,2.05,2300,226750
20240208,13:38:49,2.0,800,230300
20240208,13:40:14,2.05,50,230300
20240208,13:41:01,2.0,150,230300
20240208,13:41:29,2.05,250,231200
20240208,13:41:33,2.05,250,231200
20240208,13:42:22,2.05,3050,231200
20240208,13:45:45,2.15,5650,230650
20240208,13:45:53,2.15,100,230650
20240208,13:45:57,2.15,200,230650
20240208,13:46:19,2.1,2950,230650
20240208,13:46:25,2.15,250,230650
20240208,13:46:31,2.15,1350,230650
20240208,13:46:37,2.2,1800,230650
20240208,13:46:51,2.2,100,230650
20240208,13:47:10,2.15,250,230650
20240208,13:47:29,2.15,250,235600
20240208,13:49:43,2.2,3300,235600
20240208,13:50:21,2.15,250,235600
20240208,13:50:25,2.2,1250,235600
20240208,13:50:28,2.2,3800,237400
20240208,13:50:35,2.2,3800,237400
20240208,13:51:12,2.2,50,237400
20240208,13:51:28,2.25,17400,237400
20240208,13:51:30,2.2,1600,237400
20240208,13:51:36,2.2,2400,237400
20240208,13:51:40,2.2,3200,237400
20240208,13:51:43,2.2,8000,237400
20240208,13:51:52,2.2,2100,237400
20240208,13:51:55,2.25,1800,237400
20240208,13:52:03,2.2,6600,237400
20240208,13:52:10,2.2,7800,237400
20240208,13:52:30,2.25,5800,237400
20240208,13:52:37,2.2,400,237400
20240208,13:52:44,2.15,800,237400
20240208,13:52:53,2.15,27750,237400
20240208,13:53:00,2.15,300,237400
20240208,13:53:07,2.15,1000,237400
20240208,13:53:13,2.15,1050,237400
20240208,13:53:20,2.15,1500,237400
20240208,13:53:34,2.1,1600,269400
20240208,13:53:41,2.15,1550,269400
20240208,13:54:07,2.1,2000,269400
20240208,13:54:31,2.05,100,269400
20240208,13:54:50,2.1,1000,269400
20240208,13:55:19,2.05,9550,269400
20240208,13:55:26,2.05,250,269400
20240208,13:55:31,2.0,1500,269400
20240208,13:55:36,2.05,2400,269400
20240208,13:55:41,2.0,1600,269400
20240208,13:55:49,2.0,700,269400
20240208,13:55:55,2.0,650,269400
20240208,13:56:00,2.0,100,269400
20240208,13:56:05,2.0,150,269400
20240208,13:56:22,2.0,250,269400
20240208,13:56:27,2.0,500,276850
20240208,13:56:33,2.0,350,276850
20240208,13:57:02,2.0,5050,276850
20240208,13:59:46,2.05,1000,274300
20240208,13:59:59,2.05,1000,274300
20240208,14:00:40,2.05,3650,274300
20240208,14:00:43,2.05,1050,274300
20240208,14:00:51,2.05,2000,274300
20240208,14:00:55,2.1,50,274300
20240208,14:01:06,2.05,300,274300
20240208,14:01:17,2.1,500,274300
20240208,14:01:43,2.1,1800,274300
20240208,14:02:22,2.1,1000,274300
20240208,14:02:32,2.05,3800,274300
20240208,14:02:42,2.1,500,279650
20240208,14:02:59,2.1,1000,279650
20240208,14:03:03,2.1,1800,279650
20240208,14:03:45,2.15,4400,279650
20240208,14:03:51,2.1,2000,279650
20240208,14:04:06,2.15,3400,279650
20240208,14:04:21,2.1,1800,279650
20240208,14:04:56,2.05,3500,279650
20240208,14:05:05,2.1,100,279650
20240208,14:05:13,2.05,2000,279650
20240208,14:05:28,2.1,1800,279650
20240208,14:05:43,2.1,50,290700
20240208,14:06:12,2.1,50,290700
20240208,14:06:32,2.05,1000,290700
20240208,14:07:12,2.1,100,290700
20240208,14:07:26,2.1,50,290700
20240208,14:07:53,2.1,300,290700
20240208,14:08:25,2.1,2350,290700
20240208,14:09:28,2.1,50,291900
20240208,14:10:31,2.1,50,291900
20240208,14:11:23,2.1,200,291900
20240208,14:12:06,2.1,50,291900
20240208,14:12:12,2.15,12450,291900
20240208,14:12:29,2.2,200,291900
20240208,14:12:36,2.15,250,291900
20240208,14:12:43,2.2,2600,291900
20240208,14:13:01,2.15,1500,291900
20240208,14:13:40,2.2,2650,291900
20240208,14:13:53,2.25,10800,291900
20240208,14:14:01,2.25,2700,291900
20240208,14:14:35,2.2,1700,303550
20240208,14:14:43,2.25,50,303550
20240208,14:14:51,2.25,1900,303550
20240208,14:14:59,2.25,4700,303550
20240208,14:15:17,2.25,5400,303550
20240208,14:15:34,2.3,2950,303550
20240208,14:15:43,2.35,150,303550
20240208,14:15:51,2.45,500,303550
20240208,14:15:59,2.45,2300,303550
20240208,14:16:15,2.4,600,303550
20240208,14:16:23,2.4,400,303550
20240208,14:16:31,2.4,50,303550
20240208,14:16:39,2.45,50,303550
20240208,14:16:47,2.45,7250,303550
20240208,14:16:56,2.55,4950,303550
20240208,14:17:36,2.45,3600,309500
20240208,14:17:45,2.45,700,309500
20240208,14:17:53,2.45,1900,309500
20240208,14:18:01,2.5,8750,309500
20240208,14:18:09,2.5,300,309500
20240208,14:18:16,2.5,4550,309500
20240208,14:18:24,2.5,1600,309500
20240208,14:18:32,2.5,2050,309500
20240208,14:18:39,2.5,500,309500
20240208,14:18:47,2.5,50,309500
20240208,14:18:55,2.45,350,309500
20240208,14:19:02,2.45,4900,309500
20240208,14:19:25,2.45,1400,309500
20240208,14:19:59,2.4,2600,309500
20240208,14:20:12,2.45,1100,309500
20240208,14:20:19,2.45,1950,309500
20240208,14:20:25,2.4,1850,309500
20240208,14:20:33,2.4,1850,320450
20240208,14:20:40,2.4,50,320450
20240208,14:21:02,2.4,250,320450
20240208,14:21:16,2.45,3800,320450
20240208,14:21:23,2.45,2100,320450
20240208,14:21:30,2.4,50,320450
20240208,14:21:36,2.4,850,320450
20240208,14:21:43,2.45,400,320450
20240208,14:21:50,2.45,300,320450
20240208,14:21:56,2.4,450,320450
20240208,14:22:17,2.4,1050,320450
20240208,14:22:25,2.4,50,320450
20240208,14:22:33,2.4,1650,320450
20240208,14:22:40,2.35,550,320450
20240208,14:22:46,2.4,200,320450
20240208,14:23:07,2.4,2050,320450
20240208,14:23:14,2.45,5550,320450
20240208,14:23:21,2.4,900,320450
20240208,14:23:27,2.45,3850,320450
20240208,14:23:34,2.5,6700,329950
20240208,14:23:56,2.45,7000,329950
20240208,14:24:03,2.45,11400,329950
20240208,14:24:10,2.45,3800,329950
20240208,14:24:18,2.35,8800,329950
20240208,14:24:24,2.35,4900,329950
20240208,14:24:31,2.4,3400,329950
20240208,14:25:04,2.4,300,329950
20240208,14:25:11,2.4,800,329950
20240208,14:25:18,2.4,6800,329950
20240208,14:25:25,2.4,200,329950
20240208,14:25:33,2.4,4150,329950
20240208,14:26:12,2.35,400,329950
20240208,14:26:32,2.4,7700,329950
20240208,14:26:41,2.4,200,348450
20240208,14:27:00,2.45,2000,348450
20240208,14:27:09,2.35,10150,348450
20240208,14:27:17,2.4,1850,348450
20240208,14:27:26,2.4,1450,348450
20240208,14:27:35,2.4,2900,348450
20240208,14:27:51,2.35,4300,348450
20240208,14:27:59,2.35,4450,348450
20240208,14:28:08,2.35,4250,348450
20240208,14:28:16,2.35,2300,348450
20240208,14:28:24,2.4,7050,348450
20240208,14:28:32,2.4,1200,348450
20240208,14:28:40,2.4,5850,348450
20240208,14:28:48,2.4,3050,348450
20240208,14:28:56,2.45,2050,348450
20240208,14:29:03,2.35,3350,348450
20240208,14:29:33,2.35,200,348450
20240208,14:29:40,2.45,350,369000
20240208,14:29:47,2.45,100,369000
20240208,14:29:55,2.4,1950,369000
20240208,14:30:02,2.45,200,369000
20240208,14:30:10,2.4,50,369000
20240208,14:30:17,2.45,500,369000
20240208,14:30:33,2.45,5200,369000
20240208,14:30:49,2.45,1800,369000
20240208,14:30:56,2.45,1500,369000
20240208,14:31:05,2.5,250,369000
20240208,14:31:21,2.45,6350,369000
20240208,14:31:30,2.55,4250,369000
20240208,14:31:38,2.5,2200,369000
20240208,14:31:47,2.5,7650,369000
20240208,14:31:57,2.5,1000,369000
20240208,14:32:05,2.6,7600,369000
20240208,14:32:13,2.55,12550,369000
20240208,14:32:22,2.55,2400,369000
20240208,14:32:31,2.55,3900,388600
20240208,14:32:39,2.5,1950,388600
20240208,14:32:46,2.5,4350,388600
20240208,14:32:54,2.5,2150,388600
20240208,14:33:09,2.5,1100,388600
20240208,14:33:18,2.6,2450,388600
20240208,14:33:25,2.65,13500,388600
20240208,14:33:33,2.6,3200,388600
20240208,14:33:48,2.6,2850,388600
20240208,14:33:55,2.55,8800,388600
20240208,14:34:03,2.55,6500,388600
20240208,14:34:11,2.4,6600,388600
20240208,14:34:18,2.45,150,388600
20240208,14:34:26,2.5,7000,388600
20240208,14:34:33,2.55,300,388600
20240208,14:34:40,2.5,5050,388600
20240208,14:35:02,2.5,1000,388600
20240208,14:35:10,2.45,250,388600
20240208,14:35:17,2.5,1100,388600
20240208,14:35:25,2.55,4450,388600
20240208,14:35:33,2.6,4550,405050
20240208,14:35:41,2.7,4050,405050
20240208,14:35:49,2.6,4250,405050
20240208,14:36:06,2.6,750,405050
20240208,14:36:14,2.6,500,405050
20240208,14:36:22,2.6,550,405050
20240208,14:36:30,2.6,1000,405050
20240208,14:36:46,2.6,1650,405050
20240208,14:36:57,2.6,1500,405050
20240208,14:37:06,2.65,1900,405050
20240208,14:37:16,2.65,500,405050
20240208,14:37:24,2.6,350,405050
20240208,14:37:33,2.65,1500,405050
20240208,14:37:42,2.6,1200,405050
20240208,14:37:50,2.6,750,405050
20240208,14:37:59,2.6,100,405050
20240208,14:38:17,2.55,250,405050
20240208,14:38:25,2.55,450,405050
20240208,14:38:33,2.55,50,405050
20240208,14:38:42,2.55,150,407000
20240208,14:39:00,2.55,100,407000
20240208,14:39:10,2.55,500,407000
20240208,14:39:19,2.55,1800,407000
20240208,14:39:36,2.65,200,407000
20240208,14:39:45,2.55,500,407000
20240208,14:39:53,2.6,100,407000
20240208,14:40:02,2.55,500,407000
20240208,14:40:18,2.6,500,407000
20240208,14:40:26,2.6,100,407000
20240208,14:40:35,2.65,200,407000
20240208,14:40:43,2.65,4800,407000
20240208,14:40:51,2.65,50,407000
20240208,14:40:59,2.65,500,407000
20240208,14:41:08,2.65,2050,407000
20240208,14:41:34,2.65,2000,405400
20240208,14:41:43,2.6,50,405400
20240208,14:41:51,2.6,750,405400
20240208,14:41:59,2.6,50,405400
20240208,14:42:07,2.6,850,405400
20240208,14:42:16,2.6,350,405400
20240208,14:42:25,2.6,250,405400
20240208,14:42:34,2.6,100,405400
20240208,14:42:43,2.6,150,405400
20240208,14:42:59,2.6,2500,405400
20240208,14:43:24,2.6,1100,405400
20240208,14:43:57,2.6,1000,405400
20240208,14:44:30,2.65,50,405400
20240208,14:44:46,2.6,2100,405650
20240208,14:45:17,2.65,2600,405650
20240208,14:45:26,2.6,600,405650
20240208,14:45:34,2.6,400,405650
20240208,14:45:41,2.65,1500,405650
20240208,14:45:49,2.65,1000,405650
20240208,14:46:04,2.6,500,405650
20240208,14:46:19,2.6,150,405650
20240208,14:46:50,2.6,1400,405650
20240208,14:46:57,2.6,3500,405650
20240208,14:48:07,2.55,50,410600
20240208,14:48:45,2.55,1000,410600
20240208,14:49:30,2.5,2400,410600
20240208,14:49:38,2.5,1800,410600
20240208,14:50:33,2.5,1850,410600
20240208,14:50:41,2.5,1200,412750
20240208,14:50:49,2.5,900,412750
20240208,14:51:34,2.45,1750,412750
20240208,14:51:42,2.45,250,412750
20240208,14:51:57,2.4,2050,412750
20240208,14:52:13,2.45,1750,412750
20240208,14:52:20,2.45,2200,412750
20240208,14:52:27,2.45,1800,412750
20240208,14:53:43,2.5,1800,414900
20240208,14:53:50,2.45,450,414900
20240208,14:53:56,2.45,2000,414900
20240208,14:54:04,2.45,400,414900
20240208,14:54:27,2.5,3000,414900
20240208,14:54:35,2.5,2700,414900
20240208,14:55:11,2.5,1000,414900
20240208,14:55:19,2.55,10300,414900
20240208,14:55:26,2.6,500,414900
20240208,14:55:34,2.55,500,414900
20240208,14:55:43,2.55,750,414900
20240208,14:55:51,2.6,2000,414900
20240208,14:56:00,2.55,2050,414900
20240208,14:56:08,2.55,4200,414900
20240208,14:56:16,2.55,50,414900
20240208,14:56:24,2.55,800,414900
20240208,14:56:32,2.55,1250,414900
20240208,14:56:41,2.55,200,414900
20240208,14:56:58,2.55,500,417200
20240208,14:57:23,2.6,1800,417200
20240208,14:57:54,2.6,1600,417200
20240208,14:58:44,2.6,11150,417200
20240208,14:58:54,2.6,18300,417200
20240208,14:59:04,2.65,10200,417200
20240208,14:59:13,2.65,50,417200
20240208,14:59:22,2.6,500,417200
20240208,14:59:30,2.6,500,417200
20240208,14:59:39,2.6,1000,405350
20240208,14:59:48,2.6,1600,405350
20240208,14:59:57,2.6,100,405350
20240208,15:00:05,2.7,5300,405350
20240208,15:00:15,2.7,1650,405350
20240208,15:00:23,2.65,2650,405350
20240208,15:00:41,2.65,500,405350
20240208,15:01:17,2.6,1100,405350
20240208,15:01:26,2.65,4300,405350
20240208,15:01:35,2.65,2300,405350
20240208,15:01:54,2.7,1000,405350
20240208,15:02:14,2.8,3300,405350
20240208,15:02:24,2.8,200,405350
20240208,15:02:43,2.85,2900,399900
20240208,15:02:53,2.85,200,399900
20240208,15:03:03,2.9,9300,399900
20240208,15:03:13,2.9,600,399900
20240208,15:03:22,3.0,10900,399900
20240208,15:03:32,2.85,7850,399900
20240208,15:03:42,2.9,1750,399900
20240208,15:03:51,2.85,850,399900
20240208,15:04:01,2.9,3500,399900
20240208,15:04:10,2.85,3200,399900
20240208,15:04:19,2.85,1950,399900
20240208,15:04:28,2.8,950,399900
20240208,15:04:36,2.8,250,399900
20240208,15:04:45,2.75,2250,399900
20240208,15:04:54,2.8,150,399900
20240208,15:05:04,2.6,5800,399900
20240208,15:05:14,2.6,2600,399900
20240208,15:05:23,2.65,550,399900
20240208,15:05:33,2.65,1300,399900
20240208,15:05:41,2.65,2750,399900
20240208,15:05:49,2.6,50,402350
20240208,15:05:58,2.55,400,402350
20240208,15:06:07,2.6,850,402350
20240208,15:06:16,2.55,1650,402350
20240208,15:06:25,2.5,1950,402350
20240208,15:06:33,2.55,100,402350
20240208,15:06:42,2.55,3000,402350
20240208,15:06:51,2.5,2000,402350
20240208,15:07:08,2.55,2100,402350
20240208,15:07:18,2.55,1900,402350
20240208,15:07:36,2.55,1550,402350
20240208,15:07:45,2.55,1900,402350
20240208,15:07:54,2.55,2550,402350
20240208,15:08:03,2.55,3000,402350
20240208,15:08:11,2.55,150,402350
20240208,15:08:20,2.55,1800,402350
20240208,15:08:37,2.5,4550,402350
20240208,15:08:46,2.45,4150,407750
20240208,15:08:55,2.45,2250,407750
20240208,15:09:03,2.5,50,407750
20240208,15:09:12,2.45,300,407750
20240208,15:09:21,2.45,4000,407750
20240208,15:09:30,2.5,2900,407750
20240208,15:09:40,2.45,2650,407750
20240208,15:09:49,2.45,2300,407750
20240208,15:09:58,2.45,2150,407750
20240208,15:10:07,2.5,1650,407750
20240208,15:10:24,2.55,1950,407750
20240208,15:10:32,2.55,8350,407750
20240208,15:10:41,2.55,3300,407750
20240208,15:10:50,2.55,2050,407750
20240208,15:10:58,2.5,350,407750
20240208,15:11:16,2.55,1850,407750
20240208,15:11:24,2.5,1500,407750
20240208,15:11:41,2.45,7250,413950
20240208,15:11:49,2.45,7250,413950
20240208,15:11:58,2.45,3400,413950
20240208,15:12:06,2.4,7100,413950
20240208,15:12:14,2.35,5200,413950
20240208,15:12:22,2.35,3000,413950
20240208,15:12:30,2.35,800,413950
20240208,15:12:38,2.4,2100,413950
20240208,15:12:47,2.35,4950,413950
20240208,15:12:54,2.35,1200,413950
20240208,15:13:02,2.35,13550,413950
20240208,15:13:11,2.35,7550,413950
20240208,15:13:19,2.35,100,413950
20240208,15:13:34,2.35,1350,413950
20240208,15:14:07,2.35,1950,413950
20240208,15:14:16,2.4,18000,413950
20240208,15:14:33,2.4,4700,413950
20240208,15:14:50,2.45,1800,430250
20240208,15:15:07,2.4,3700,430250
20240208,15:15:16,2.45,4350,430250
20240208,15:15:41,2.45,2000,430250
20240208,15:15:49,2.45,3750,430250
20240208,15:15:58,2.4,1550,430250
20240208,15:16:05,2.45,500,430250
20240208,15:16:14,2.35,6050,430250
20240208,15:16:22,2.4,5700,430250
20240208,15:16:29,2.4,450,430250
20240208,15:16:37,2.4,750,430250
20240208,15:16:45,2.4,2200,430250
20240208,15:16:53,2.4,500,430250
20240208,15:17:01,2.45,2000,430250
20240208,15:17:08,2.4,1650,430250
20240208,15:17:16,2.4,600,430250
20240208,15:17:24,2.45,350,430250
20240208,15:17:40,2.45,1800,430250
20240208,15:17:48,2.45,5450,429900
20240208,15:17:56,2.45,1550,429900
20240208,15:18:04,2.4,1100,429900
20240208,15:18:11,2.4,150,429900
20240208,15:18:19,2.45,9900,429900
20240208,15:18:27,2.45,8650,429900
20240208,15:18:35,2.45,2550,429900
20240208,15:18:42,2.45,250,429900
20240208,15:18:50,2.5,5450,429900
20240208,15:18:57,2.5,3150,429900
20240208,15:19:05,2.5,3200,429900
20240208,15:19:21,2.45,8500,429900
20240208,15:19:29,2.4,10850,429900
20240208,15:19:37,2.4,1500,429900
20240208,15:19:45,2.4,1800,429900
20240208,15:19:53,2.4,3300,429900
20240208,15:20:02,2.4,2050,429900
20240208,15:20:11,2.4,1250,429900
20240208,15:20:19,2.35,2300,429900
20240208,15:20:27,2.4,2450,429900
20240208,15:20:36,2.4,850,429900
20240208,15:20:44,2.35,400,445550
20240208,15:20:52,2.4,650,445550
20240208,15:21:00,2.35,12550,445550
20240208,15:21:16,2.35,300,445550
20240208,15:21:24,2.35,50,445550
20240208,15:21:32,2.35,2650,445550
20240208,15:21:39,2.3,3000,445550
20240208,15:22:13,2.3,150,445550
20240208,15:22:21,2.35,2350,445550
20240208,15:22:29,2.3,900,445550
20240208,15:22:38,2.3,3750,445550
20240208,15:22:46,2.25,500,445550
20240208,15:23:02,2.3,50,445550
20240208,15:23:10,2.2,650,445550
20240208,15:23:18,2.2,50,445550
20240208,15:23:26,2.2,3400,445550
20240208,15:23:34,2.15,50,445550
20240208,15:23:48,2.15,150,448700
20240208,15:23:56,2.15,250,448700
20240208,15:24:03,2.15,50,448700
20240208,15:24:10,2.2,250,448700
20240208,15:24:18,2.2,350,448700
20240208,15:24:25,2.2,14800,448700
20240208,15:24:33,2.2,150,448700
20240208,15:24:40,2.2,1200,448700
20240208,15:24:48,2.25,2700,448700
20240208,15:24:55,2.2,3000,448700
20240208,15:25:12,2.25,200,448700
20240208,15:25:20,2.25,50,448700
20240208,15:25:29,2.25,5550,448700
20240208,15:25:37,2.25,7650,448700
20240208,15:25:45,2.2,9950,448700
20240208,15:25:53,2.25,19800,448700
20240208,15:26:25,2.2,4100,448700
20240208,15:26:34,2.3,2900,448700
20240208,15:26:42,2.2,550,439850
20240208,15:26:50,2.3,1050,439850
20240208,15:26:59,2.25,1100,439850
20240208,15:27:07,2.25,3200,439850
20240208,15:27:16,2.2,600,439850
20240208,15:27:25,2.2,4850,439850
20240208,15:27:34,2.2,8950,439850
20240208,15:27:43,2.25,9100,439850
20240208,15:27:53,2.25,100,439850
20240208,15:28:39,2.3,2850,439850
20240208,15:28:56,2.35,800,439850
20240208,15:29:05,2.35,2700,439850
20240208,15:29:13,2.35,1900,439850
20240208,15:29:22,2.3,1300,439850
20240208,15:29:31,2.3,500,439850
20240208,15:29:40,2.25,1300,439850
20240208,15:29:49,2.4,5450,441500
20240208,15:29:58,2.15,4450,441500
20240209,09:15:02,2.15,1,442250
20240209,09:15:02,2.15,300,442250
20240209,09:15:04,2.45,50,442250
20240209,09:15:05,2.5,2550,442250
20240209,09:15:05,1.8,2550,442250
20240209,09:15:06,2.2,10500,442250
20240209,09:15:07,2.35,8000,442250
20240209,09:15:08,2.5,14800,442250
20240209,09:15:09,2.4,5300,442250
20240209,09:15:12,2.35,850,442250
20240209,09:15:13,2.3,100,442250
20240209,09:15:15,2.3,1650,442250
20240209,09:15:21,2.35,6100,442250
20240209,09:15:22,2.25,700,442250
20240209,09:15:24,2.3,800,442250
20240209,09:15:28,2.3,2200,442250
20240209,09:15:30,2.3,2200,442250
20240209,09:15:31,2.25,250,442250
20240209,09:15:32,2.25,1250,442250
20240209,09:15:33,2.25,1200,442250
20240209,09:15:35,2.2,2750,442250
20240209,09:15:37,2.15,700,442250
20240209,09:15:41,2.15,200,442250
20240209,09:15:42,2.15,50,442250
20240209,09:15:44,2.15,1550,442250
20240209,09:15:46,2.2,750,442250
20240209,09:15:52,2.15,3450,442250
20240209,09:15:54,2.15,300,442250
20240209,09:15:56,2.15,50,442250
20240209,09:15:59,2.15,300,442250
20240209,09:16:00,2.1,2000,442250
20240209,09:16:01,2.15,250,442250
20240209,09:16:02,2.1,300,442250
20240209,09:16:03,2.15,1050,442250
20240209,09:16:11,2.1,3700,442250
20240209,09:16:13,2.2,9650,442250
20240209,09:16:15,2.2,9450,442250
20240209,09:16:16,2.2,1300,442250
20240209,09:16:17,2.2,300,442250
20240209,09:16:18,2.2,100,443400
20240209,09:16:19,2.2,400,443400
20240209,09:16:21,2.2,400,443400
20240209,09:16:27,2.2,200,443400
20240209,09:16:36,2.15,250,443400
20240209,09:16:38,2.15,150,443400
20240209,09:16:39,2.15,800,443400
20240209,09:16:51,2.15,2850,443400
20240209,09:16:54,2.2,9250,443400
20240209,09:16:55,2.2,500,443400
20240209,09:16:56,2.25,1250,443400
20240209,09:16:57,2.2,50,443400
20240209,09:17:00,2.2,10150,443400
20240209,09:17:01,2.2,1400,443400
20240209,09:17:06,2.25,2350,443400
20240209,09:17:09,2.25,200,443400
20240209,09:17:10,2.2,150,443400
20240209,09:17:11,2.2,7200,443400
20240209,09:17:12,2.25,50,443400
20240209,09:17:18,2.2,5000,443400
20240209,09:17:20,2.25,50,443400
20240209,09:17:25,2.25,8150,443400
20240209,09:17:27,2.25,2950,443400
20240209,09:17:31,2.25,1800,443400
20240209,09:17:34,2.3,1050,443400
20240209,09:17:35,2.3,550,443400
20240209,09:17:36,2.3,1800,443400
20240209,09:17:37,2.3,10900,443400
20240209,09:17:39,2.3,250,443400
20240209,09:17:41,2.3,250,443400
20240209,09:17:43,2.3,250,443400
20240209,09:17:45,2.3,2750,443400
20240209,09:17:46,2.3,1050,443400
20240209,09:17:47,2.3,250,443400
20240209,09:17:50,2.3,250,443400
20240209,09:17:51,2.4,27700,443400
20240209,09:17:52,2.35,1800,443400
20240209,09:17:53,2.35,850,443400
20240209,09:17:54,2.35,12650,443400
20240209,09:17:55,2.35,250,443400
20240209,09:17:56,2.4,3950,443400
20240209,09:17:57,2.35,1200,443400
20240209,09:17:58,2.4,1000,443400
20240209,09:18:00,2.4,1450,443400
20240209,09:18:01,2.4,450,443400
20240209,09:18:02,2.4,750,443400
20240209,09:18:03,2.4,350,443400
20240209,09:18:04,2.35,2900,443400
20240209,09:18:12,2.35,850,443400
20240209,09:18:16,2.35,1900,443400
20240209,09:18:16,2.35,50,443400
20240209,09:18:17,2.35,50,443400
20240209,09:18:18,2.3,300,443400
20240209,09:18:19,2.3,250,443400
20240209,09:18:21,2.3,7000,443400
20240209,09:18:22,2.35,5000,443400
20240209,09:18:24,2.35,50,443400
20240209,09:18:30,2.35,50,443400
20240209,09:18:34,2.3,200,443400
20240209,09:18:35,2.3,10100,443400
20240209,09:18:37,2.25,50,443400
20240209,09:18:43,2.3,300,443400
20240209,09:18:47,2.25,3600,443400
20240209,09:18:54,2.2,4100,443400
20240209,09:18:55,2.2,1800,443400
20240209,09:18:56,2.2,23350,443400
20240209,09:19:04,2.2,2750,443400
20240209,09:19:06,2.25,1850,443400
20240209,09:19:07,2.15,5950,443400
20240209,09:19:07,2.15,1800,443400
20240209,09:19:08,2.2,2000,443400
20240209,09:19:16,2.15,850,443400
20240209,09:19:17,2.2,50,443400
20240209,09:19:17,2.15,2000,487500
20240209,09:19:20,2.15,7050,487500
20240209,09:19:26,2.2,500,487500
20240209,09:19:33,2.15,2300,487500
20240209,09:19:41,2.1,1800,487500
20240209,09:19:42,2.15,50,487500
20240209,09:19:44,2.1,700,487500
20240209,09:19:49,2.15,1550,487500
20240209,09:19:50,2.1,500,487500
20240209,09:19:50,2.1,3600,487500
20240209,09:19:51,2.15,1900,487500
20240209,09:20:01,2.1,2100,487500
20240209,09:20:02,2.15,600,487500
20240209,09:20:03,2.1,200,487500
20240209,09:20:04,2.1,450,487500
20240209,09:20:07,2.15,50,487500
20240209,09:20:13,2.1,500,487500
20240209,09:20:20,2.15,50,487500
20240209,09:20:33,2.1,1500,487500
20240209,09:20:35,2.15,700,487500
20240209,09:20:36,2.1,500,487500
20240209,09:20:40,2.15,50,487500
20240209,09:20:42,2.1,200,487500
20240209,09:20:44,2.1,300,487500
20240209,09:20:45,2.1,300,487500
20240209,09:20:46,2.1,400,487500
20240209,09:20:51,2.1,650,487500
20240209,09:20:52,2.15,200,487500
20240209,09:20:53,2.15,1800,487500
20240209,09:20:59,2.1,500,487500
20240209,09:21:01,2.1,1800,487500
20240209,09:21:08,2.15,100,487500
20240209,09:21:11,2.15,200,487500
20240209,09:21:12,2.1,50,487500
20240209,09:21:13,2.1,6100,487500
20240209,09:21:14,2.1,500,487500
20240209,09:21:15,2.1,150,487500
20240209,09:21:16,2.05,200,487500
20240209,09:21:19,2.1,500,487500
20240209,09:21:21,2.1,100,487500
20240209,09:21:22,2.05,1900,487500
20240209,09:21:23,2.1,800,487500
20240209,09:21:24,2.1,1450,487500
20240209,09:21:25,2.1,600,487500
20240209,09:21:26,2.1,600,487500
20240209,09:21:28,2.1,650,487500
20240209,09:21:29,2.1,750,487500
20240209,09:21:30,2.1,3950,487500
20240209,09:21:32,2.15,650,487500
20240209,09:21:33,2.15,50,487500
20240209,09:21:35,2.15,200,487500
20240209,09:21:36,2.15,350,487500
20240209,09:21:38,2.15,200,487500
20240209,09:21:38,2.15,4600,487500
20240209,09:21:40,2.15,1050,487500
20240209,09:21:41,2.15,350,487500
20240209,09:21:43,2.15,500,487500
20240209,09:21:44,2.2,150,487500
20240209,09:21:45,2.2,600,487500
20240209,09:21:47,2.2,550,487500
20240209,09:21:48,2.15,1850,487500
20240209,09:21:49,2.2,800,487500
20240209,09:21:51,2.2,150,487500
20240209,09:21:52,2.2,1050,487500
20240209,09:21:54,2.2,850,487500
20240209,09:21:56,2.2,1050,487500
20240209,09:21:57,2.2,200,487500
20240209,09:21:59,2.2,1050,487500
20240209,09:22:00,2.2,200,487500
20240209,09:22:02,2.2,900,487500
20240209,09:22:08,2.15,1150,487500
20240209,09:22:09,2.15,1800,487500
20240209,09:22:10,2.2,1900,487500
20240209,09:22:14,2.15,7850,487500
20240209,09:22:15,2.15,150,487500
20240209,09:22:29,2.1,5600,510250
20240209,09:22:31,2.1,800,510250
20240209,09:22:32,2.05,1150,510250
20240209,09:22:34,2.1,50,510250
20240209,09:22:35,2.1,500,510250
20240209,09:22:38,2.05,11500,510250
20240209,09:22:41,2.05,1700,510250
20240209,09:22:47,2.05,3750,510250
20240209,09:22:51,2.05,11000,510250
20240209,09:22:52,2.05,14950,510250
20240209,09:22:54,2.0,50,510250
20240209,09:22:57,2.05,1500,510250
20240209,09:23:04,2.05,100,510250
20240209,09:23:15,2.05,50,510250
20240209,09:23:30,2.0,600,510250
20240209,09:23:32,2.0,3600,510250
20240209,09:23:33,2.05,1000,510250
20240209,09:23:35,2.05,1900,510250
20240209,09:23:37,2.05,1450,510250
20240209,09:23:41,2.05,300,510250
20240209,09:23:43,2.0,200,510250
20240209,09:23:44,2.0,500,510250
20240209,09:23:48,2.05,250,510250
20240209,09:23:52,2.0,200,510250
20240209,09:23:59,2.0,600,510250
20240209,09:24:02,2.0,3000,510250
20240209,09:24:03,2.0,2950,510250
20240209,09:24:04,2.05,50,510250
20240209,09:24:05,2.0,200,510250
20240209,09:24:08,2.05,50,510250
20240209,09:24:11,1.95,4200,510250
20240209,09:24:14,1.95,150,510250
20240209,09:24:15,2.0,50,510250
20240209,09:24:18,1.95,1850,510250
20240209,09:24:20,1.95,100,510250
20240209,09:24:21,1.95,250,510250
20240209,09:24:22,1.95,50,510250
20240209,09:24:23,1.95,250,510250
20240209,09:24:24,1.95,50,510250
20240209,09:24:26,1.95,50,510250
20240209,09:24:46,1.9,50,510250
20240209,09:24:47,1.9,50,510250
20240209,09:24:57,1.95,600,510250
20240209,09:25:02,1.9,500,510250
20240209,09:25:04,1.95,50,510250
20240209,09:25:13,1.9,100,510250
20240209,09:25:36,1.95,50,510250
20240209,09:25:38,1.9,4750,508600
20240209,09:25:39,1.9,300,508600
20240209,09:25:40,1.9,250,508600
20240209,09:25:54,1.9,2150,508600
20240209,09:25:55,1.9,50,508600
20240209,09:26:25,1.9,200,508600
20240209,09:26:32,1.85,1200,508600
20240209,09:26:36,1.9,50,508600
20240209,09:26:40,1.9,50,508600
20240209,09:26:44,1.85,1200,508600
20240209,09:26:45,1.9,250,508600
20240209,09:27:02,1.9,50,508600
20240209,09:27:04,1.9,50,508600
20240209,09:27:08,1.85,50,508600
20240209,09:27:26,1.85,200,508600
20240209,09:27:29,1.9,1800,508600
20240209,09:27:38,1.85,50,508600
20240209,09:27:39,1.9,250,508600
20240209,09:27:40,1.9,1200,508600
20240209,09:27:47,1.9,1000,508600
20240209,09:27:49,1.85,900,508600
20240209,09:27:52,1.85,450,508600
20240209,09:27:54,1.85,200,508600
20240209,09:27:59,1.9,800,508600
20240209,09:28:06,1.9,50,508600
20240209,09:28:12,1.9,50,508600
20240209,09:28:13,1.9,50,508600
20240209,09:28:14,1.9,250,508600
20240209,09:28:16,1.9,300,508600
20240209,09:28:21,1.9,50,508350
20240209,09:28:23,1.9,350,508350
20240209,09:28:25,1.85,500,508350
20240209,09:28:28,1.85,50,508350
20240209,09:28:31,1.9,7450,508350
20240209,09:28:33,1.9,550,508350
20240209,09:28:46,1.95,50,508350
20240209,09:29:17,1.9,250,508350
20240209,09:29:18,1.9,600,508350
20240209,09:29:19,1.9,650,508350
20240209,09:29:20,1.9,12900,508350
20240209,09:29:41,1.85,1200,508350
20240209,09:29:47,1.85,300,508350
20240209,09:29:50,1.9,50,508350
20240209,09:29:57,1.9,50,508350
20240209,09:30:02,1.9,450,508350
20240209,09:30:07,1.85,300,508350
20240209,09:30:09,1.9,100,508350
20240209,09:30:29,1.85,1600,508350
20240209,09:30:42,1.85,100,508350
20240209,09:30:45,1.85,1800,508350
20240209,09:30:57,1.9,150,508350
20240209,09:31:02,1.85,650,508350
20240209,09:31:03,1.85,100,508350
20240209,09:31:06,1.85,100,508350
20240209,09:31:13,1.85,150,508350
20240209,09:31:14,1.85,300,508350
20240209,09:31:15,1.85,13150,508350
20240209,09:31:30,1.8,6150,514200
20240209,09:31:44,1.8,600,514200
20240209,09:31:59,1.75,250,514200
20240209,09:32:23,1.75,500,514200
20240209,09:32:24,1.8,1800,514200
20240209,09:32:26,1.8,1800,514200
20240209,09:32:28,1.8,900,514200
20240209,09:33:07,1.8,100,514200
20240209,09:33:08,1.8,100,514200
20240209,09:33:26,1.75,50,514200
20240209,09:33:33,1.8,50,514200
20240209,09:33:50,1.75,1800,514200
20240209,09:34:07,1.8,200,514200
20240209,09:34:49,1.75,500,506500
20240209,09:35:20,1.75,50,506500
20240209,09:35:25,1.75,50,506500
20240209,09:35:48,1.8,50,506500
20240209,09:36:09,1.75,500,506500
20240209,09:36:11,1.8,3600,506500
20240209,09:36:12,1.8,5400,506500
20240209,09:36:16,1.75,1000,506500
20240209,09:36:21,1.75,1000,506500
20240209,09:36:23,1.75,50,506500
20240209,09:36:27,1.8,250,506500
20240209,09:36:31,1.75,300,506500
20240209,09:36:44,1.75,100,506500
20240209,09:36:46,1.75,100,506500
20240209,09:36:55,1.8,9800,506500
20240209,09:36:55,1.8,600,506500
20240209,09:36:57,1.8,100,506500
20240209,09:37:17,1.8,50,506500
20240209,09:37:18,1.8,50,506500
20240209,09:37:22,1.8,250,518150
20240209,09:37:23,1.8,250,518150
20240209,09:37:31,1.85,50,518150
20240209,09:37:52,1.85,12700,518150
20240209,09:38:02,1.85,500,518150
20240209,09:38:05,1.85,1800,518150
20240209,09:38:08,1.9,4000,518150
20240209,09:38:10,1.85,250,518150
20240209,09:38:10,1.85,23600,518150
20240209,09:38:15,1.85,3900,518150
20240209,09:38:16,1.85,9250,518150
20240209,09:38:16,1.8,38200,518150
20240209,09:38:19,1.8,1800,518150
20240209,09:38:20,1.8,1800,518150
20240209,09:38:22,1.75,200,518150
20240209,09:38:23,1.8,24250,518150
20240209,09:38:24,1.85,4850,518150
20240209,09:38:44,1.85,50,518150
20240209,09:38:55,1.85,200,518150
20240209,09:39:19,1.85,600,518150
20240209,09:39:23,1.85,300,518150
20240209,09:39:28,1.85,250,518150
20240209,09:39:34,1.85,50,518150
20240209,09:39:37,1.85,9250,518150
20240209,09:39:41,1.85,6300,518150
20240209,09:39:42,1.8,1800,518150
20240209,09:39:43,1.85,100,518150
20240209,09:39:44,1.85,300,518150
20240209,09:39:47,1.85,500,518150
20240209,09:39:48,1.85,500,518150
20240209,09:39:49,1.85,500,518150
20240209,09:39:55,1.85,50,518150
20240209,09:39:57,1.85,50,518150
20240209,09:39:58,1.85,100,518150
20240209,09:39:59,1.85,100,518150
20240209,09:40:00,1.85,300,518150
20240209,09:40:01,1.85,50,518150
20240209,09:40:02,1.85,50,518150
20240209,09:40:03,1.85,300,518150
20240209,09:40:04,1.85,100,518150
20240209,09:40:05,1.85,50,518150
20240209,09:40:06,1.85,350,518150
20240209,09:40:07,1.85,400,518150
20240209,09:40:08,1.85,50,518150
20240209,09:40:09,1.85,50,518150
20240209,09:40:10,1.9,9500,518150
20240209,09:40:11,1.9,100,518150
20240209,09:40:12,1.9,100,518150
20240209,09:40:13,1.9,150,518150
20240209,09:40:14,1.9,150,518150
20240209,09:40:15,1.9,600,518150
20240209,09:40:16,1.9,2900,518150
20240209,09:40:17,1.9,1800,518150
20240209,09:40:18,1.9,500,518150
20240209,09:40:19,1.9,14600,518150
20240209,09:40:20,1.95,1300,518150
20240209,09:40:21,1.95,500,518150
20240209,09:40:22,1.95,850,511500
20240209,09:40:23,1.95,200,511500
20240209,09:40:24,1.95,300,511500
20240209,09:40:25,1.95,250,511500
20240209,09:40:26,1.95,200,511500
20240209,09:40:27,1.95,150,511500
20240209,09:40:28,1.95,200,511500
20240209,09:40:29,1.95,250,511500
20240209,09:40:30,1.95,200,511500
20240209,09:40:31,1.95,600,511500
20240209,09:40:32,1.95,250,511500
20240209,09:40:33,1.95,50,511500
20240209,09:40:34,1.95,50,511500
20240209,09:40:35,1.95,100,511500
20240209,09:40:36,1.95,50,511500
20240209,09:40:37,1.95,50,511500
20240209,09:40:38,1.95,50,511500
20240209,09:40:39,1.95,100,511500
20240209,09:40:40,1.95,150,511500
20240209,09:40:41,1.95,50,511500
20240209,09:40:42,1.95,150,511500
20240209,09:40:43,1.95,100,511500
20240209,09:40:44,1.95,50,511500
20240209,09:40:45,1.95,50,511500
20240209,09:40:46,1.95,100,511500
20240209,09:40:47,1.95,1000,511500
20240209,09:40:48,1.95,1650,511500
20240209,09:40:49,1.95,50,511500
20240209,09:40:51,1.9,6850,511500
20240209,09:40:54,1.9,50,511500
20240209,09:40:55,1.9,50,511500
20240209,09:40:56,1.9,50,511500
20240209,09:40:57,1.9,50,511500
20240209,09:40:58,1.9,100,511500
20240209,09:40:59,1.9,50,511500
20240209,09:41:00,1.85,250,511500
20240209,09:41:02,1.85,300,511500
20240209,09:41:03,1.85,550,511500
20240209,09:41:04,1.85,800,511500
20240209,09:41:05,1.85,1050,511500
20240209,09:41:06,1.9,50,511500
20240209,09:41:07,1.9,150,511500
20240209,09:41:08,1.9,200,511500
20240209,09:41:09,1.9,50,511500
20240209,09:41:10,1.9,50,511500
20240209,09:41:11,1.9,50,511500
20240209,09:41:12,1.9,50,511500
20240209,09:41:13,1.9,550,511500
20240209,09:41:14,1.9,1050,511500
20240209,09:41:15,1.9,50,511500
20240209,09:41:16,1.9,50,511500
20240209,09:41:17,1.9,50,511500
20240209,09:41:18,1.9,50,511500
20240209,09:41:19,1.9,250,511500
20240209,09:41:20,1.9,1850,511500
20240209,09:41:21,1.9,500,511500
20240209,09:41:22,1.9,50,511500
20240209,09:41:23,1.9,1850,511500
20240209,09:41:24,1.9,300,511500
20240209,09:41:29,1.9,300,511500
20240209,09:41:30,1.9,250,511500
20240209,09:41:31,1.9,250,511500
20240209,09:41:32,1.9,250,511500
20240209,09:41:33,1.9,50,511500
20240209,09:41:34,1.9,550,511500
20240209,09:41:36,1.9,2800,511500
20240209,09:41:39,1.9,250,511500
20240209,09:41:41,1.9,50,511500
20240209,09:41:44,1.9,200,511500
20240209,09:41:45,1.85,50,511500
20240209,09:41:48,1.9,1800,511500
20240209,09:41:49,1.85,100,511500
20240209,09:41:59,1.9,300,511500
20240209,09:42:00,1.9,100,511500
20240209,09:42:05,1.85,100,511500
20240209,09:42:06,1.9,500,511500
20240209,09:42:07,1.9,50,511500
20240209,09:42:08,1.9,300,511500
20240209,09:42:10,1.9,11250,511500
20240209,09:42:11,1.95,50,511500
20240209,09:42:12,1.9,10800,511500
20240209,09:42:13,1.9,50,511500
20240209,09:42:14,1.9,50,511500
20240209,09:42:15,1.9,800,511500
20240209,09:42:16,1.9,1750,511500
20240209,09:42:17,1.9,200,511500
20240209,09:42:18,1.9,3900,511500
20240209,09:42:23,1.9,1000,511500
20240209,09:42:24,1.95,1300,511500
20240209,09:42:25,1.95,800,511500
20240209,09:42:26,1.95,150,511500
20240209,09:42:27,1.95,50,511500
20240209,09:42:30,1.9,300,511500
20240209,09:42:31,1.9,750,511500
20240209,09:42:32,1.9,200,511500
20240209,09:42:36,1.9,50,511500
20240209,09:42:38,1.9,1700,511500
20240209,09:42:39,1.9,50,511500
20240209,09:42:42,1.85,250,511500
20240209,09:42:43,1.9,100,511500
20240209,09:42:48,1.9,50,511500
20240209,09:42:56,1.9,50,511500
20240209,09:43:02,1.85,300,511500
20240209,09:43:03,1.85,300,511500
20240209,09:43:12,1.9,750,511500
20240209,09:43:15,1.9,300,511500
20240209,09:43:16,1.85,500,511500
20240209,09:43:26,1.9,50,511500
20240209,09:43:37,1.9,150,512150
20240209,09:43:41,1.9,50,512150
20240209,09:43:48,1.9,50,512150
20240209,09:43:50,1.85,750,512150
20240209,09:43:51,1.85,1150,512150
20240209,09:43:52,1.85,500,512150
20240209,09:44:16,1.85,50,512150
20240209,09:44:19,1.9,1400,512150
20240209,09:44:20,1.85,250,512150
20240209,09:44:37,1.85,50,512150
20240209,09:44:40,1.85,50,512150
20240209,09:44:45,1.85,600,512150
20240209,09:44:47,1.85,4050,512150
20240209,09:45:00,1.8,850,512150
20240209,09:45:03,1.85,500,512150
20240209,09:45:04,1.85,650,512150
20240209,09:45:07,1.85,50,512150
20240209,09:45:11,1.8,50,512150
20240209,09:45:15,1.8,100,512150
20240209,09:45:23,1.8,1800,512150
20240209,09:45:43,1.85,100,512150
20240209,09:45:50,1.8,17950,512150
20240209,09:46:05,1.8,200,512150
20240209,09:46:07,1.8,250,512150
20240209,09:46:09,1.8,7000,512150
20240209,09:46:18,1.85,1800,512150
20240209,09:46:32,1.85,200,512150
20240209,09:46:47,1.8,1000,515750
20240209,09:46:59,1.85,1500,515750
20240209,09:47:00,1.85,50,515750
20240209,09:47:02,1.85,50,515750
20240209,09:47:03,1.85,50,515750
20240209,09:47:04,1.85,200,515750
20240209,09:47:05,1.85,200,515750
20240209,09:47:07,1.85,200,515750
20240209,09:47:09,1.85,50,515750
20240209,09:47:11,1.85,5100,515750
20240209,09:47:11,1.85,15350,515750
20240209,09:47:13,1.9,750,515750
20240209,09:47:14,1.9,350,515750
20240209,09:47:14,1.85,400,515750
20240209,09:47:16,1.9,200,515750
20240209,09:47:16,1.85,50,515750
20240209,09:47:23,1.9,50,515750
20240209,09:47:27,1.9,500,515750
20240209,09:47:30,1.85,250,515750
20240209,09:48:31,1.85,9650,515750
20240209,09:48:44,1.85,1000,515750
20240209,09:48:46,1.8,50,515750
20240209,09:48:51,1.85,250,515750
20240209,09:48:53,1.85,650,515750
20240209,09:48:57,1.85,50,515750
20240209,09:48:58,1.85,50,515750
20240209,09:48:59,1.85,50,515750
20240209,09:49:00,1.85,50,515750
20240209,09:49:01,1.85,100,515750
20240209,09:49:02,1.85,50,515750
20240209,09:49:03,1.85,50,515750
20240209,09:49:04,1.85,50,515750
20240209,09:49:05,1.85,50,515750
20240209,09:49:06,1.85,450,515750
20240209,09:49:07,1.85,800,515750
20240209,09:49:08,1.85,5450,515750
20240209,09:49:09,1.85,50,515750
20240209,09:49:10,1.85,18550,515750
20240209,09:49:11,1.9,300,515750
20240209,09:49:12,1.9,50,515750
20240209,09:49:13,1.9,50,515750
20240209,09:49:14,1.9,100,515750
20240209,09:49:15,1.9,50,515750
20240209,09:49:16,1.9,100,515750
20240209,09:49:17,1.9,250,515750
20240209,09:49:18,1.9,600,515750
20240209,09:49:19,1.9,50,515750
20240209,09:49:20,1.9,50,515750
20240209,09:49:21,1.9,50,515750
20240209,09:49:22,1.9,100,515750
20240209,09:49:23,1.9,50,527900
20240209,09:49:24,1.9,50,527900
20240209,09:49:25,1.9,50,527900
20240209,09:49:26,1.9,50,527900
20240209,09:49:27,1.9,50,527900
20240209,09:49:28,1.9,50,527900
20240209,09:49:29,1.9,100,527900
20240209,09:49:30,1.9,50,527900
20240209,09:49:31,1.9,50,527900
20240209,09:49:32,1.9,50,527900
20240209,09:49:33,1.9,50,527900
20240209,09:49:38,1.9,700,527900
20240209,09:49:46,1.9,50,527900
20240209,09:49:50,1.9,50,527900
20240209,09:50:06,1.9,50,527900
20240209,09:50:07,1.9,50,527900
20240209,09:50:08,1.9,500,527900
20240209,09:50:09,1.9,50,527900
20240209,09:50:10,1.9,50,527900
20240209,09:50:11,1.9,50,527900
20240209,09:50:12,1.9,1850,527900
20240209,09:50:13,1.9,50,527900
20240209,09:50:14,1.9,50,527900
20240209,09:50:15,1.9,150,527900
20240209,09:50:16,1.9,1000,527900
20240209,09:50:19,1.9,23350,527900
20240209,09:50:20,1.9,1050,527900
20240209,09:50:21,1.9,50,527900
20240209,09:50:22,1.9,50,527900
20240209,09:50:26,1.95,200,527900
20240209,09:50:32,1.95,50,527900
20240209,09:50:37,1.9,300,527900
20240209,09:50:44,1.9,5400,527900
20240209,09:50:45,1.9,18200,527900
20240209,09:50:47,1.9,150,527900
20240209,09:50:56,1.9,50,527900
20240209,09:50:58,1.9,250,527900
20240209,09:50:59,1.9,9650,527900
20240209,09:51:00,1.9,1000,527900
20240209,09:51:06,1.95,50,527900
20240209,09:51:07,1.95,3200,527900
20240209,09:51:08,1.95,200,527900
20240209,09:51:09,1.95,200,527900
20240209,09:51:10,1.95,200,527900
20240209,09:51:11,1.95,200,527900
20240209,09:51:12,1.95,200,527900
20240209,09:51:13,1.95,200,527900
20240209,09:51:14,1.95,200,527900
20240209,09:51:15,1.9,250,527900
20240209,09:51:19,1.9,600,527900
20240209,09:51:20,1.9,250,527900
20240209,09:51:21,1.95,350,527900
20240209,09:51:23,1.9,250,527900
20240209,09:51:26,1.9,2000,527900
20240209,09:51:28,1.9,750,527900
20240209,09:51:29,1.9,2000,527900
20240209,09:51:33,1.95,50,527900
20240209,09:51:35,1.95,150,527900
20240209,09:51:37,1.95,300,527900
20240209,09:51:38,1.95,850,527900
20240209,09:51:40,1.95,250,527900
20240209,09:51:41,1.95,25850,527900
20240209,09:51:42,2.0,550,527900
20240209,09:51:47,2.0,50,527900
20240209,09:51:50,1.95,400,527900
20240209,09:51:51,2.0,1350,527900
20240209,09:51:52,2.0,50,527900
20240209,09:51:56,1.95,14950,527900
20240209,09:51:57,1.95,4400,527900
20240209,09:52:03,2.0,500,527900
20240209,09:52:04,2.0,1800,527900
20240209,09:52:07,2.0,950,527900
20240209,09:52:10,2.0,50,527900
20240209,09:52:14,2.0,50,527900
20240209,09:52:18,2.0,350,527900
20240209,09:52:33,2.0,50,527900
20240209,09:52:34,2.0,50,537550
20240209,09:52:36,2.0,2750,537550
20240209,09:52:40,2.0,50,537550
20240209,09:52:41,1.95,250,537550
20240209,09:52:44,2.0,250,537550
20240209,09:52:46,2.0,250,537550
20240209,09:52:55,1.95,3700,537550
20240209,09:52:56,1.95,1000,537550
20240209,09:52:57,1.95,1100,537550
20240209,09:52:58,1.9,50,537550
20240209,09:52:59,1.9,50,537550
20240209,09:53:00,1.95,100,537550
20240209,09:53:01,1.9,50,537550
20240209,09:53:02,1.9,300,537550
20240209,09:53:03,1.9,350,537550
20240209,09:53:04,1.95,650,537550
20240209,09:53:05,1.9,11550,537550
20240209,09:53:06,1.9,50,537550
20240209,09:53:07,1.9,50,537550
20240209,09:53:08,1.9,50,537550
20240209,09:53:09,1.9,50,537550
20240209,09:53:10,1.9,50,537550
20240209,09:53:11,1.9,50,537550
20240209,09:53:12,1.9,200,537550
20240209,09:53:13,1.9,200,537550
20240209,09:53:14,1.9,200,537550
20240209,09:53:15,1.9,200,537550
20240209,09:53:16,1.9,50,537550
20240209,09:53:17,1.9,250,537550
20240209,09:53:18,1.9,200,537550
20240209,09:53:19,1.9,200,537550
20240209,09:53:20,1.9,200,537550
20240209,09:53:21,1.95,250,537550
20240209,09:53:22,1.9,200,537550
20240209,09:53:23,1.9,200,537550
20240209,09:53:24,1.9,200,537550
20240209,09:53:25,1.9,200,537550
20240209,09:53:26,1.9,200,537550
20240209,09:53:27,1.9,200,537550
20240209,09:53:28,1.9,200,537550
20240209,09:53:29,1.9,200,537550
20240209,09:53:30,1.9,200,537550
20240209,09:53:31,1.9,300,537550
20240209,09:53:35,1.9,50,537550
20240209,09:53:36,2.0,17350,537550
20240209,09:53:40,2.0,200,537550
20240209,09:53:42,2.0,550,537550
20240209,09:53:44,1.95,50,537550
20240209,09:53:45,1.95,50,537550
20240209,09:53:46,1.95,50,537550
20240209,09:53:47,1.95,200,537550
20240209,09:53:48,1.95,200,537550
20240209,09:53:52,2.0,500,537550
20240209,09:53:52,2.0,300,537550
20240209,09:53:53,2.0,50,537550
20240209,09:53:56,2.0,1800,537550
20240209,09:54:02,2.0,1800,537550
20240209,09:54:03,1.95,3550,537550
20240209,09:54:04,1.95,200,537550
20240209,09:54:05,1.95,200,537550
20240209,09:54:06,1.95,200,537550
20240209,09:54:07,1.95,200,537550
20240209,09:54:08,1.95,200,537550
20240209,09:54:09,1.95,200,537550
20240209,09:54:10,2.0,400,537550
20240209,09:54:11,1.95,6650,537550
20240209,09:54:12,1.9,200,537550
20240209,09:54:13,1.9,200,537550
20240209,09:54:14,1.9,200,537550
20240209,09:54:15,1.9,250,537550
20240209,09:54:16,1.9,200,537550
20240209,09:54:17,1.9,500,537550
20240209,09:54:18,1.9,200,537550
20240209,09:54:19,1.9,200,537550
20240209,09:54:20,1.9,200,537550
20240209,09:54:21,1.9,150,537550
20240209,09:54:22,1.9,150,537550
20240209,09:54:23,1.9,150,537550
20240209,09:54:24,1.9,150,537550
20240209,09:54:25,1.9,150,537550
20240209,09:54:26,1.9,150,537550
20240209,09:54:27,1.9,150,537550
20240209,09:54:28,1.9,150,537550
20240209,09:54:29,1.9,150,537550
20240209,09:54:30,1.9,150,537550
20240209,09:54:33,1.9,150,537550
20240209,09:54:35,1.9,9650,537550
20240209,09:54:37,1.9,3150,537550
20240209,09:54:39,1.95,50,537550
20240209,09:54:43,1.95,300,537550
20240209,09:55:01,1.95,500,537550
20240209,09:55:02,1.95,50,537550
20240209,09:55:04,1.95,900,537550
20240209,09:55:06,1.9,50,537550
20240209,09:55:07,1.95,200,537550
20240209,09:55:08,1.95,200,537550
20240209,09:55:09,1.95,500,537550
20240209,09:55:10,1.95,500,537550
20240209,09:55:11,1.95,2800,537550
20240209,09:55:12,1.95,450,537550
20240209,09:55:13,1.95,100,537550
20240209,09:55:14,1.95,500,537550
20240209,09:55:15,1.95,100,537550
20240209,09:55:36,1.9,250,539000
20240209,09:55:37,1.9,250,539000
20240209,09:55:39,1.95,100,539000
20240209,09:55:58,1.95,50,539000
20240209,09:56:01,1.95,9800,539000
20240209,09:56:03,2.0,100,539000
20240209,09:56:12,2.0,200,539000
20240209,09:56:13,2.0,350,539000
20240209,09:56:18,1.95,7200,539000
20240209,09:56:18,1.95,4100,539000
20240209,09:56:19,1.95,1800,539000
20240209,09:56:21,1.95,50,539000
20240209,09:56:32,1.95,8600,539000
20240209,09:56:36,1.95,2050,539000
20240209,09:57:01,1.95,100,539000
20240209,09:57:03,1.95,250,539000
20240209,09:57:07,2.0,100,539000
20240209,09:57:09,2.0,50,539000
20240209,09:57:11,2.0,50,539000
20240209,09:57:24,1.95,1550,539000
20240209,09:57:34,2.0,200,539000
20240209,09:57:38,2.0,500,539000
20240209,09:57:48,2.0,200,539000
20240209,09:57:58,2.0,100,539000
20240209,09:58:07,2.0,250,539000
20240209,09:58:08,2.0,100,539000
20240209,09:58:09,2.0,350,539000
20240209,09:58:10,2.0,300,539000
20240209,09:58:11,2.0,250,539000
20240209,09:58:12,2.0,100,539000
20240209,09:58:13,2.0,3700,539000
20240209,09:58:14,2.0,50,539000
20240209,09:58:16,2.0,1800,539000
20240209,09:58:22,2.0,2600,539000
20240209,09:58:25,2.0,1800,539000
20240209,09:58:45,2.0,250,532350
20240209,09:58:50,2.0,300,532350
20240209,09:59:00,2.0,100,532350
20240209,09:59:03,2.0,400,532350
20240209,09:59:06,2.0,600,532350
20240209,09:59:08,2.0,50,532350
20240209,09:59:09,2.0,100,532350
20240209,09:59:11,2.0,200,532350
20240209,09:59:12,2.0,200,532350
20240209,09:59:13,2.0,100,532350
20240209,09:59:16,2.0,500,532350
20240209,09:59:22,2.0,2500,532350
20240209,09:59:24,2.0,13700,532350
20240209,09:59:25,2.0,300,532350
20240209,09:59:31,2.05,7400,532350
20240209,09:59:34,2.05,2150,532350
20240209,09:59:39,2.1,100,532350
20240209,09:59:40,2.05,8650,532350
20240209,09:59:41,2.1,2100,532350
20240209,09:59:42,2.1,9350,532350
20240209,09:59:43,2.15,4100,532350
20240209,09:59:44,2.1,150,532350
20240209,09:59:45,2.15,50,532350
20240209,09:59:46,2.1,100,532350
20240209,09:59:47,2.15,100,532350
20240209,09:59:49,2.15,300,532350
20240209,09:59:51,2.15,3500,532350
20240209,09:59:52,2.1,1500,532350
20240209,09:59:54,2.15,4200,532350
20240209,09:59:54,2.1,50,532350
20240209,09:59:56,2.15,300,532350
20240209,09:59:57,2.1,300,532350
20240209,09:59:58,2.15,50,532350
20240209,10:00:00,2.15,100,532350
20240209,10:00:01,2.15,100,532350
20240209,10:00:02,2.15,50,532350
20240209,10:00:03,2.1,300,532350
20240209,10:00:04,2.15,150,532350
20240209,10:00:05,2.15,150,532350
20240209,10:00:06,2.15,200,532350
20240209,10:00:07,2.15,2300,532350
20240209,10:00:08,2.2,150,532350
20240209,10:00:09,2.2,550,532350
20240209,10:00:10,2.2,250,532350
20240209,10:00:11,2.2,250,532350
20240209,10:00:12,2.2,150,532350
20240209,10:00:13,2.2,100,532350
20240209,10:00:14,2.15,300,532350
20240209,10:00:15,2.2,50,532350
20240209,10:00:16,2.2,100,532350
20240209,10:00:17,2.2,50,532350
20240209,10:00:18,2.2,300,532350
20240209,10:00:19,2.15,300,532350
20240209,10:00:20,2.2,50,532350
20240209,10:00:21,2.15,300,532350
20240209,10:00:23,2.2,200,532350
20240209,10:00:24,2.2,10200,532350
20240209,10:00:26,2.2,50,532350
20240209,10:00:27,2.2,2100,532350
20240209,10:00:28,2.25,200,532350
20240209,10:00:29,2.25,250,532350
20240209,10:00:30,2.25,200,532350
20240209,10:00:31,2.25,200,532350
20240209,10:00:32,2.25,2200,532350
20240209,10:00:34,2.3,550,532350
20240209,10:00:35,2.25,300,532350
20240209,10:00:36,2.3,100,532350
20240209,10:00:37,2.3,12250,532350
20240209,10:00:38,2.3,500,532350
20240209,10:00:39,2.3,1400,532350
20240209,10:00:40,2.35,200,532350
20240209,10:00:41,2.35,200,532350
20240209,10:00:42,2.35,4700,532350
20240209,10:00:43,2.35,18100,532350
20240209,10:00:44,2.3,2450,532350
20240209,10:00:45,2.35,200,532350
20240209,10:00:46,2.35,50,532350
20240209,10:00:47,2.3,300,532350
20240209,10:00:48,2.35,50,532350
20240209,10:00:49,2.35,850,532350
20240209,10:00:50,2.4,350,532350
20240209,10:00:52,2.35,700,532350
20240209,10:00:53,2.35,300,532350
20240209,10:00:55,2.35,500,532350
20240209,10:00:57,2.4,1150,532350
20240209,10:00:58,2.4,50,532350
20240209,10:01:00,2.4,7050,532350
20240209,10:01:03,2.45,4650,532350
20240209,10:01:04,2.5,50,532350
20240209,10:01:06,2.5,2050,532350
20240209,10:01:07,2.55,150,532350
20240209,10:01:08,2.55,9000,532350
20240209,10:01:09,2.6,2750,532350
20240209,10:01:10,2.65,4450,532350
20240209,10:01:11,2.65,300,532350
20240209,10:01:12,2.7,8050,532350
20240209,10:01:13,2.65,3700,532350
20240209,10:01:14,2.65,1200,532350
20240209,10:01:15,2.65,2550,532350
20240209,10:01:16,2.65,250,532350
20240209,10:01:21,2.65,900,532350
20240209,10:01:23,2.65,900,532350
20240209,10:01:24,2.65,4700,545450
20240209,10:01:26,2.6,1950,545450
20240209,10:01:28,2.65,1550,545450
20240209,10:01:29,2.65,50,545450
20240209,10:01:32,2.6,450,545450
20240209,10:01:33,2.6,1800,545450
20240209,10:01:34,2.55,3950,545450
20240209,10:01:36,2.6,300,545450
20240209,10:01:37,2.5,4550,545450
20240209,10:01:39,2.55,350,545450
20240209,10:01:43,2.5,100,545450
20240209,10:01:44,2.5,500,545450
20240209,10:01:46,2.55,50,545450
20240209,10:01:48,2.5,1800,545450
20240209,10:01:49,2.5,2350,545450
20240209,10:01:50,2.5,250,545450
20240209,10:01:51,2.5,200,545450
20240209,10:01:52,2.5,1800,545450
20240209,10:01:57,2.45,4550,545450
20240209,10:01:58,2.45,1800,545450
20240209,10:01:59,2.5,50,545450
20240209,10:02:00,2.45,2400,545450
20240209,10:02:01,2.5,1900,545450
20240209,10:02:02,2.45,550,545450
20240209,10:02:10,2.4,1800,545450
20240209,10:02:12,2.45,100,545450
20240209,10:02:15,2.4,100,545450
20240209,10:02:18,2.4,100,545450
20240209,10:02:19,2.4,1800,545450
20240209,10:02:20,2.4,700,545450
20240209,10:02:22,2.4,300,545450
20240209,10:02:24,2.35,250,545450
20240209,10:02:26,2.4,50,545450
20240209,10:02:27,2.35,100,545450
20240209,10:02:28,2.35,50,545450
20240209,10:02:29,2.35,50,545450
20240209,10:02:30,2.35,7100,545450
20240209,10:02:31,2.3,200,545450
20240209,10:02:32,2.3,200,545450
20240209,10:02:33,2.3,400,545450
20240209,10:02:35,2.25,50,545450
20240209,10:02:36,2.3,450,545450
20240209,10:02:37,2.25,50,545450
20240209,10:02:38,2.25,1950,545450
20240209,10:02:39,2.25,50,545450
20240209,10:02:40,2.25,150,545450
20240209,10:02:41,2.25,250,545450
20240209,10:02:42,2.25,500,545450
20240209,10:02:44,2.25,100,545450
20240209,10:02:45,2.2,50,545450
20240209,10:02:46,2.2,400,545450
20240209,10:02:47,2.25,950,545450
20240209,10:02:49,2.2,400,545450
20240209,10:02:50,2.2,100,545450
20240209,10:02:51,2.2,50,545450
20240209,10:02:52,2.2,50,545450
20240209,10:02:52,2.2,250,545450
20240209,10:02:53,2.2,1050,545450
20240209,10:02:54,2.2,50,545450
20240209,10:02:55,2.15,600,545450
20240209,10:02:56,2.15,1800,545450
20240209,10:02:57,2.1,7200,545450
20240209,10:02:59,2.1,5400,545450
20240209,10:03:00,2.1,200,545450
20240209,10:03:01,2.15,2250,545450
20240209,10:03:02,2.1,200,545450
20240209,10:03:03,2.1,200,545450
20240209,10:03:04,2.1,200,545450
20240209,10:03:05,2.1,200,545450
20240209,10:03:06,2.1,4650,545450
20240209,10:03:07,2.15,500,545450
20240209,10:03:08,2.15,250,545450
20240209,10:03:09,2.1,300,545450
20240209,10:03:10,2.15,600,545450
20240209,10:03:11,2.15,200,545450
20240209,10:03:12,2.1,500,545450
20240209,10:03:13,2.15,1950,545450
20240209,10:03:14,2.15,1950,545450
20240209,10:03:15,2.1,50,545450
20240209,10:03:16,2.1,2000,545450
20240209,10:03:17,2.1,200,545450
20240209,10:03:18,2.1,50,545450
20240209,10:03:20,2.1,50,545450
20240209,10:03:21,2.1,50,545450
20240209,10:03:22,2.1,50,545450
20240209,10:03:33,2.15,3600,545450
20240209,10:03:34,2.15,750,545450
20240209,10:03:35,2.15,250,545450
20240209,10:03:36,2.15,1050,545450
20240209,10:03:37,2.15,250,545450
20240209,10:03:39,2.15,250,545450
20240209,10:03:47,2.15,150,545450
20240209,10:03:50,2.15,200,545450
20240209,10:03:54,2.15,1600,545450
20240209,10:03:55,2.15,500,545450
20240209,10:03:58,2.15,100,545450
20240209,10:04:05,2.2,50,545450
20240209,10:04:06,2.2,50,545450
20240209,10:04:10,2.15,50,545450
20240209,10:04:11,2.2,50,545450
20240209,10:04:12,2.2,100,545450
20240209,10:04:28,2.1,350,546900
20240209,10:04:30,2.15,5400,546900
20240209,10:04:44,2.1,250,546900
20240209,10:04:46,2.1,600,546900
20240209,10:04:47,2.1,3700,546900
20240209,10:04:50,2.05,100,546900
20240209,10:04:52,2.05,500,546900
20240209,10:04:55,2.05,350,546900
20240209,10:04:58,2.05,2100,546900
20240209,10:04:59,2.05,250,546900
20240209,10:05:00,2.1,50,546900
20240209,10:05:09,2.05,100,546900
20240209,10:05:10,2.1,200,546900
20240209,10:05:11,2.1,450,546900
20240209,10:05:13,2.1,100,546900
20240209,10:05:14,2.1,600,546900
20240209,10:05:16,2.1,200,546900
20240209,10:05:18,2.05,50,546900
20240209,10:05:48,2.05,100,546900
20240209,10:05:51,2.05,1850,546900
20240209,10:05:52,2.05,50,546900
20240209,10:05:54,2.05,300,546900
20240209,10:05:57,2.05,1800,546900
20240209,10:05:58,2.1,500,546900
20240209,10:05:59,2.05,5800,546900
20240209,10:06:02,2.05,3350,546900
20240209,10:06:03,2.05,750,546900
20240209,10:06:05,2.05,250,546900
20240209,10:06:09,2.0,50,546900
20240209,10:06:10,2.0,150,546900
20240209,10:06:11,2.0,50,546900
20240209,10:06:12,2.0,300,546900
20240209,10:06:13,2.0,50,546900
20240209,10:06:18,2.0,50,546900
20240209,10:06:30,2.0,1000,546900
20240209,10:06:31,2.0,300,546900
20240209,10:06:32,2.0,4400,546900
20240209,10:06:33,2.0,50,546900
20240209,10:06:35,2.0,1050,546900
20240209,10:06:36,1.95,250,546900
20240209,10:06:37,1.95,200,546900
20240209,10:06:38,1.95,1200,546900
20240209,10:06:39,1.95,6400,546900
20240209,10:06:40,1.9,200,546900
20240209,10:06:41,1.9,450,546900
20240209,10:06:42,1.9,150,546900
20240209,10:06:44,1.9,600,546900
20240209,10:06:45,1.9,200,546900
20240209,10:06:46,1.9,200,546900
20240209,10:06:47,1.9,250,546900
20240209,10:06:49,1.9,300,546900
20240209,10:06:50,1.9,150,546900
20240209,10:06:51,1.9,150,546900
20240209,10:06:59,1.95,100,546900
20240209,10:06:59,1.9,100,546900
20240209,10:07:18,1.95,1400,546900
20240209,10:07:19,1.95,50,546900
20240209,10:07:23,1.95,6500,546900
20240209,10:07:51,1.95,50,544200
20240209,10:07:52,1.95,700,544200
20240209,10:07:54,1.95,1800,544200
20240209,10:08:00,2.0,900,544200
20240209,10:08:04,2.0,50,544200
20240209,10:08:27,2.0,1850,544200
20240209,10:08:29,2.0,500,544200
20240209,10:08:37,1.95,550,544200
20240209,10:08:37,1.95,200,544200
20240209,10:08:38,1.95,4600,544200
20240209,10:08:46,1.95,2500,544200
20240209,10:08:52,1.9,500,544200
20240209,10:09:01,1.95,150,544200
20240209,10:09:02,2.0,7950,544200
20240209,10:09:03,2.0,250,544200
20240209,10:09:04,1.95,1250,544200
20240209,10:09:05,2.0,1200,544200
20240209,10:09:06,2.0,1550,544200
20240209,10:09:07,2.0,2000,544200
20240209,10:09:08,2.0,600,544200
20240209,10:09:10,1.95,250,544200
20240209,10:09:14,1.95,400,544200
20240209,10:09:22,1.95,50,544200
20240209,10:09:23,1.95,100,544200
20240209,10:09:34,1.95,3400,544200
20240209,10:09:55,1.95,100,544200
20240209,10:09:56,1.95,250,544200
20240209,10:09:57,1.95,200,544200
20240209,10:09:58,1.95,200,544200
20240209,10:09:59,1.95,3600,544200
20240209,10:10:00,1.95,200,544200
20240209,10:10:03,1.95,500,544200
20240209,10:10:05,1.95,400,544200
20240209,10:10:06,1.95,50,544200
20240209,10:10:07,1.95,250,544200
20240209,10:10:08,1.95,900,544200
20240209,10:10:09,1.95,650,544200
20240209,10:10:11,2.0,300,544200
20240209,10:10:12,2.0,250,544200
20240209,10:10:13,2.0,200,544200
20240209,10:10:13,2.0,1000,544200
20240209,10:10:14,2.0,200,544200
20240209,10:10:15,2.0,50,544200
20240209,10:10:16,2.0,50,544200
20240209,10:10:17,2.0,50,544200
20240209,10:10:19,2.0,100,544200
20240209,10:10:20,2.0,200,544200
20240209,10:10:21,1.95,2200,544200
20240209,10:10:22,2.0,200,544200
20240209,10:10:24,2.0,650,544200
20240209,10:10:25,2.0,200,544200
20240209,10:10:26,2.0,450,544200
20240209,10:10:26,1.95,50,552300
20240209,10:10:27,2.0,1850,552300
20240209,10:10:28,2.0,200,552300
20240209,10:10:29,2.0,50,552300
20240209,10:10:30,2.0,550,552300
20240209,10:10:31,2.0,50,552300
20240209,10:10:33,2.0,100,552300
20240209,10:10:34,2.0,50,552300
20240209,10:10:35,2.0,1850,552300
20240209,10:10:36,2.0,50,552300
20240209,10:10:37,2.0,50,552300
20240209,10:10:38,2.0,50,552300
20240209,10:10:39,2.0,50,552300
20240209,10:10:40,2.0,50,552300
20240209,10:10:41,2.0,50,552300
20240209,10:10:42,2.0,50,552300
20240209,10:10:44,2.0,500,552300
20240209,10:10:45,2.0,14700,552300
20240209,10:10:47,2.05,2750,552300
20240209,10:10:49,2.05,100,552300
20240209,10:10:50,2.05,50,552300
20240209,10:10:51,2.05,200,552300
20240209,10:10:52,2.05,200,552300
20240209,10:10:53,2.05,200,552300
20240209,10:10:55,2.05,400,552300
20240209,10:10:56,2.05,200,552300
20240209,10:10:57,2.05,200,552300
20240209,10:10:58,2.05,200,552300
20240209,10:10:59,2.05,50,552300
20240209,10:11:00,2.05,50,552300
20240209,10:11:01,2.05,200,552300
20240209,10:11:03,2.05,400,552300
20240209,10:11:04,2.05,200,552300
20240209,10:11:05,2.05,50,552300
20240209,10:11:06,2.05,50,552300
20240209,10:11:07,2.05,50,552300
20240209,10:11:09,2.05,100,552300
20240209,10:11:10,2.05,50,552300
20240209,10:11:11,2.05,50,552300
20240209,10:11:12,2.05,50,552300
20240209,10:11:13,2.05,50,552300
20240209,10:11:14,2.05,50,552300
20240209,10:11:15,2.05,50,552300
20240209,10:11:16,2.0,550,552300
20240209,10:11:18,2.05,100,552300
20240209,10:11:19,2.05,50,552300
20240209,10:11:20,2.05,3650,552300
20240209,10:11:21,2.1,50,552300
20240209,10:11:22,2.1,50,552300
20240209,10:11:32,2.05,50,552300
20240209,10:11:45,2.1,100,552300
20240209,10:11:48,2.1,2350,552300
20240209,10:11:49,2.1,1850,552300
20240209,10:11:50,2.1,50,552300
20240209,10:11:51,2.1,100,552300
20240209,10:11:52,2.1,50,552300
20240209,10:11:53,2.1,50,552300
20240209,10:11:54,2.1,50,552300
20240209,10:11:55,2.1,50,552300
20240209,10:11:56,2.1,50,552300
20240209,10:11:57,2.1,50,552300
20240209,10:11:58,2.1,50,552300
20240209,10:11:59,2.1,50,552300
20240209,10:12:00,2.1,150,552300
20240209,10:12:01,2.1,50,552300
20240209,10:12:09,2.1,1800,552300
20240209,10:12:11,2.1,1800,552300
20240209,10:12:29,2.05,950,552300
20240209,10:12:30,2.05,150,552300
20240209,10:12:35,2.1,50,552300
20240209,10:12:36,2.1,50,552300
20240209,10:12:42,2.1,50,552300
20240209,10:12:43,2.1,50,552300
20240209,10:12:44,2.1,50,552300
20240209,10:12:45,2.1,50,552300
20240209,10:12:46,2.1,50,552300
20240209,10:12:47,2.05,100,552300
20240209,10:13:26,2.1,1500,552300
20240209,10:13:29,2.05,900,563950
20240209,10:13:43,2.1,500,563950
20240209,10:13:49,2.1,50,563950
20240209,10:13:50,2.1,50,563950
20240209,10:13:51,2.1,50,563950
20240209,10:13:52,2.1,50,563950
20240209,10:13:53,2.1,50,563950
20240209,10:13:54,2.1,50,563950
20240209,10:13:55,2.1,50,563950
20240209,10:13:56,2.1,50,563950
20240209,10:13:57,2.1,50,563950
20240209,10:13:58,2.1,200,563950
20240209,10:13:59,2.1,200,563950
20240209,10:14:00,2.1,200,563950
20240209,10:14:02,2.1,50,563950
20240209,10:14:03,2.1,50,563950
20240209,10:14:04,2.1,50,563950
20240209,10:14:05,2.1,50,563950
20240209,10:14:06,2.1,50,563950
20240209,10:14:07,2.1,50,563950
20240209,10:14:08,2.1,50,563950
20240209,10:14:09,2.1,50,563950
20240209,10:14:10,2.1,300,563950
20240209,10:14:15,2.1,50,563950
20240209,10:14:16,2.1,50,563950
20240209,10:14:17,2.1,50,563950
20240209,10:14:18,2.1,150,563950
20240209,10:14:19,2.1,50,563950
20240209,10:14:20,2.1,50,563950
20240209,10:14:21,2.1,50,563950
20240209,10:14:22,2.1,50,563950
20240209,10:14:23,2.1,50,563950
20240209,10:14:24,2.1,50,563950
20240209,10:14:25,2.1,50,563950
20240209,10:14:26,2.1,50,563950
20240209,10:14:27,2.1,50,563950
20240209,10:14:28,2.1,50,563950
20240209,10:14:29,2.1,50,563950
20240209,10:14:30,2.1,250,563950
20240209,10:14:31,2.1,300,563950
20240209,10:14:45,2.05,250,563950
20240209,10:14:49,2.05,150,563950
20240209,10:14:50,2.05,650,563950
20240209,10:14:52,2.05,300,563950
20240209,10:14:53,2.05,900,563950
20240209,10:14:54,2.05,1800,563950
20240209,10:14:56,2.05,7800,563950
20240209,10:14:57,2.05,7100,563950
20240209,10:15:03,2.05,500,563950
20240209,10:15:11,2.1,19600,563950
20240209,10:15:12,2.1,400,563950
20240209,10:15:16,2.1,250,563950
20240209,10:15:17,2.05,3850,563950
20240209,10:15:21,2.05,50,563950
20240209,10:15:22,2.1,300,563950
20240209,10:15:23,2.1,50,563950
20240209,10:15:27,2.05,600,563950
20240209,10:15:29,2.05,300,563950
20240209,10:15:30,2.1,50,563950
20240209,10:15:41,2.1,100,563950
20240209,10:15:43,2.1,1800,563950
20240209,10:15:44,2.1,1800,563950
20240209,10:15:45,2.1,600,563950
20240209,10:15:47,2.1,50,563950
20240209,10:15:48,2.1,50,563950
20240209,10:15:49,2.1,50,563950
20240209,10:15:50,2.1,50,563950
20240209,10:15:51,2.1,50,563950
20240209,10:15:52,2.1,50,563950
20240209,10:15:53,2.05,850,563950
20240209,10:15:54,2.1,700,563950
20240209,10:15:55,2.1,50,563950
20240209,10:15:56,2.1,50,563950
20240209,10:15:57,2.1,50,563950
20240209,10:15:58,2.1,50,563950
20240209,10:15:59,2.1,50,563950
20240209,10:16:00,2.15,1250,563950
20240209,10:16:01,2.15,50,563950
20240209,10:16:02,2.15,1850,563950
20240209,10:16:04,2.15,2400,563950
20240209,10:16:05,2.15,50,563950
20240209,10:16:06,2.15,50,563950
20240209,10:16:07,2.15,50,563950
20240209,10:16:09,2.15,100,563950
20240209,10:16:10,2.15,50,563950
20240209,10:16:11,2.15,50,563950
20240209,10:16:12,2.15,50,563950
20240209,10:16:13,2.15,250,563950
20240209,10:16:14,2.2,550,563950
20240209,10:16:15,2.15,5100,563950
20240209,10:16:16,2.15,50,563950
20240209,10:16:17,2.15,150,563950
20240209,10:16:18,2.2,200,563950
20240209,10:16:20,2.2,400,563950
20240209,10:16:21,2.2,200,563950
20240209,10:16:22,2.2,200,563950
20240209,10:16:23,2.2,650,563950
20240209,10:16:24,2.2,50,563950
20240209,10:16:25,2.2,100,563950
20240209,10:16:27,2.2,100,566500
20240209,10:16:28,2.2,450,566500
20240209,10:16:29,2.2,200,566500
20240209,10:16:30,2.2,300,566500
20240209,10:16:31,2.2,50,566500
20240209,10:16:32,2.2,50,566500
20240209,10:16:33,2.2,50,566500
20240209,10:16:34,2.2,50,566500
20240209,10:16:35,2.2,50,566500
20240209,10:16:36,2.2,50,566500
20240209,10:16:38,2.2,250,566500
20240209,10:16:39,2.2,200,566500
20240209,10:16:40,2.2,50,566500
20240209,10:16:41,2.2,50,566500
20240209,10:16:42,2.2,50,566500
20240209,10:16:43,2.2,50,566500
20240209,10:16:45,2.2,150,566500
20240209,10:16:46,2.2,50,566500
20240209,10:16:47,2.2,50,566500
20240209,10:16:48,2.2,100,566500
20240209,10:16:49,2.2,50,566500
20240209,10:16:50,2.2,1100,566500
20240209,10:16:51,2.2,50,566500
20240209,10:16:52,2.2,50,566500
20240209,10:16:54,2.2,100,566500
20240209,10:16:55,2.2,50,566500
20240209,10:16:56,2.2,1850,566500
20240209,10:16:57,2.2,50,566500
20240209,10:16:58,2.2,50,566500
20240209,10:16:59,2.2,50,566500
20240209,10:17:00,2.2,50,566500
20240209,10:17:01,2.2,50,566500
20240209,10:17:02,2.2,50,566500
20240209,10:17:03,2.2,1600,566500
20240209,10:17:04,2.2,50,566500
20240209,10:17:05,2.2,50,566500
20240209,10:17:06,2.2,50,566500
20240209,10:17:07,2.2,50,566500
20240209,10:17:08,2.2,50,566500
20240209,10:17:09,2.2,50,566500
20240209,10:17:10,2.2,50,566500
20240209,10:17:11,2.2,50,566500
20240209,10:17:12,2.2,50,566500
20240209,10:17:13,2.15,11150,566500
20240209,10:17:14,2.15,150,566500
20240209,10:17:15,2.15,1850,566500
20240209,10:17:18,2.15,21650,566500
20240209,10:17:25,2.2,1800,566500
20240209,10:17:47,2.2,100,566500
20240209,10:17:51,2.2,50,566500
20240209,10:17:51,2.15,1400,566500
20240209,10:17:54,2.2,50,566500
20240209,10:17:55,2.2,50,566500
20240209,10:17:56,2.2,50,566500
20240209,10:17:57,2.2,50,566500
20240209,10:17:58,2.2,50,566500
20240209,10:17:59,2.2,50,566500
20240209,10:18:00,2.2,1950,566500
20240209,10:18:01,2.2,100,566500
20240209,10:18:02,2.2,1900,566500
20240209,10:18:03,2.2,50,566500
20240209,10:18:04,2.2,50,566500
20240209,10:18:05,2.2,100,566500
20240209,10:18:06,2.2,50,566500
20240209,10:18:08,2.2,50,566500
20240209,10:18:09,2.2,50,566500
20240209,10:18:10,2.2,50,566500
20240209,10:18:11,2.2,50,566500
20240209,10:18:12,2.2,50,566500
20240209,10:18:13,2.2,50,566500
20240209,10:18:14,2.15,1550,566500
20240209,10:18:15,2.2,200,566500
20240209,10:18:16,2.2,2000,566500
20240209,10:18:17,2.2,50,566500
20240209,10:18:20,2.2,50,566500
20240209,10:18:21,2.2,50,566500
20240209,10:18:21,2.2,1550,566500
20240209,10:18:22,2.2,50,566500
20240209,10:18:23,2.2,50,566500
20240209,10:18:24,2.2,350,566500
20240209,10:18:25,2.2,50,566500
20240209,10:18:26,2.2,50,566500
20240209,10:18:27,2.2,350,566500
20240209,10:18:28,2.2,50,566500
20240209,10:18:29,2.2,50,566500
20240209,10:18:30,2.2,100,566500
20240209,10:18:31,2.2,50,566500
20240209,10:18:32,2.2,50,566500
20240209,10:18:33,2.2,200,566500
20240209,10:18:34,2.2,200,566500
20240209,10:18:35,2.2,2000,566500
20240209,10:18:36,2.2,50,566500
20240209,10:18:37,2.2,1850,566500
20240209,10:18:38,2.2,50,566500
20240209,10:18:39,2.2,50,566500
20240209,10:18:40,2.2,50,566500
20240209,10:18:41,2.2,50,566500
20240209,10:18:42,2.2,50,566500
20240209,10:18:43,2.2,1850,566500
20240209,10:18:44,2.2,4250,566500
20240209,10:18:45,2.2,700,566500
20240209,10:18:46,2.2,350,566500
20240209,10:18:47,2.2,500,566500
20240209,10:18:49,2.15,1200,566500
20240209,10:18:51,2.2,100,566500
20240209,10:18:54,2.2,50,566500
20240209,10:18:55,2.2,50,566500
20240209,10:18:56,2.2,50,566500
20240209,10:18:57,2.2,50,566500
20240209,10:18:59,2.2,50,566500
20240209,10:19:00,2.2,50,566500
20240209,10:19:01,2.2,50,566500
20240209,10:19:02,2.2,50,566500
20240209,10:19:03,2.2,50,566500
20240209,10:19:04,2.2,50,566500
20240209,10:19:05,2.2,50,566500
20240209,10:19:06,2.2,50,566500
20240209,10:19:07,2.2,50,566500
20240209,10:19:08,2.2,50,566500
20240209,10:19:09,2.2,50,566500
20240209,10:19:10,2.2,50,566500
20240209,10:19:11,2.2,1550,566500
20240209,10:19:12,2.2,50,566500
20240209,10:19:13,2.2,650,566500
20240209,10:19:14,2.2,50,566500
20240209,10:19:15,2.2,50,566500
20240209,10:19:16,2.2,1050,566500
20240209,10:19:17,2.2,50,566500
20240209,10:19:18,2.2,100,566500
20240209,10:19:19,2.2,50,566500
20240209,10:19:20,2.2,50,566500
20240209,10:19:21,2.2,50,566500
20240209,10:19:22,2.2,12200,566500
20240209,10:19:32,2.2,50,566500
20240209,10:19:41,2.25,100,590450
20240209,10:19:58,2.2,50,590450
20240209,10:20:01,2.25,600,590450
20240209,10:20:02,2.25,150,590450
20240209,10:20:05,2.25,50,590450
20240209,10:20:07,2.2,900,590450
20240209,10:20:13,2.2,200,590450
20240209,10:20:13,2.2,2100,590450
20240209,10:20:17,2.2,200,590450
20240209,10:20:17,2.2,50,590450
20240209,10:20:29,2.25,50,590450
20240209,10:20:30,2.25,50,590450
20240209,10:20:31,2.25,50,590450
20240209,10:20:32,2.25,50,590450
20240209,10:20:33,2.25,50,590450
20240209,10:20:35,2.25,200,590450
20240209,10:20:36,2.25,50,590450
20240209,10:20:37,2.25,50,590450
20240209,10:20:38,2.25,50,590450
20240209,10:20:39,2.25,100,590450
20240209,10:20:40,2.25,50,590450
20240209,10:20:41,2.25,50,590450
20240209,10:20:43,2.25,100,590450
20240209,10:20:44,2.25,50,590450
20240209,10:20:45,2.25,50,590450
20240209,10:20:46,2.25,2400,590450
20240209,10:20:47,2.25,50,590450
20240209,10:20:48,2.25,50,590450
20240209,10:20:49,2.25,50,590450
20240209,10:20:50,2.25,50,590450
20240209,10:20:51,2.25,50,590450
20240209,10:20:52,2.25,50,590450
20240209,10:20:53,2.25,50,590450
20240209,10:20:55,2.25,100,590450
20240209,10:20:56,2.25,50,590450
20240209,10:20:58,2.25,300,590450
20240209,10:20:59,2.25,50,590450
20240209,10:21:00,2.25,850,590450
20240209,10:21:03,2.2,900,590450
20240209,10:21:06,2.2,550,590450
20240209,10:21:07,2.2,6350,590450
20240209,10:21:09,2.15,1200,590450
20240209,10:21:10,2.2,2200,590450
20240209,10:21:10,2.2,200,590450
20240209,10:21:11,2.15,900,590450
20240209,10:21:14,2.15,750,590450
20240209,10:21:15,2.15,200,590450
20240209,10:21:17,2.15,1000,590450
20240209,10:21:17,2.15,100,590450
20240209,10:21:19,2.15,600,590450
20240209,10:21:20,2.15,600,590450
20240209,10:21:22,2.15,750,590450
20240209,10:21:23,2.2,100,590450
20240209,10:21:27,2.15,200,590450
20240209,10:21:29,2.15,2000,590450
20240209,10:21:30,2.15,2400,590450
20240209,10:21:32,2.15,4550,590450
20240209,10:21:34,2.1,550,590450
20240209,10:21:35,2.2,7300,590450
20240209,10:22:01,2.15,2700,590450
20240209,10:22:02,2.15,250,590450
20240209,10:22:04,2.15,3150,590450
20240209,10:22:05,2.1,150,590450
20240209,10:22:07,2.1,350,590450
20240209,10:22:10,2.15,50,590450
20240209,10:22:21,2.1,200,590450
20240209,10:22:25,2.1,200,590450
20240209,10:22:26,2.1,600,590450
20240209,10:22:32,2.1,200,590450
20240209,10:22:37,2.15,50,582150
20240209,10:22:38,2.1,200,582150
20240209,10:22:43,2.1,200,582150
20240209,10:22:46,2.15,1900,582150
20240209,10:23:18,2.15,50,582150
20240209,10:23:33,2.1,50,582150
20240209,10:24:33,2.15,1800,582150
20240209,10:24:46,2.1,100,582150
20240209,10:25:12,2.15,1500,582150
20240209,10:25:16,2.15,1800,582150
20240209,10:25:27,2.2,10350,582150
20240209,10:25:40,2.2,5400,589850
20240209,10:25:46,2.2,100,589850
20240209,10:25:47,2.25,2300,589850
20240209,10:25:53,2.25,50,589850
20240209,10:26:03,2.2,50,589850
20240209,10:26:04,2.2,50,589850
20240209,10:26:11,2.25,2500,589850
20240209,10:26:13,2.25,50,589850
20240209,10:26:14,2.2,500,589850
20240209,10:26:16,2.25,100,589850
20240209,10:26:17,2.25,50,589850
20240209,10:26:19,2.25,200,589850
20240209,10:26:27,2.25,2700,589850
20240209,10:26:32,2.3,400,589850
20240209,10:26:34,2.25,50,589850
20240209,10:26:39,2.3,50,589850
20240209,10:26:40,2.25,1000,589850
20240209,10:26:43,2.25,1800,589850
20240209,10:26:50,2.3,350,589850
20240209,10:26:52,2.25,250,589850
20240209,10:26:55,2.25,50,589850
20240209,10:27:01,2.3,150,589850
20240209,10:27:02,2.3,1500,589850
20240209,10:27:03,2.25,350,589850
20240209,10:27:11,2.25,4350,589850
20240209,10:27:14,2.25,5050,589850
20240209,10:27:16,2.25,850,589850
