date,time,tick_price,volume,open_interest
20240115,09:22:33,437.3,50,50
20240115,09:31:41,437.3,50,50
20240115,10:54:55,390.0,1100,100
20240115,14:04:58,350.0,300,1200
20240115,15:19:44,345.8,500,1500
20240115,15:21:22,343.0,50,1500
20240115,15:28:43,340.15,300,2050
20240116,09:26:32,381.8,1,2050
20240116,09:26:32,381.8,100,2050
20240116,09:31:09,369.1,100,2150
20240116,10:13:59,363.2,50,2150
20240116,11:23:19,354.05,50,2200
20240116,11:48:41,354.05,50,2250
20240116,11:49:48,350.65,100,2250
20240116,13:33:42,350.65,50,2300
20240116,13:34:32,399.0,1400,2300
20240116,13:36:12,403.65,50,2300
20240116,13:45:41,403.65,50,800
20240116,13:45:59,391.5,550,800
20240116,14:16:30,365.3,100,1300
20240116,14:17:33,379.45,100,1300
20240116,14:17:58,374.05,500,1300
20240116,14:18:15,365.8,100,1300
20240116,14:36:41,391.5,50,1800
20240116,15:17:11,391.5,500,1850
20240116,15:25:24,391.2,100,1850
20240116,15:25:32,390.6,50,1850
20240116,15:28:09,382.05,100,2000
20240116,15:29:12,380.0,50,2000
20240117,10:05:10,473.9,1,1950
20240117,10:05:10,473.9,100,1950
20240117,10:06:19,487.55,150,1850
20240118,09:19:08,561.85,1,1700
20240118,09:19:08,561.85,50,1700
20240118,09:43:48,800.0,50,1700
20240118,15:27:56,800.0,50,1650
20240119,09:42:27,749.95,1,1700
20240119,09:42:27,749.95,50,1700
20240119,13:28:26,600.0,50,1700
20240120,09:32:09,584.2,1,1650
20240120,09:32:09,584.2,50,1650
20240123,12:01:48,750.0,50,1700
20240123,15:29:59,899.05,1,1700
20240125,11:16:19,835.9,1,1700
20240125,11:16:19,835.9,50,1700
20240125,15:25:08,765.45,100,1700
20240129,09:24:01,660.0,1,1800
20240129,09:24:01,660.0,50,1800
20240129,09:26:15,654.1,50,1800
20240129,11:52:50,602.3,50,1800
20240129,12:28:43,580.0,100,1850
20240129,12:45:57,550.0,50,1850
20240129,13:06:01,550.0,50,1900
20240129,13:14:58,533.7,50,1950
20240129,13:19:50,533.7,100,1950
20240129,13:19:59,563.9,550,1950
20240129,13:20:16,559.95,1000,1950
20240129,13:20:52,563.75,500,3600
20240129,13:24:27,570.0,50,4100
20240129,13:42:35,555.45,100,4100
20240129,13:46:40,559.05,50,4000
20240129,13:52:26,542.1,50,4050
20240129,13:52:46,539.6,50,4050
20240129,13:52:55,540.15,600,4050
20240129,14:06:05,540.7,50,4700
20240129,14:13:53,543.0,50,4750
20240129,14:45:04,543.0,200,4800
20240129,15:19:43,535.0,150,5000
20240129,15:25:11,520.65,100,4900
20240129,15:25:44,519.45,50,4900
20240130,09:19:23,522.25,1,4900
20240130,09:19:23,522.25,50,4900
20240130,09:20:48,522.0,50,4900
20240130,09:27:03,522.0,50,4900
20240130,09:27:35,555.0,50,4900
20240130,09:28:52,565.5,50,4900
20240130,09:39:16,565.5,50,4750
20240130,10:50:36,580.0,50,4800
20240130,11:25:58,580.0,50,4750
20240130,12:00:18,547.2,100,4700
20240130,12:20:40,552.25,100,4800
20240131,09:28:18,668.6,1,4700
20240131,09:28:18,700.0,200,4700
20240131,09:37:36,671.7,50,4600
20240131,10:40:10,591.15,50,4650
20240131,11:13:37,591.15,50,4650
20240131,11:17:23,555.1,50,4700
20240131,12:13:15,555.1,50,4750
20240131,12:48:35,580.0,50,4750
20240131,13:46:17,562.1,50,4700
20240201,09:23:50,534.4,1,4750
20240201,09:23:50,534.4,50,4750
20240201,09:24:48,563.7,100,4750
20240201,09:33:05,557.05,50,4800
20240201,09:41:01,557.0,50,4750
20240201,10:00:58,552.9,50,4700
20240201,10:54:24,514.85,50,4700
20240201,10:54:34,500.0,150,4700
20240201,11:25:32,500.0,150,4850
20240201,11:26:34,540.0,50,4850
20240201,13:27:20,510.75,50,4850
20240201,13:29:25,558.7,50,4850
20240201,14:34:45,515.0,50,4850
20240201,14:51:36,511.0,50,4800
20240201,15:07:52,537.95,50,4850
20240201,15:12:48,536.6,50,4800
20240201,15:20:04,540.0,500,4800
20240201,15:20:28,542.75,1050,4800
20240201,15:21:43,543.0,500,5800
20240201,15:21:52,543.95,50,5800
20240201,15:22:00,543.35,150,5800
20240201,15:23:23,542.6,400,5800
20240201,15:29:06,551.25,50,6150
20240202,09:18:11,390.0,1,6150
20240202,09:18:11,390.0,550,6150
20240202,09:18:22,385.0,150,6150
20240202,09:18:57,384.95,50,6150
20240202,09:19:17,384.95,100,6150
20240202,09:19:26,382.0,50,6150
20240202,09:19:37,379.9,200,6150
20240202,09:20:07,373.55,100,6150
20240202,09:20:19,373.55,50,6900
20240202,09:20:24,373.55,50,6900
20240202,09:20:26,371.2,50,6900
20240202,09:20:37,370.1,50,6900
20240202,09:20:49,370.1,250,6900
20240202,09:21:12,366.95,50,6900
20240202,09:21:24,366.95,250,6900
20240202,09:21:42,365.2,200,6900
20240202,09:21:53,363.25,650,6900
20240202,09:22:00,362.95,50,6900
20240202,09:22:03,360.0,150,6900
20240202,09:22:05,360.0,350,6900
20240202,09:22:18,360.0,50,6900
20240202,09:22:45,354.1,50,6900
20240202,09:22:50,354.1,50,6900
20240202,09:22:51,354.1,200,6900
20240202,09:23:09,355.35,100,6900
20240202,09:23:54,353.2,150,8800
20240202,09:23:56,353.2,50,8800
20240202,09:24:02,350.0,50,8800
20240202,09:24:19,350.0,200,8800
20240202,09:24:27,353.15,100,8800
20240202,09:24:29,352.7,50,8800
20240202,09:24:30,352.05,50,8800
20240202,09:24:32,352.5,100,8800
20240202,09:24:34,351.85,100,8800
20240202,09:26:18,355.3,50,9200
20240202,09:26:23,352.75,50,9200
20240202,09:26:35,354.4,150,9200
20240202,09:27:01,350.9,300,9200
20240202,09:27:10,348.5,300,9200
20240202,09:27:11,348.0,100,9200
20240202,09:28:24,346.25,50,9200
20240202,09:31:15,345.75,100,9650
20240202,09:31:50,345.0,50,9650
20240202,09:32:49,343.0,100,9750
20240202,09:33:00,340.0,500,9750
20240202,09:33:03,340.0,550,9750
20240202,09:33:08,342.6,500,9750
20240202,09:33:12,342.85,200,9750
20240202,09:33:20,341.4,250,9750
20240202,09:33:36,340.35,150,9750
20240202,09:33:43,338.0,50,9750
20240202,09:34:19,336.0,200,9750
20240202,09:34:29,333.1,250,9750
20240202,09:34:34,333.1,400,9750
20240202,09:34:35,335.2,150,9750
20240202,09:34:44,335.25,450,9750
20240202,09:35:52,338.1,150,10650
20240202,09:36:16,339.7,50,10650
20240202,09:36:20,340.35,150,10650
20240202,09:36:45,344.5,100,10650
20240202,09:37:00,348.65,400,10650
20240202,09:37:01,348.6,50,10650
20240202,09:37:03,347.7,50,10650
20240202,09:37:04,347.4,150,10650
20240202,09:37:07,347.85,450,10650
20240202,09:37:36,343.8,50,10650
20240202,09:38:04,344.0,450,10650
20240202,09:38:06,344.65,750,10650
20240202,09:38:08,345.45,50,10650
20240202,09:38:09,347.3,1600,10650
20240202,09:38:13,347.4,500,10650
20240202,09:38:14,345.7,50,10650
20240202,09:38:52,343.25,50,13500
20240202,09:38:53,342.7,100,13500
20240202,09:39:48,346.8,750,13500
20240202,09:41:05,336.75,50,13500
20240202,09:41:23,338.55,150,14400
20240202,09:41:37,341.7,500,14400
20240202,09:42:04,340.4,50,14400
20240202,09:44:18,336.35,50,15050
20240202,09:44:25,335.0,250,15050
20240202,09:45:08,336.3,350,15050
20240202,09:45:21,334.45,500,15050
20240202,09:45:52,340.0,250,15050
20240202,09:46:06,341.85,50,15050
20240202,09:46:54,338.0,50,15050
20240202,09:47:15,341.85,100,15050
20240202,09:49:11,341.45,50,15900
20240202,09:49:51,337.1,150,15900
20240202,09:51:08,331.1,100,15750
20240202,09:51:18,330.0,50,15750
20240202,09:51:35,330.0,350,15750
20240202,09:53:40,327.55,150,16050
20240202,09:53:50,328.2,50,16050
20240202,09:54:19,331.95,50,16050
20240202,09:54:45,330.3,50,16050
20240202,09:55:05,331.95,50,16050
20240202,09:57:08,333.85,50,16200
20240202,09:57:32,331.2,100,16200
20240202,09:58:59,334.1,50,16200
20240202,09:59:12,334.8,50,16200
20240202,10:00:12,330.0,50,16200
20240202,10:01:01,328.5,50,16200
20240202,10:01:06,327.0,300,16200
20240202,10:01:31,325.0,500,16200
20240202,10:02:15,322.55,50,16200
20240202,10:03:07,322.55,500,16650
20240202,10:03:26,322.5,50,16650
20240202,10:03:35,322.5,50,16650
20240202,10:03:58,323.5,50,16650
20240202,10:04:22,323.0,50,16650
20240202,10:05:12,322.95,100,16650
20240202,10:05:38,322.25,50,16750
20240202,10:05:42,320.0,550,16750
20240202,10:05:43,318.4,100,16750
20240202,10:05:53,317.75,100,16750
20240202,10:06:32,317.75,50,16750
20240202,10:08:03,322.5,250,16750
20240202,10:08:16,322.7,300,16750
20240202,10:09:00,320.6,150,16750
20240202,10:09:28,320.8,100,17000
20240202,10:09:48,318.8,50,17000
20240202,10:10:11,318.0,150,17000
20240202,10:10:16,315.45,50,17000
20240202,10:11:21,315.45,150,17150
20240202,10:11:49,319.6,250,17150
20240202,10:11:59,319.1,150,17150
20240202,10:12:04,320.7,50,17150
20240202,10:12:47,319.15,450,17150
20240202,10:13:51,321.75,350,17150
20240202,10:15:06,321.6,150,17650
20240202,10:15:07,322.05,150,17650
20240202,10:15:12,323.25,200,17650
20240202,10:15:21,322.25,50,17650
20240202,10:15:37,322.7,250,17650
20240202,10:16:10,325.0,50,17650
20240202,10:17:56,325.0,50,18450
20240202,10:22:27,331.25,50,18450
20240202,10:22:47,330.55,50,18500
20240202,10:23:04,329.35,150,18500
20240202,10:24:02,325.0,50,18400
20240202,10:24:20,323.7,250,18400
20240202,10:24:37,323.9,50,18400
20240202,10:26:58,318.15,50,18600
20240202,10:27:45,321.2,50,18600
20240202,10:29:40,316.0,50,18600
20240202,10:30:12,315.0,150,18600
20240202,10:30:23,315.0,150,18600
20240202,10:30:43,317.2,50,18600
20240202,10:32:59,323.45,50,18650
20240202,10:33:38,322.8,250,18650
20240202,10:33:47,323.0,50,18650
20240202,10:34:17,323.1,150,18650
20240202,10:34:27,323.35,50,18650
20240202,10:35:11,324.75,50,18650
20240202,10:35:32,326.35,50,18750
20240202,10:36:19,324.1,100,18750
20240202,10:37:35,325.8,50,18750
20240202,10:39:02,329.05,50,18750
20240202,10:39:37,326.6,200,18750
20240202,10:41:16,331.6,50,18750
20240202,10:43:39,326.35,50,18750
20240202,10:43:54,326.0,50,18750
20240202,10:47:09,328.85,50,18750
20240202,10:48:54,330.8,250,18750
20240202,10:51:44,330.2,50,18750
20240202,10:52:28,330.1,50,18750
20240202,10:52:41,330.1,100,18750
20240202,10:52:56,332.1,50,18750
20240202,10:52:58,332.95,400,18750
20240202,10:54:19,328.05,100,18300
20240202,10:54:21,327.1,50,18300
20240202,10:55:38,323.95,100,18300
20240202,10:55:42,324.0,1800,18300
20240202,10:57:10,322.5,100,18750
20240202,11:00:21,313.85,50,18650
20240202,11:00:37,313.85,100,18650
20240202,11:03:07,315.0,100,18550
20240202,11:03:54,310.1,150,18550
20240202,11:04:02,308.3,50,18550
20240202,11:10:12,308.3,50,18600
20240202,11:13:16,311.6,50,18600
20240202,11:13:39,305.2,50,18600
20240202,11:13:49,302.95,50,18600
20240202,11:13:52,300.0,250,18600
20240202,11:13:54,299.6,700,18600
20240202,11:14:05,299.65,200,18600
20240202,11:14:27,297.5,450,18600
20240202,11:14:37,295.0,50,19650
20240202,11:15:03,295.0,50,19650
20240202,11:15:10,295.0,50,19650
20240202,11:15:14,293.45,50,19650
20240202,11:15:42,291.2,100,19650
20240202,11:15:54,290.25,50,19650
20240202,11:16:15,287.7,250,19650
20240202,11:16:17,286.25,100,19650
20240202,11:16:23,285.6,150,19650
20240202,11:16:30,283.8,100,19650
20240202,11:16:35,283.8,300,19650
20240202,11:16:42,285.2,100,19650
20240202,11:17:03,283.65,400,19650
20240202,11:17:05,282.0,1250,19650
20240202,11:17:07,282.95,50,19650
20240202,11:17:08,283.8,200,19650
20240202,11:17:10,283.6,450,19650
20240202,11:17:22,283.3,50,19650
20240202,11:17:23,283.5,350,19650
20240202,11:17:28,282.9,50,19650
20240202,11:17:30,280.1,2550,19600
20240202,11:17:32,280.1,750,19600
20240202,11:18:02,280.0,100,19600
20240202,11:18:13,278.5,50,19600
20240202,11:18:30,278.2,100,19600
20240202,11:18:43,278.0,400,19600
20240202,11:18:49,278.0,150,19600
20240202,11:18:57,278.0,50,19600
20240202,11:19:02,278.6,50,19600
20240202,11:19:04,277.4,50,19600
20240202,11:19:05,277.4,50,19600
20240202,11:19:34,282.05,50,19600
20240202,11:19:39,281.95,100,19600
20240202,11:19:50,280.35,50,19600
20240202,11:20:06,280.1,150,19600
20240202,11:20:21,278.0,150,19600
20240202,11:21:25,279.2,100,22550
20240202,11:21:52,279.2,100,22550
20240202,11:21:57,278.75,100,22550
20240202,11:22:18,277.0,50,22550
20240202,11:22:33,275.5,1000,22550
20240202,11:22:42,275.5,50,22550
20240202,11:23:05,277.6,150,22550
20240202,11:23:19,277.9,200,22550
20240202,11:23:23,277.6,100,22550
20240202,11:24:12,277.9,50,24100
20240202,11:24:21,279.75,50,24100
20240202,11:24:25,280.0,1000,24100
20240202,11:24:57,277.6,50,24100
20240202,11:25:00,277.0,100,24100
20240202,11:25:07,276.75,900,24100
20240202,11:25:25,274.85,1000,24100
20240202,11:25:27,275.5,50,24100
20240202,11:25:30,276.45,2000,24100
20240202,11:25:43,276.4,50,24100
20240202,11:25:50,276.9,100,24100
20240202,11:26:22,280.1,300,24100
20240202,11:26:32,280.0,200,26000
20240202,11:26:40,279.5,150,26000
20240202,11:27:01,280.95,200,26000
20240202,11:27:05,279.6,1000,26000
20240202,11:27:18,281.25,50,26000
20240202,11:27:28,279.6,600,26000
20240202,11:27:32,280.5,50,26000
20240202,11:27:35,279.4,1000,26000
20240202,11:27:43,279.6,150,26000
20240202,11:27:55,278.25,300,26000
20240202,11:28:01,277.9,350,26000
20240202,11:28:13,278.4,200,26000
20240202,11:28:17,278.5,150,26000
20240202,11:28:38,280.2,50,26000
20240202,11:28:40,279.5,50,26000
20240202,11:28:46,280.2,300,26000
20240202,11:28:50,279.5,50,26000
20240202,11:29:25,278.75,50,26000
20240202,11:30:02,276.45,300,29150
20240202,11:30:09,278.9,50,29150
20240202,11:30:14,277.4,50,29150
20240202,11:30:27,277.55,100,29150
20240202,11:30:46,275.0,550,29150
20240202,11:31:25,275.75,350,29150
20240202,11:31:37,274.45,50,29150
20240202,11:31:46,274.4,50,29150
20240202,11:31:53,272.65,50,29150
20240202,11:32:03,272.65,200,29150
20240202,11:32:06,274.4,550,29150
20240202,11:32:13,272.15,650,29150
20240202,11:32:18,272.7,250,29150
20240202,11:32:23,273.0,100,29150
20240202,11:32:40,276.7,500,30100
20240202,11:32:56,275.9,50,30100
20240202,11:33:02,273.5,50,30100
20240202,11:33:29,278.55,50,30100
20240202,11:33:30,277.3,50,30100
20240202,11:34:28,274.75,200,30100
20240202,11:34:35,275.9,100,30100
20240202,11:34:40,274.4,150,30100
20240202,11:34:50,273.0,600,30100
20240202,11:35:03,271.3,50,30100
20240202,11:35:05,271.3,50,30100
20240202,11:35:07,272.55,350,30100
20240202,11:35:10,272.85,200,30100
20240202,11:35:50,274.25,350,31350
20240202,11:36:26,272.0,50,31350
20240202,11:36:49,272.0,50,31350
20240202,11:37:20,271.3,100,31350
20240202,11:37:35,270.0,550,31350
20240202,11:37:36,270.0,100,31350
20240202,11:37:38,270.65,250,31350
20240202,11:37:51,270.85,200,31350
20240202,11:38:00,269.2,600,31350
20240202,11:38:14,268.5,50,31350
20240202,11:38:16,267.0,50,31350
20240202,11:38:21,266.0,50,31350
20240202,11:38:27,266.0,50,31350
20240202,11:38:46,268.95,450,32600
20240202,11:38:56,267.85,100,32600
20240202,11:39:07,265.45,100,32600
20240202,11:39:14,265.0,550,32600
20240202,11:39:16,265.0,50,32600
20240202,11:39:24,266.25,100,32600
20240202,11:39:26,265.8,50,32600
20240202,11:39:27,266.2,100,32600
20240202,11:39:37,267.65,250,32600
20240202,11:39:39,267.6,100,32600
20240202,11:39:42,266.75,250,32600
20240202,11:39:45,267.15,50,32600
20240202,11:39:50,267.15,50,32600
20240202,11:39:54,266.8,500,32600
20240202,11:40:16,265.55,50,32600
20240202,11:40:20,265.3,50,32600
20240202,11:40:33,266.75,200,32600
20240202,11:40:46,267.0,50,32600
20240202,11:40:53,265.05,50,32600
20240202,11:40:55,265.05,200,32600
20240202,11:40:58,265.15,200,32600
20240202,11:41:01,265.0,50,32600
20240202,11:41:03,265.15,200,32600
20240202,11:41:06,266.95,100,32600
20240202,11:41:09,268.45,50,32600
20240202,11:41:11,267.55,200,32600
20240202,11:41:14,267.5,300,32600
20240202,11:41:29,265.7,350,32600
20240202,11:41:31,265.8,200,32600
20240202,11:41:40,265.0,50,33900
20240202,11:41:41,265.4,50,33900
20240202,11:41:43,265.3,100,33900
20240202,11:41:55,264.0,50,33900
20240202,11:41:58,264.0,100,33900
20240202,11:42:05,264.0,650,33900
20240202,11:42:13,263.3,500,33900
20240202,11:42:16,263.0,300,33900
20240202,11:42:21,263.0,100,33900
20240202,11:42:41,263.0,50,33900
20240202,11:42:46,265.05,150,33900
20240202,11:42:51,266.0,300,33900
20240202,11:43:00,267.0,100,33900
20240202,11:43:01,266.0,300,33900
20240202,11:43:03,267.4,50,33900
20240202,11:43:06,266.6,100,33900
20240202,11:43:11,267.5,200,33900
20240202,11:43:14,267.55,100,33900
20240202,11:43:16,267.45,400,33900
20240202,11:43:19,267.25,50,33900
20240202,11:43:26,268.15,50,33900
20240202,11:43:27,267.0,100,33900
20240202,11:43:34,268.4,600,33900
20240202,11:43:41,269.0,200,33900
20240202,11:43:47,269.45,50,33900
20240202,11:43:54,270.9,200,33900
20240202,11:43:56,269.0,150,33900
20240202,11:43:58,269.0,350,33900
20240202,11:44:10,269.0,100,33900
20240202,11:44:12,269.0,50,33900
20240202,11:44:22,270.95,50,33900
20240202,11:44:27,269.9,50,33900
20240202,11:44:28,270.7,350,33900
20240202,11:44:32,273.0,650,33900
20240202,11:44:40,271.4,50,35350
20240202,11:44:42,271.35,50,35350
20240202,11:44:48,272.0,100,35350
20240202,11:44:55,271.9,50,35350
20240202,11:45:00,272.5,50,35350
20240202,11:45:02,272.2,100,35350
20240202,11:45:03,272.5,50,35350
20240202,11:45:05,273.0,300,35350
20240202,11:45:07,271.0,50,35350
20240202,11:45:10,271.8,100,35350
20240202,11:45:12,270.85,500,35350
20240202,11:45:23,274.1,50,35350
20240202,11:45:28,272.95,50,35350
20240202,11:45:33,273.3,100,35350
20240202,11:45:43,274.0,1000,35350
20240202,11:45:55,273.35,50,35350
20240202,11:46:03,274.6,50,35350
20240202,11:46:13,275.35,400,35350
20240202,11:46:38,274.25,50,35350
20240202,11:46:43,273.65,200,35350
20240202,11:46:50,272.05,50,35350
20240202,11:47:07,270.0,50,35350
20240202,11:47:09,270.3,450,35350
20240202,11:47:19,270.65,50,35350
20240202,11:47:22,271.0,100,35350
20240202,11:47:32,272.2,200,35350
20240202,11:47:50,270.0,100,36400
20240202,11:47:53,270.0,50,36400
20240202,11:47:55,270.45,50,36400
20240202,11:47:58,269.95,50,36400
20240202,11:48:05,270.3,100,36400
20240202,11:48:07,270.3,100,36400
20240202,11:48:08,269.5,150,36400
20240202,11:48:12,270.9,400,36400
20240202,11:48:19,271.0,150,36400
20240202,11:48:24,271.5,150,36400
20240202,11:48:30,272.05,300,36400
20240202,11:48:32,271.0,200,36400
20240202,11:48:40,271.1,50,36400
20240202,11:48:42,271.6,100,36400
20240202,11:48:50,272.0,100,36400
20240202,11:49:00,273.95,50,36400
20240202,11:49:10,272.4,50,36400
20240202,11:49:20,274.0,200,36400
20240202,11:49:21,274.55,50,36400
20240202,11:49:45,274.7,50,36400
20240202,11:49:53,276.3,50,36400
20240202,11:49:55,277.7,50,36400
20240202,11:49:58,276.05,50,36400
20240202,11:50:03,277.7,100,36400
20240202,11:50:05,278.8,150,36400
20240202,11:50:23,274.15,150,36400
20240202,11:50:28,273.0,50,36400
20240202,11:50:32,273.85,50,36400
20240202,11:50:33,274.15,50,36400
20240202,11:50:35,274.75,100,36350
20240202,11:50:48,272.55,400,36350
20240202,11:50:55,272.0,200,36350
20240202,11:51:45,272.3,250,36350
20240202,11:51:50,273.65,50,36350
20240202,11:52:15,276.95,50,36350
20240202,11:52:22,277.5,100,36350
20240202,11:53:18,276.5,50,36350
20240202,11:53:30,276.5,50,36350
20240202,11:53:33,276.5,200,36350
20240202,11:53:35,277.5,150,36650
20240202,11:53:47,278.0,100,36650
20240202,11:53:48,278.0,250,36650
20240202,11:53:53,278.0,50,36650
20240202,11:53:58,278.8,50,36650
20240202,11:54:17,274.8,50,36650
20240202,11:54:19,273.0,50,36650
20240202,11:54:24,275.7,50,36650
20240202,11:54:25,277.05,50,36650
20240202,11:55:03,275.6,100,36650
20240202,11:55:08,274.2,300,36650
20240202,11:55:20,274.2,50,36650
20240202,11:55:27,275.0,100,36650
20240202,11:55:47,272.9,300,36650
20240202,11:55:48,272.45,150,36650
20240202,11:55:50,273.8,50,36650
20240202,11:56:05,270.7,50,36650
20240202,11:56:08,270.0,150,36650
20240202,11:56:30,269.9,50,36650
20240202,11:56:43,269.45,300,36650
20240202,11:56:50,269.9,50,37300
20240202,11:56:55,266.9,100,37300
20240202,11:57:09,270.25,400,37300
20240202,11:57:10,268.7,150,37300
20240202,11:57:29,268.8,100,37300
20240202,11:57:40,267.0,100,37300
20240202,11:57:49,264.5,300,37300
20240202,11:57:50,264.0,50,37300
20240202,11:58:09,265.9,100,37300
20240202,11:58:10,265.2,50,37300
20240202,11:58:14,265.55,50,37300
20240202,11:58:25,265.55,500,37300
20240202,11:58:35,265.55,50,37300
20240202,11:58:40,265.1,50,37300
20240202,11:58:42,265.05,300,37300
20240202,11:58:55,266.95,50,37300
20240202,11:59:14,265.1,100,37300
20240202,11:59:15,265.5,200,37300
20240202,11:59:27,264.05,50,37300
20240202,11:59:29,263.75,100,37300
20240202,11:59:39,264.05,100,38400
20240202,11:59:40,264.0,300,38400
20240202,11:59:42,263.5,800,38400
20240202,11:59:44,263.7,200,38400
20240202,11:59:49,264.0,100,38400
20240202,11:59:50,261.25,500,38400
20240202,11:59:52,261.1,100,38400
20240202,11:59:54,261.1,350,38400
20240202,11:59:55,262.2,200,38400
20240202,11:59:59,263.25,100,38400
20240202,12:00:00,262.2,300,38400
20240202,12:00:03,259.7,100,38400
20240202,12:00:10,259.7,200,38400
20240202,12:00:15,260.4,100,38400
20240202,12:00:25,258.7,100,38400
20240202,12:00:27,258.7,400,38400
20240202,12:00:28,261.2,50,38400
20240202,12:00:32,260.25,200,38400
20240202,12:00:42,260.85,50,38400
20240202,12:00:43,261.25,200,38400
20240202,12:00:45,259.3,100,38400
20240202,12:00:47,258.75,100,38400
20240202,12:01:16,258.7,50,38400
20240202,12:01:23,257.55,750,38400
20240202,12:01:27,256.95,350,38400
20240202,12:01:30,256.95,200,38400
20240202,12:01:32,257.45,200,38400
20240202,12:01:35,258.6,300,38400
20240202,12:01:38,259.1,100,38400
20240202,12:01:53,260.15,50,38400
20240202,12:02:04,260.95,50,38400
20240202,12:02:09,259.2,350,38400
20240202,12:02:11,260.4,200,38400
20240202,12:02:12,258.7,100,38400
20240202,12:02:14,258.15,100,38400
20240202,12:02:16,259.4,50,38400
20240202,12:02:17,258.35,100,38400
20240202,12:02:22,258.5,50,38400
20240202,12:02:27,258.3,100,38400
20240202,12:02:37,258.6,100,40950
20240202,12:02:39,257.9,100,40950
20240202,12:02:41,258.05,100,40950
20240202,12:02:42,258.35,200,40950
20240202,12:02:44,258.2,1000,40950
20240202,12:02:46,257.9,100,40950
20240202,12:03:15,260.6,100,40950
20240202,12:03:27,260.8,300,40950
20240202,12:03:28,261.2,100,40950
20240202,12:03:30,260.4,300,40950
20240202,12:03:32,259.7,100,40950
20240202,12:03:33,258.85,100,40950
20240202,12:03:35,258.5,100,40950
20240202,12:03:40,258.95,100,40950
20240202,12:03:42,258.75,100,40950
20240202,12:03:47,258.6,100,40950
20240202,12:03:57,259.75,450,40950
20240202,12:04:00,260.3,300,40950
20240202,12:04:04,261.05,150,40950
20240202,12:04:09,261.1,200,40950
20240202,12:04:15,261.75,50,40950
20240202,12:04:19,261.95,50,40950
20240202,12:04:20,261.15,100,40950
20240202,12:04:22,260.95,100,40950
20240202,12:04:27,260.5,50,40950
20240202,12:04:37,260.55,50,40950
20240202,12:05:22,263.4,100,40950
20240202,12:05:25,262.2,100,40950
20240202,12:05:27,262.05,100,40950
20240202,12:06:32,265.65,50,42450
20240202,12:06:42,267.7,50,42450
20240202,12:06:48,269.0,50,42450
20240202,12:06:57,267.75,200,42450
20240202,12:07:29,269.3,100,42450
20240202,12:07:55,271.7,100,42450
20240202,12:08:05,271.7,50,42450
20240202,12:08:09,269.85,100,42450
20240202,12:08:15,270.9,150,42450
20240202,12:08:25,269.75,100,42450
20240202,12:08:39,271.1,50,42450
20240202,12:09:04,270.4,50,42600
20240202,12:09:15,269.65,50,42600
20240202,12:09:27,271.15,100,42600
20240202,12:10:17,272.25,50,42600
20240202,12:10:21,273.0,200,42600
20240202,12:10:29,271.65,50,42600
20240202,12:10:51,270.6,50,42600
20240202,12:10:53,270.05,100,42600
20240202,12:11:01,269.0,100,42600
20240202,12:11:42,272.95,100,42900
20240202,12:11:44,273.8,50,42900
20240202,12:12:02,273.2,50,42900
20240202,12:12:27,273.75,200,42900
20240202,12:12:32,274.95,50,42900
20240202,12:13:04,275.0,50,42900
20240202,12:13:11,275.0,450,42900
20240202,12:13:24,275.0,100,42900
20240202,12:13:49,275.0,150,42900
20240202,12:14:02,276.45,150,42900
20240202,12:14:04,278.0,1050,42900
20240202,12:14:06,277.8,50,42900
20240202,12:14:19,278.0,450,42900
20240202,12:14:24,279.0,100,42900
20240202,12:14:27,278.35,50,42900
20240202,12:14:32,277.4,50,42900
20240202,12:14:39,276.1,100,43100
20240202,12:14:41,275.4,300,43100
20240202,12:14:42,276.2,50,43100
20240202,12:14:44,275.05,50,43100
20240202,12:14:48,273.5,100,43100
20240202,12:14:51,273.15,50,43100
20240202,12:15:01,275.5,50,43100
20240202,12:15:03,276.45,150,43100
20240202,12:15:26,279.6,50,43100
20240202,12:15:44,275.0,50,43100
20240202,12:15:46,275.5,50,43100
20240202,12:15:49,274.4,50,43100
20240202,12:16:38,273.9,50,43100
20240202,12:17:01,274.1,50,43100
20240202,12:17:18,276.15,50,43100
20240202,12:17:56,276.0,250,43300
20240202,12:18:01,275.95,200,43300
20240202,12:18:25,275.95,300,43300
20240202,12:19:27,275.45,500,43300
20240202,12:19:49,274.6,100,43300
20240202,12:19:50,275.05,100,43300
20240202,12:19:54,275.6,800,43300
20240202,12:19:55,275.1,100,43300
20240202,12:19:57,275.05,100,43300
20240202,12:19:59,274.55,100,43300
20240202,12:20:00,274.5,200,43300
20240202,12:20:52,274.8,150,44900
20240202,12:21:14,276.7,50,44900
20240202,12:21:17,277.8,100,44900
20240202,12:21:27,278.6,50,44900
20240202,12:21:42,279.6,50,44900
20240202,12:21:47,279.0,50,44900
20240202,12:21:49,280.0,50,44900
20240202,12:21:59,277.6,300,44900
20240202,12:22:07,276.0,100,44900
20240202,12:22:42,277.0,50,44900
20240202,12:23:05,280.8,50,44900
20240202,12:23:20,279.15,50,44900
20240202,12:23:32,279.9,400,44900
20240202,12:23:45,280.5,50,44550
20240202,12:23:48,281.0,50,44550
20240202,12:23:55,281.8,50,44550
20240202,12:24:14,280.35,50,44550
20240202,12:24:29,282.5,50,44550
20240202,12:24:40,285.0,50,44550
20240202,12:24:47,284.95,150,44550
20240202,12:24:49,286.9,250,44550
20240202,12:24:50,287.85,50,44550
20240202,12:24:52,288.45,50,44550
20240202,12:24:54,287.35,200,44550
20240202,12:24:55,286.4,50,44550
20240202,12:25:03,291.0,300,44550
20240202,12:25:05,289.95,300,44550
20240202,12:25:06,287.95,750,44550
20240202,12:25:08,287.15,50,44550
20240202,12:25:13,285.45,200,44550
20240202,12:25:23,287.55,250,44550
20240202,12:25:25,289.0,250,44550
20240202,12:25:26,287.6,50,44550
20240202,12:25:28,289.9,250,44550
20240202,12:25:33,288.7,50,44550
20240202,12:25:35,288.05,50,44550
20240202,12:25:36,286.0,150,44550
20240202,12:25:43,287.65,200,44550
20240202,12:25:45,287.15,100,44550
20240202,12:25:46,285.95,50,44550
20240202,12:25:48,286.0,50,44550
20240202,12:25:50,285.3,300,44550
20240202,12:25:52,285.75,50,44550
20240202,12:26:04,285.4,100,44550
20240202,12:26:09,287.8,100,44550
20240202,12:26:15,286.65,50,44550
20240202,12:26:25,287.0,500,44550
20240202,12:26:30,288.15,50,44550
20240202,12:26:34,288.4,50,44550
20240202,12:26:35,289.35,100,44550
20240202,12:26:37,287.1,150,44550
20240202,12:26:45,289.0,50,42750
20240202,12:26:49,288.95,50,42750
20240202,12:26:50,289.0,100,42750
20240202,12:26:52,288.55,50,42750
20240202,12:26:57,288.05,100,42750
20240202,12:26:59,288.2,50,42750
20240202,12:27:00,287.6,50,42750
20240202,12:27:03,288.1,50,42750
20240202,12:27:05,289.0,50,42750
20240202,12:27:12,290.85,200,42750
20240202,12:27:15,293.15,50,42750
20240202,12:27:17,293.9,200,42750
20240202,12:27:18,294.0,100,42750
20240202,12:27:20,293.15,100,42750
20240202,12:27:23,296.0,50,42750
20240202,12:27:25,295.95,50,42750
20240202,12:27:27,296.45,50,42750
20240202,12:27:30,297.75,600,42750
20240202,12:27:32,299.0,500,42750
20240202,12:27:33,298.6,100,42750
20240202,12:27:35,297.05,150,42750
20240202,12:27:37,298.8,100,42750
20240202,12:27:42,295.95,100,42750
20240202,12:27:43,295.0,100,42750
20240202,12:27:45,293.9,100,42750
20240202,12:27:47,293.45,100,42750
20240202,12:27:50,291.6,100,42750
20240202,12:28:00,295.0,150,42750
20240202,12:28:18,299.5,100,42750
20240202,12:28:22,301.2,50,42750
20240202,12:28:27,300.8,300,42750
20240202,12:28:28,302.0,150,42750
20240202,12:28:35,303.55,50,42750
20240202,12:28:40,305.25,50,42750
20240202,12:28:43,305.3,50,42750
20240202,12:28:45,307.2,600,42750
20240202,12:28:47,306.5,50,42750
20240202,12:28:48,307.1,350,42750
20240202,12:28:52,307.85,50,42750
20240202,12:28:55,307.8,50,42750
20240202,12:28:58,307.6,50,42750
20240202,12:29:00,307.4,300,42750
20240202,12:29:02,308.05,250,42750
20240202,12:29:03,310.0,600,42750
20240202,12:29:05,311.0,100,42750
20240202,12:29:10,314.45,50,42750
20240202,12:29:12,314.4,50,42750
20240202,12:29:13,316.5,500,42750
20240202,12:29:15,317.45,400,42750
20240202,12:29:18,320.0,150,42750
20240202,12:29:20,320.1,50,42750
20240202,12:29:22,323.35,200,42750
20240202,12:29:23,322.35,150,42750
20240202,12:29:25,321.9,100,42750
20240202,12:29:28,320.9,700,42750
20240202,12:29:30,319.1,800,42750
20240202,12:29:32,320.1,1700,42750
20240202,12:29:33,320.0,100,42750
20240202,12:29:35,319.4,250,42750
20240202,12:29:37,317.15,150,42750
20240202,12:29:38,318.3,50,42750
20240202,12:29:43,318.8,50,37950
20240202,12:29:45,318.4,250,37950
20240202,12:29:47,318.95,100,37950
20240202,12:29:48,316.65,50,37950
20240202,12:29:50,315.4,50,37950
20240202,12:29:58,318.05,50,37950
20240202,12:30:00,320.0,50,37950
20240202,12:30:07,325.0,550,37950
20240202,12:30:10,326.0,150,37950
20240202,12:30:17,330.0,50,37950
20240202,12:30:18,329.55,2000,37950
20240202,12:30:22,333.1,250,37950
20240202,12:30:25,336.9,500,37950
20240202,12:30:27,337.8,450,37950
20240202,12:30:28,335.8,50,37950
20240202,12:30:30,337.6,250,37950
20240202,12:30:32,340.0,1200,37950
20240202,12:30:33,341.05,50,37950
20240202,12:30:37,344.8,450,37950
20240202,12:30:38,343.2,150,37950
20240202,12:30:40,343.8,150,37950
20240202,12:30:43,343.0,200,37950
20240202,12:30:45,343.65,100,37950
20240202,12:30:47,337.45,900,37950
20240202,12:30:48,337.7,650,37950
20240202,12:30:50,336.75,650,37950
20240202,12:30:55,337.25,200,37950
20240202,12:31:02,336.45,500,37950
20240202,12:31:07,341.65,1350,37950
20240202,12:31:09,343.2,500,37950
20240202,12:31:10,343.4,650,37950
20240202,12:31:12,345.9,100,37950
20240202,12:31:14,348.2,200,37950
20240202,12:31:15,348.4,200,37950
20240202,12:31:17,348.75,50,37950
20240202,12:31:20,348.4,1800,37950
20240202,12:31:22,348.8,3200,37950
20240202,12:31:29,348.6,150,37950
20240202,12:31:30,349.1,50,37950
20240202,12:31:32,349.95,400,37950
20240202,12:31:34,352.0,900,37950
20240202,12:31:35,353.0,50,37950
20240202,12:31:37,354.95,550,37950
20240202,12:31:39,356.45,450,37950
20240202,12:31:40,359.2,100,37950
20240202,12:31:42,360.6,2150,37950
20240202,12:31:44,360.9,400,37950
20240202,12:31:45,362.0,700,37950
20240202,12:31:47,359.95,300,37950
20240202,12:31:50,359.75,150,37950
20240202,12:31:54,362.3,300,37950
20240202,12:31:55,361.0,550,37950
20240202,12:31:57,362.7,800,37950
20240202,12:31:59,362.6,300,37950
20240202,12:32:00,363.7,550,37950
20240202,12:32:02,360.1,550,37950
20240202,12:32:04,361.1,600,37950
20240202,12:32:06,364.2,350,37950
20240202,12:32:07,358.55,750,37950
20240202,12:32:09,356.2,400,37950
20240202,12:32:11,349.55,3650,37950
20240202,12:32:12,351.0,400,37950
20240202,12:32:14,349.95,1400,37950
20240202,12:32:16,348.6,50,37950
20240202,12:32:17,349.95,2500,37950
20240202,12:32:19,352.75,4000,37950
20240202,12:32:21,349.6,700,37950
20240202,12:32:22,349.7,200,37950
20240202,12:32:26,347.8,1250,37950
20240202,12:32:27,347.05,850,37950
20240202,12:32:29,346.0,500,37950
20240202,12:32:31,347.2,700,37950
20240202,12:32:32,344.05,600,37950
20240202,12:32:34,348.45,200,37950
20240202,12:32:36,347.7,600,37950
20240202,12:32:37,350.65,1000,37950
20240202,12:32:39,353.25,400,37950
20240202,12:32:41,353.7,600,34700
20240202,12:32:42,355.2,350,34700
20240202,12:32:44,356.25,400,34700
20240202,12:32:46,356.95,100,34700
20240202,12:32:47,355.3,500,34700
20240202,12:32:49,357.55,100,34700
20240202,12:32:51,358.2,100,34700
20240202,12:32:52,356.6,300,34700
20240202,12:32:57,356.65,800,34700
20240202,12:33:09,359.35,200,34700
20240202,12:33:11,359.15,100,34700
20240202,12:33:12,358.4,1650,34700
20240202,12:33:14,361.3,150,34700
20240202,12:33:16,359.15,800,34700
20240202,12:33:17,356.65,200,34700
20240202,12:33:26,358.0,400,34700
20240202,12:33:31,355.55,250,34700
20240202,12:33:44,355.95,100,34700
20240202,12:33:49,354.15,500,34700
20240202,12:34:14,340.0,700,34700
20240202,12:34:16,340.0,250,34700
20240202,12:34:17,338.15,150,34700
20240202,12:34:19,338.4,100,34700
20240202,12:34:21,340.85,300,34700
20240202,12:34:32,336.55,50,34700
20240202,12:34:34,335.1,200,34700
20240202,12:34:44,332.45,100,34700
20240202,12:34:49,330.9,200,34700
20240202,12:34:56,333.9,50,34700
20240202,12:34:57,335.25,50,34700
20240202,12:35:08,345.0,250,34700
20240202,12:35:13,349.8,50,34700
20240202,12:35:18,354.15,100,34700
20240202,12:35:21,357.0,400,34700
20240202,12:35:23,360.0,500,34700
20240202,12:35:31,359.6,50,34700
20240202,12:35:33,360.3,450,34700
20240202,12:35:36,361.85,500,34700
20240202,12:35:38,360.35,100,34700
20240202,12:35:39,362.05,100,34700
20240202,12:35:41,365.25,250,31650
20240202,12:35:44,368.7,900,31650
20240202,12:35:48,371.2,50,31650
20240202,12:35:51,371.5,500,31650
20240202,12:35:54,374.1,550,31650
20240202,12:35:56,375.0,550,31650
20240202,12:36:02,377.8,150,31650
20240202,12:36:04,384.2,600,31650
20240202,12:36:05,382.8,200,31650
20240202,12:36:07,383.9,850,31650
20240202,12:36:09,383.3,300,31650
20240202,12:36:10,386.3,100,31650
20240202,12:36:12,385.15,100,31650
20240202,12:36:14,387.65,350,31650
20240202,12:36:15,386.0,100,31650
20240202,12:36:17,387.4,50,31650
20240202,12:36:22,390.95,150,31650
20240202,12:36:26,391.6,100,31650
20240202,12:36:27,393.45,50,31650
20240202,12:36:31,393.45,200,31650
20240202,12:36:34,388.45,2350,31650
20240202,12:36:36,384.8,50,31650
20240202,12:36:37,386.0,150,31650
20240202,12:36:39,386.75,250,31650
20240202,12:36:41,384.05,250,31650
20240202,12:36:44,383.2,50,31650
20240202,12:36:47,382.3,100,31650
20240202,12:36:49,381.05,100,31650
20240202,12:36:51,380.0,1000,31650
20240202,12:36:52,377.1,450,31650
20240202,12:36:54,376.35,100,31650
20240202,12:37:04,374.55,100,31650
20240202,12:37:19,377.0,250,31650
20240202,12:37:24,376.85,200,31650
20240202,12:37:32,371.45,650,31650
20240202,12:37:39,372.3,200,31650
20240202,12:37:40,370.0,100,31650
20240202,12:37:42,369.4,150,31650
20240202,12:37:49,368.25,100,31650
20240202,12:37:54,368.6,100,31650
20240202,12:38:00,368.6,150,31650
20240202,12:38:04,363.0,100,31650
20240202,12:38:10,366.4,250,31650
20240202,12:38:14,362.35,50,31650
20240202,12:38:17,360.25,100,31650
20240202,12:38:22,360.0,150,31650
20240202,12:38:24,358.75,500,31650
20240202,12:38:35,360.75,200,31650
20240202,12:38:57,364.25,50,30150
20240202,12:39:01,364.95,50,30150
20240202,12:39:02,364.1,50,30150
20240202,12:39:12,359.75,50,30150
20240202,12:39:14,361.35,850,30150
20240202,12:39:22,368.0,150,30150
20240202,12:39:27,372.8,50,30150
20240202,12:39:30,367.6,100,30150
20240202,12:39:44,360.45,4050,30150
20240202,12:39:49,358.85,50,30150
20240202,12:39:54,356.05,100,30150
20240202,12:39:59,352.05,50,30150
20240202,12:40:00,351.0,250,30150
20240202,12:40:02,350.0,950,30150
20240202,12:40:07,355.95,700,30150
20240202,12:40:09,350.7,350,30150
20240202,12:40:12,346.75,50,30150
20240202,12:40:15,345.85,450,30150
20240202,12:40:24,343.0,300,30150
20240202,12:40:25,340.75,150,30150
20240202,12:40:27,343.3,200,30150
20240202,12:40:30,343.65,100,30150
20240202,12:40:32,343.95,50,30150
20240202,12:40:34,346.5,50,30150
20240202,12:40:35,347.5,550,30150
20240202,12:40:49,337.0,150,30150
20240202,12:40:52,342.95,50,30150
20240202,12:41:00,341.25,50,30150
20240202,12:41:02,342.05,50,30150
20240202,12:41:06,342.05,50,30150
20240202,12:41:09,344.2,50,30150
20240202,12:41:34,351.4,50,30150
20240202,12:41:42,349.65,450,28850
20240202,12:41:52,347.5,100,28850
20240202,12:41:57,345.25,50,28850
20240202,12:41:59,347.4,150,28850
20240202,12:42:01,347.2,150,28850
20240202,12:42:03,349.95,100,28850
20240202,12:42:04,350.0,700,28850
20240202,12:42:06,350.0,1250,28850
20240202,12:42:08,353.7,150,28850
20240202,12:42:16,357.95,100,28850
20240202,12:42:21,359.1,150,28850
20240202,12:42:26,357.95,50,28850
20240202,12:42:39,351.15,100,28850
20240202,12:43:02,353.0,50,28850
20240202,12:43:09,349.95,550,28850
20240202,12:43:19,349.85,100,28850
20240202,12:43:27,345.65,50,28850
20240202,12:43:42,350.0,1150,28850
20240202,12:43:44,350.0,50,28850
20240202,12:43:59,350.6,50,28850
20240202,12:44:30,349.05,100,28850
20240202,12:45:00,342.3,250,29900
20240202,12:45:03,344.25,900,29900
20240202,12:45:11,342.55,150,29900
20240202,12:45:15,344.15,50,29900
20240202,12:45:25,349.55,300,29900
20240202,12:46:00,347.6,150,29900
20240202,12:46:04,348.55,400,29900
20240202,12:46:08,345.65,50,29900
20240202,12:46:13,344.75,50,29900
20240202,12:46:18,347.4,150,29900
20240202,12:46:24,349.55,50,29900
20240202,12:46:41,356.4,50,29900
20240202,12:46:51,355.1,100,29900
20240202,12:46:54,353.45,300,29900
20240202,12:47:05,356.85,50,29900
20240202,12:47:10,360.0,150,29900
20240202,12:47:18,360.0,100,29900
20240202,12:47:21,359.55,100,29900
20240202,12:47:23,360.0,50,29900
20240202,12:47:25,359.25,250,29900
20240202,12:47:35,353.4,150,29900
20240202,12:47:45,361.45,50,29000
20240202,12:47:53,362.35,50,29000
20240202,12:48:08,362.8,50,29000
20240202,12:48:18,363.5,100,29000
20240202,12:48:20,363.65,200,29000
20240202,12:48:30,368.6,50,29000
20240202,12:48:31,368.1,50,29000
20240202,12:48:51,366.7,150,29000
20240202,12:49:05,364.75,100,29000
20240202,12:49:06,365.0,100,29000
20240202,12:49:13,370.0,150,29000
20240202,12:49:20,374.9,100,29000
20240202,12:49:38,367.5,100,29000
20240202,12:50:15,375.25,100,29000
20240202,12:50:25,380.0,50,29000
20240202,12:50:37,382.95,300,29000
20240202,12:50:38,381.0,150,29000
20240202,12:50:42,380.8,400,28900
20240202,12:50:48,380.75,600,28900
20240202,12:50:52,378.35,150,28900
20240202,12:50:57,374.15,50,28900
20240202,12:51:03,373.55,350,28900
20240202,12:51:13,372.55,100,28900
20240202,12:51:18,369.7,200,28900
20240202,12:51:35,363.8,100,28900
20240202,12:51:43,366.65,50,28900
20240202,12:51:45,365.4,100,28900
20240202,12:51:50,360.45,100,28900
20240202,12:51:53,360.0,150,28900
20240202,12:52:05,359.95,200,28900
20240202,12:52:18,362.1,50,28900
20240202,12:53:23,357.3,200,28900
20240202,12:53:30,356.25,100,28900
20240202,12:53:31,355.0,100,28900
20240202,12:53:40,354.6,150,28900
20240202,12:54:13,353.85,50,29100
20240202,12:54:18,355.0,100,29100
20240202,12:54:40,357.45,50,29100
20240202,12:55:06,354.55,150,29100
20240202,12:56:00,353.0,50,29100
20240202,12:56:11,352.55,50,29100
20240202,12:56:38,352.25,50,29100
20240202,12:57:21,355.1,100,29050
20240202,12:58:17,354.0,500,29050
20240202,12:59:11,359.75,150,29050
20240202,12:59:40,359.9,200,29050
20240202,12:59:59,364.0,100,29850
20240202,13:00:00,365.0,50,29850
20240202,13:00:10,369.65,100,29850
20240202,13:00:30,369.7,50,29850
20240202,13:00:33,366.0,500,29850
20240202,13:00:38,368.5,50,29850
20240202,13:00:53,363.95,50,29850
20240202,13:01:08,362.4,50,29850
20240202,13:01:21,356.4,50,29850
20240202,13:02:59,353.7,50,29000
20240202,13:04:29,351.9,150,29000
20240202,13:04:54,351.05,50,29000
20240202,13:06:04,361.4,50,29150
20240202,13:06:19,361.0,150,29150
20240202,13:06:40,356.9,50,29150
20240202,13:08:03,357.9,100,29150
20240202,13:08:46,356.4,50,29000
20240202,13:09:51,369.05,100,29000
20240202,13:11:04,360.8,250,29000
20240202,13:11:51,372.0,100,29200
20240202,13:12:03,367.2,150,29200
20240202,13:12:16,371.5,50,29200
20240202,13:12:29,371.75,150,29200
20240202,13:12:36,375.25,200,29200
20240202,13:13:16,376.2,150,29200
20240202,13:13:22,377.15,100,29200
20240202,13:13:39,377.0,100,29200
20240202,13:13:52,380.0,50,29200
20240202,13:13:54,382.0,200,29200
20240202,13:14:10,383.25,50,29200
20240202,13:14:30,385.2,50,29200
20240202,13:14:36,390.0,50,29200
20240202,13:14:41,390.35,50,29200
20240202,13:14:49,390.0,100,29250
20240202,13:14:56,390.0,100,29250
20240202,13:14:57,387.0,50,29250
20240202,13:15:01,391.4,50,29250
20240202,13:15:07,397.65,50,29250
20240202,13:15:11,399.0,600,29250
20240202,13:15:49,410.75,250,29250
20240202,13:16:17,400.0,300,29250
20240202,13:16:22,399.9,50,29250
20240202,13:16:38,388.4,50,29250
20240202,13:17:12,385.7,50,29250
20240202,13:17:25,390.0,100,29250
20240202,13:17:36,386.55,50,29250
20240202,13:17:51,390.45,50,28500
20240202,13:18:10,388.8,50,28500
20240202,13:18:30,390.0,50,28500
20240202,13:19:01,383.3,900,28500
20240202,13:19:03,385.2,150,28500
20240202,13:19:04,384.25,350,28500
20240202,13:19:15,383.0,150,28500
20240202,13:20:00,386.85,300,28500
20240202,13:21:03,396.0,150,28500
20240202,13:21:09,396.0,150,27600
20240202,13:21:11,393.0,50,27600
20240202,13:21:14,393.45,150,27600
20240202,13:21:48,398.25,50,27600
20240202,13:21:56,398.0,100,27600
20240202,13:22:02,397.0,100,27600
20240202,13:22:09,397.0,100,27600
20240202,13:22:21,398.95,50,27600
20240202,13:23:01,394.8,50,27600
20240202,13:23:19,396.05,100,27600
20240202,13:24:04,400.0,150,27450
20240202,13:24:19,402.15,50,27450
20240202,13:24:39,402.15,50,27450
20240202,13:24:52,408.25,100,27450
20240202,13:25:02,410.0,100,27450
20240202,13:25:19,410.7,450,27450
20240202,13:25:32,410.55,100,27450
20240202,13:25:51,418.05,50,27450
20240202,13:25:52,420.0,50,27450
20240202,13:25:54,422.4,50,27450
20240202,13:25:57,425.7,500,27450
20240202,13:25:59,426.05,800,27450
20240202,13:26:01,429.3,350,27450
20240202,13:26:02,429.3,250,27450
20240202,13:26:04,420.25,950,27450
20240202,13:26:14,419.0,1800,27450
20240202,13:27:03,407.9,50,27800
20240202,13:27:41,414.75,100,27800
20240202,13:27:44,414.6,100,27800
20240202,13:27:53,413.7,50,27800
20240202,13:27:59,410.55,150,27800
20240202,13:28:06,410.0,50,27800
20240202,13:28:27,407.4,150,27800
20240202,13:28:32,405.3,50,27800
20240202,13:28:36,402.0,50,27800
20240202,13:28:37,400.5,350,27800
20240202,13:28:41,399.5,100,27800
20240202,13:28:49,402.15,150,27800
20240202,13:28:52,400.65,50,27800
20240202,13:28:54,402.15,150,27800
20240202,13:28:57,402.15,100,27800
20240202,13:29:07,394.4,50,27800
20240202,13:29:34,396.0,50,27800
20240202,13:29:39,398.0,100,27800
20240202,13:29:54,395.65,50,27650
20240202,13:30:42,395.6,500,27650
20240202,13:31:00,399.0,50,27650
20240202,13:32:10,409.65,50,27650
20240202,13:32:13,410.55,150,27650
20240202,13:32:21,408.4,50,27650
20240202,13:32:30,408.45,150,27650
20240202,13:32:35,413.0,50,27650
20240202,13:33:06,408.45,100,27850
20240202,13:33:59,405.3,150,27850
20240202,13:34:09,405.3,150,27850
20240202,13:34:12,402.15,50,27850
20240202,13:35:21,400.05,150,27850
20240202,13:35:57,392.5,50,27850
20240202,13:37:29,394.85,50,27850
20240202,13:37:39,390.0,50,27850
20240202,13:37:50,384.95,50,27850
20240202,13:38:15,387.0,150,27850
20240202,13:38:17,388.0,150,27850
20240202,13:38:23,388.9,500,27850
20240202,13:39:25,380.0,300,27800
20240202,13:40:11,377.15,50,27800
20240202,13:40:18,380.0,50,27800
20240202,13:40:21,381.75,150,27800
20240202,13:40:24,384.95,50,27800
20240202,13:41:56,389.65,50,28050
20240202,13:42:49,395.0,1250,28050
20240202,13:43:51,388.05,50,28050
20240202,13:43:59,390.0,50,28050
20240202,13:44:21,393.75,50,28050
20240202,13:46:09,387.0,100,28000
20240202,13:46:24,384.5,50,28000
20240202,13:47:13,380.35,50,28000
20240202,13:48:03,386.45,100,27950
20240202,13:49:53,394.75,150,27950
20240202,13:50:16,394.65,50,27950
20240202,13:50:27,389.8,50,27950
20240202,13:51:01,397.65,100,28050
20240202,13:53:04,384.75,150,28050
20240202,13:54:33,375.25,100,28100
20240202,13:55:01,377.25,150,28100
20240202,13:57:52,375.25,50,28350
20240202,13:58:51,370.0,200,28350
20240202,14:00:25,379.0,50,28550
20240202,14:00:40,379.85,100,28550
20240202,14:02:19,364.8,100,28550
20240202,14:02:42,370.35,50,28550
20240202,14:04:17,369.35,100,28550
20240202,14:05:00,369.55,100,28550
20240202,14:05:11,368.6,50,28550
20240202,14:06:30,364.5,100,28450
20240202,14:07:14,358.2,150,28450
20240202,14:07:29,358.2,200,28450
20240202,14:08:44,362.0,100,28450
20240202,14:09:23,352.7,100,28500
20240202,14:09:32,351.05,50,28500
20240202,14:10:03,353.6,50,28500
20240202,14:10:53,359.25,50,28500
20240202,14:13:22,369.0,400,28550
20240202,14:15:03,360.0,150,28900
20240202,14:15:33,359.0,400,28900
20240202,14:16:15,363.65,150,28900
20240202,14:17:05,354.8,50,28900
20240202,14:19:39,366.7,150,28800
20240202,14:19:56,364.85,50,28800
20240202,14:19:57,365.55,50,28800
20240202,14:21:00,361.95,150,28900
20240202,14:21:28,360.05,150,28900
20240202,14:22:11,360.9,150,28900
20240202,14:24:10,366.7,150,28750
20240202,14:25:05,358.3,150,28750
20240202,14:26:02,356.4,150,28750
20240202,14:27:31,366.7,150,29050
20240202,14:28:41,369.05,50,29050
20240202,14:29:33,372.0,200,29050
20240202,14:29:51,371.2,50,29050
20240202,14:29:58,369.55,150,28950
20240202,14:30:26,368.3,50,28950
20240202,14:31:02,368.25,450,28950
20240202,14:31:47,368.25,50,28950
20240202,14:32:08,374.0,50,28950
20240202,14:33:00,370.35,100,28850
20240202,14:34:20,374.05,50,28850
20240202,14:36:25,362.15,50,28800
20240202,14:37:09,356.3,50,28800
20240202,14:40:55,362.1,150,28700
20240202,14:41:29,358.2,50,28700
20240202,14:43:38,348.9,100,28850
20240202,14:44:16,344.5,50,28850
20240202,14:46:19,349.55,50,28900
20240202,14:47:19,352.6,150,28900
20240202,14:47:48,350.0,150,28900
20240202,14:48:09,349.65,50,28600
20240202,14:48:36,351.75,50,28600
20240202,14:48:42,348.3,150,28600
20240202,14:51:37,362.9,150,28600
20240202,14:51:55,363.8,50,28450
20240202,14:52:02,365.75,150,28450
20240202,14:53:00,371.3,100,28450
20240202,14:53:19,368.2,50,28450
20240202,14:53:22,371.0,100,28450
20240202,14:53:39,378.05,50,28450
20240202,14:54:20,376.6,50,28500
20240202,14:55:37,389.7,150,28500
20240202,14:55:50,385.25,50,28500
20240202,14:56:49,397.0,1250,28500
20240202,14:56:55,400.0,250,28500
20240202,14:57:06,405.3,150,28500
20240202,14:57:14,400.0,200,28500
20240202,14:57:31,402.15,150,28500
20240202,14:57:52,409.45,50,28500
20240202,14:57:54,409.5,150,28500
20240202,14:57:59,409.5,50,28500
20240202,14:58:06,412.65,150,28500
20240202,14:58:11,410.25,350,28500
20240202,14:58:14,408.5,400,28500
20240202,14:58:27,405.0,50,28500
20240202,14:59:01,410.55,150,28500
20240202,14:59:22,405.45,50,28500
20240202,14:59:37,410.55,150,28500
20240202,15:02:01,390.0,150,28500
20240202,15:02:26,402.0,50,28500
20240202,15:02:49,401.15,400,28500
20240202,15:02:57,402.9,50,28500
20240202,15:03:17,409.85,50,28500
20240202,15:03:25,410.0,50,28500
20240202,15:03:39,407.1,50,28500
20240202,15:03:49,403.55,50,28500
20240202,15:04:09,410.0,400,28500
20240202,15:04:10,410.0,600,28500
20240202,15:04:30,406.4,50,28500
20240202,15:04:49,403.75,100,28500
20240202,15:05:17,397.75,50,28500
20240202,15:05:40,400.05,150,28500
20240202,15:06:00,397.0,150,27900
20240202,15:06:02,398.05,150,27900
20240202,15:06:09,399.35,50,27900
20240202,15:06:24,393.0,400,27900
20240202,15:07:32,388.7,50,27900
20240202,15:07:50,382.25,50,27900
20240202,15:08:17,390.0,50,27900
20240202,15:08:33,386.0,150,27900
20240202,15:09:05,389.55,50,27900
20240202,15:09:35,385.85,50,27900
20240202,15:09:40,388.5,400,27900
20240202,15:09:57,389.0,50,27900
20240202,15:10:32,391.0,150,27900
20240202,15:10:47,391.0,100,27900
20240202,15:12:03,382.0,50,27550
20240202,15:12:10,383.0,150,27550
20240202,15:12:33,388.0,150,27550
20240202,15:12:47,389.0,300,27550
20240202,15:12:52,389.55,500,27550
20240202,15:13:06,393.95,150,27550
20240202,15:13:08,395.05,150,27550
20240202,15:13:10,395.15,300,27550
20240202,15:13:20,395.0,150,27550
20240202,15:13:30,398.0,150,27550
20240202,15:13:38,392.35,50,27550
20240202,15:14:34,392.6,50,27550
20240202,15:15:26,402.8,50,27600
20240202,15:16:46,398.6,50,27600
20240202,15:17:19,398.6,500,27600
20240202,15:19:45,400.65,700,27650
20240202,15:20:03,402.45,50,27650
20240202,15:20:07,403.2,100,27650
20240202,15:21:34,402.95,500,27650
20240202,15:23:04,400.0,550,27650
20240202,15:24:50,404.3,50,27700
20240202,15:25:10,403.1,50,27700
20240202,15:25:30,403.75,250,27700
20240202,15:26:48,397.9,50,27700
20240202,15:26:58,396.5,50,27700
20240202,15:27:27,392.85,500,27600
20240202,15:27:29,391.15,500,27600
20240202,15:27:32,392.1,300,27600
20240202,15:27:33,392.15,200,27600
20240202,15:27:38,392.15,250,27600
20240202,15:28:51,395.0,50,27600
20240202,15:28:59,395.0,50,27600
20240202,15:29:35,395.85,100,27600
20240202,15:29:45,393.7,50,27600
20240205,09:15:01,393.7,1,27600
20240205,09:15:01,393.7,300,27600
20240205,09:15:02,393.7,2150,28050
20240205,09:15:03,471.2,1900,28050
20240205,09:15:05,418.0,450,28050
20240205,09:15:13,413.0,550,28050
20240205,09:15:25,425.9,450,28050
20240205,09:15:28,424.0,1250,28050
20240205,09:15:29,423.3,50,28050
20240205,09:15:49,424.35,500,28050
20240205,09:15:50,428.0,50,28050
20240205,09:15:52,425.0,150,28050
20240205,09:15:55,422.7,100,28050
20240205,09:16:03,417.1,300,28050
20240205,09:16:04,411.25,200,28050
20240205,09:16:11,406.0,100,29200
20240205,09:16:13,406.4,200,29200
20240205,09:16:19,419.4,550,29200
20240205,09:17:07,412.7,500,29200
20240205,09:17:12,411.05,100,29200
20240205,09:17:14,411.0,450,29200
20240205,09:17:18,412.6,150,29200
20240205,09:17:23,412.9,100,29200
20240205,09:17:25,414.7,600,29200
20240205,09:17:39,415.55,450,29200
20240205,09:17:51,420.0,50,29200
20240205,09:18:18,421.0,150,29200
20240205,09:18:25,425.0,100,29200
20240205,09:18:28,421.25,200,29200
20240205,09:19:04,427.55,50,29200
20240205,09:19:05,430.3,50,29200
20240205,09:19:14,427.75,100,29800
20240205,09:19:15,430.0,500,29800
20240205,09:19:19,433.0,700,29800
20240205,09:19:25,431.15,100,29800
20240205,09:19:34,433.75,50,29800
20240205,09:19:40,436.0,50,29800
20240205,09:19:55,430.0,750,29800
20240205,09:20:00,430.25,100,29800
20240205,09:20:05,421.25,750,29800
20240205,09:20:07,422.55,150,29800
20240205,09:20:10,427.2,50,29800
20240205,09:20:27,421.25,4300,29800
20240205,09:20:33,421.75,150,29800
20240205,09:20:35,420.0,150,29800
20240205,09:20:37,421.55,150,29800
20240205,09:20:38,419.1,200,29800
20240205,09:20:42,422.4,150,29800
20240205,09:20:45,418.0,50,29800
20240205,09:20:48,418.1,300,29800
20240205,09:20:50,416.9,50,29800
20240205,09:20:53,417.9,100,29800
20240205,09:21:08,414.45,100,29800
20240205,09:21:12,416.6,50,29800
20240205,09:21:18,413.85,50,29800
20240205,09:21:23,415.85,200,29800
20240205,09:21:38,422.45,200,29800
20240205,09:21:40,425.0,50,29800
20240205,09:21:48,428.95,100,29800
20240205,09:21:50,430.25,200,29800
20240205,09:21:57,429.35,50,29800
20240205,09:21:58,430.15,200,29800
20240205,09:22:01,429.0,50,29800
20240205,09:22:18,429.2,50,31400
20240205,09:22:33,429.95,100,31400
20240205,09:22:40,428.45,50,31400
20240205,09:22:46,430.15,50,31400
20240205,09:22:48,427.6,100,31400
20240205,09:23:08,427.9,50,31400
20240205,09:23:32,420.0,100,31400
20240205,09:23:37,419.45,100,31400
20240205,09:23:47,415.3,50,31400
20240205,09:23:48,415.95,100,31400
20240205,09:24:25,414.0,100,31400
20240205,09:24:45,411.0,50,31400
20240205,09:24:48,410.0,50,31400
20240205,09:24:52,406.5,200,31400
20240205,09:25:00,404.55,450,31400
20240205,09:25:02,402.15,50,31400
20240205,09:25:03,401.0,650,31400
20240205,09:25:05,402.05,100,31400
20240205,09:25:07,401.95,100,31400
20240205,09:25:17,401.0,50,32000
20240205,09:25:18,402.15,350,32000
20240205,09:25:22,401.35,50,32000
20240205,09:25:28,399.3,100,32000
20240205,09:25:33,401.25,50,32000
20240205,09:25:37,402.25,100,32000
20240205,09:25:48,401.0,100,32000
20240205,09:26:04,392.45,50,32000
20240205,09:26:05,392.45,250,32000
20240205,09:26:14,392.95,50,32000
20240205,09:26:20,390.0,100,32000
20240205,09:26:27,386.15,50,32000
20240205,09:26:47,384.85,150,32000
20240205,09:26:50,383.95,50,32000
20240205,09:26:55,383.95,150,32000
20240205,09:27:00,382.35,100,32000
20240205,09:27:10,382.35,50,32000
20240205,09:27:13,385.65,50,32000
20240205,09:27:18,383.95,50,32000
20240205,09:27:32,384.0,50,32000
20240205,09:27:42,386.45,50,32000
20240205,09:27:55,383.85,100,32000
20240205,09:27:59,381.65,50,32000
20240205,09:28:05,381.65,100,32000
20240205,09:28:10,388.65,150,32000
20240205,09:28:20,389.05,150,31850
20240205,09:28:24,388.75,100,31850
20240205,09:28:30,394.35,50,31850
20240205,09:28:45,392.85,100,31850
20240205,09:29:17,393.85,1000,31850
20240205,09:29:20,392.05,100,31850
20240205,09:29:28,391.25,100,31850
20240205,09:29:35,389.65,100,31850
20240205,09:29:47,388.95,50,31850
20240205,09:29:50,386.0,200,31850
20240205,09:29:55,385.0,50,31850
20240205,09:29:57,387.3,1000,31850
20240205,09:30:09,392.7,100,31850
20240205,09:30:10,390.6,50,31850
20240205,09:30:19,393.6,200,31850
20240205,09:30:27,402.35,50,31850
20240205,09:30:30,405.05,50,31850
20240205,09:30:33,405.55,50,31850
20240205,09:30:43,408.7,50,31850
20240205,09:30:57,409.0,300,31850
20240205,09:31:03,406.0,50,31850
20240205,09:31:11,410.6,100,31850
20240205,09:31:13,409.0,150,30950
20240205,09:31:15,410.05,50,30950
20240205,09:31:20,403.4,100,30950
20240205,09:31:25,404.55,100,30950
20240205,09:31:35,407.15,100,30950
20240205,09:31:43,404.25,50,30950
20240205,09:32:00,399.95,100,30950
20240205,09:32:01,397.65,300,30950
20240205,09:32:03,397.55,100,30950
20240205,09:32:07,402.0,100,30950
20240205,09:32:28,408.4,150,30950
20240205,09:32:55,412.6,50,30950
20240205,09:33:07,414.85,200,30950
20240205,09:33:17,416.15,50,30950
20240205,09:33:25,413.9,150,30950
20240205,09:33:42,407.95,100,30950
20240205,09:33:43,407.4,50,30950
20240205,09:33:45,405.5,200,30950
20240205,09:33:47,405.0,50,30950
20240205,09:33:48,407.1,300,30950
20240205,09:33:50,408.45,150,30950
20240205,09:33:53,407.45,150,30950
20240205,09:33:55,409.45,150,30950
20240205,09:33:58,408.8,50,30950
20240205,09:34:08,414.75,50,30950
20240205,09:34:10,415.35,300,30950
20240205,09:34:13,414.85,100,30950
20240205,09:34:33,412.85,50,31200
20240205,09:35:10,413.55,50,31200
20240205,09:35:12,413.95,100,31200
20240205,09:35:18,420.0,150,31200
20240205,09:35:23,420.0,50,31200
20240205,09:35:30,414.85,50,31200
20240205,09:35:36,414.0,50,31200
20240205,09:35:54,408.45,50,31200
20240205,09:36:02,408.9,100,31200
20240205,09:36:04,411.5,350,31200
20240205,09:36:09,413.8,50,31200
20240205,09:36:15,415.5,150,31200
20240205,09:36:20,415.9,50,31200
20240205,09:36:22,414.55,50,31200
20240205,09:36:37,411.6,50,31200
20240205,09:37:01,405.0,150,31200
20240205,09:37:04,408.4,200,31200
20240205,09:37:07,408.45,50,31200
20240205,09:37:37,408.05,200,31200
20240205,09:38:04,400.0,300,31100
20240205,09:38:27,398.4,150,31100
20240205,09:38:47,396.85,50,31100
20240205,09:39:03,398.65,350,31100
20240205,09:39:10,397.75,200,31100
20240205,09:39:23,396.95,150,31100
20240205,09:39:37,395.05,100,31100
20240205,09:39:38,395.0,50,31100
20240205,09:39:40,394.6,50,31100
20240205,09:40:00,391.0,200,31100
20240205,09:40:09,387.65,150,31100
20240205,09:40:11,387.35,50,31100
20240205,09:40:13,386.35,100,31100
20240205,09:40:18,385.0,50,31400
20240205,09:40:47,389.6,250,31400
20240205,09:40:48,389.95,100,31400
20240205,09:40:53,390.0,50,31400
20240205,09:40:56,388.05,100,31400
20240205,09:41:04,388.65,50,31400
20240205,09:41:09,389.65,50,31400
20240205,09:41:26,396.0,250,31400
20240205,09:41:41,401.0,50,31400
20240205,09:41:53,401.0,50,31400
20240205,09:41:54,400.7,50,31400
20240205,09:41:58,401.0,100,31400
20240205,09:42:01,403.15,50,31400
20240205,09:42:02,402.05,350,31400
20240205,09:42:06,400.7,150,31400
20240205,09:42:11,400.4,150,31400
20240205,09:42:12,402.0,100,31400
20240205,09:43:02,388.05,50,31400
20240205,09:43:06,389.55,100,31400
20240205,09:43:21,392.0,100,31300
20240205,09:43:32,389.7,50,31300
20240205,09:44:02,398.6,150,31300
20240205,09:44:24,398.65,100,31300
20240205,09:44:34,400.0,50,31300
20240205,09:44:37,400.1,100,31300
20240205,09:45:02,399.6,50,31300
20240205,09:45:26,400.3,50,31300
20240205,09:45:54,394.35,50,31300
20240205,09:46:06,395.0,100,31300
20240205,09:46:12,392.0,50,31300
20240205,09:47:00,394.2,50,31350
20240205,09:47:10,389.7,50,31350
20240205,09:48:14,385.0,250,31350
20240205,09:48:15,385.0,400,31350
20240205,09:48:17,383.0,50,31350
20240205,09:48:22,383.55,100,31350
20240205,09:48:32,380.05,100,31350
20240205,09:48:39,375.25,50,31350
20240205,09:48:52,375.25,50,31350
20240205,09:49:00,378.35,100,31350
20240205,09:49:03,378.45,100,31350
20240205,09:49:07,377.95,50,31350
20240205,09:49:08,378.0,100,31350
20240205,09:49:20,380.0,300,31350
20240205,09:49:44,377.15,50,31350
20240205,09:49:55,374.0,50,31350
20240205,09:50:07,370.0,50,31350
20240205,09:50:08,370.0,100,31350
20240205,09:50:10,372.7,100,31350
20240205,09:50:12,374.65,50,31350
20240205,09:50:22,369.0,50,31350
20240205,09:50:27,368.05,50,31350
20240205,09:50:32,367.05,100,31350
20240205,09:50:33,367.05,50,31350
20240205,09:50:52,365.0,100,31350
20240205,09:51:00,364.45,250,31350
20240205,09:51:07,366.45,350,31350
20240205,09:51:12,367.45,50,31350
20240205,09:51:27,365.3,100,31350
20240205,09:51:37,364.9,50,31350
20240205,09:51:55,363.45,200,31350
20240205,09:52:25,363.45,100,31800
20240205,09:52:28,361.0,50,31800
20240205,09:52:35,360.0,50,31800
20240205,09:52:51,359.05,50,31800
20240205,09:53:03,357.45,100,31800
20240205,09:53:05,357.25,50,31800
20240205,09:53:12,357.05,200,31800
20240205,09:53:17,355.0,50,31800
20240205,09:53:25,354.65,300,31800
20240205,09:53:27,354.65,50,31800
20240205,09:53:30,355.25,50,31800
20240205,09:53:36,356.2,50,31800
20240205,09:53:45,362.15,100,31800
20240205,09:54:10,357.45,50,31800
20240205,09:54:26,362.25,2250,31800
20240205,09:54:28,363.7,800,31800
20240205,09:54:31,362.9,150,31800
20240205,09:54:33,361.05,50,31800
20240205,09:54:35,360.05,50,31800
20240205,09:54:38,357.75,150,31800
20240205,09:54:51,359.1,50,31800
20240205,09:55:03,359.65,100,31800
20240205,09:55:13,361.85,50,31800
20240205,09:55:18,363.7,50,33400
20240205,09:55:19,362.95,400,33400
20240205,09:55:28,364.15,650,33400
20240205,09:55:36,364.85,50,33400
20240205,09:55:44,364.85,50,33400
20240205,09:55:52,364.65,50,33400
20240205,09:55:54,367.0,150,33400
20240205,09:56:04,367.3,100,33400
20240205,09:56:24,361.95,100,33400
20240205,09:56:51,365.0,50,33400
20240205,09:57:14,369.0,200,33400
20240205,09:58:02,367.8,50,33400
20240205,09:58:04,369.0,50,33400
20240205,09:58:09,367.75,50,33400
20240205,09:58:12,366.75,100,33400
20240205,09:59:27,368.2,50,34650
20240205,09:59:47,366.35,50,34650
20240205,09:59:52,368.25,100,34650
20240205,09:59:55,367.5,50,34650
20240205,10:01:33,366.35,100,34700
20240205,10:01:40,362.55,150,34700
20240205,10:01:50,361.75,100,34700
20240205,10:01:53,360.85,50,34700
20240205,10:02:06,357.8,150,34700
20240205,10:02:23,360.8,100,34700
20240205,10:03:01,368.55,50,34700
20240205,10:03:34,372.6,50,34700
20240205,10:03:38,373.0,50,34700
20240205,10:03:48,374.2,50,34700
20240205,10:04:37,380.0,50,34700
20240205,10:04:46,380.0,50,34700
20240205,10:05:04,379.55,50,34700
20240205,10:05:22,381.0,50,34700
20240205,10:05:57,370.0,150,34700
20240205,10:05:59,370.6,50,34700
20240205,10:06:02,369.55,50,34700
20240205,10:06:21,377.65,50,34700
20240205,10:06:42,376.6,100,34700
20240205,10:07:38,370.5,100,35000
20240205,10:07:45,368.6,50,35000
20240205,10:09:16,365.0,50,35000
20240205,10:09:28,365.0,200,35000
20240205,10:10:06,370.8,50,35000
20240205,10:10:24,365.55,50,35000
20240205,10:10:46,369.5,50,35000
20240205,10:12:21,377.45,300,35000
20240205,10:12:47,376.2,100,35000
20240205,10:13:39,377.15,50,35350
20240205,10:14:14,379.05,50,35350
20240205,10:14:25,376.2,50,35350
20240205,10:14:37,377.15,50,35350
20240205,10:14:59,382.25,50,35350
20240205,10:15:10,380.0,50,35350
20240205,10:15:39,379.3,50,35350
20240205,10:16:04,382.55,200,35350
20240205,10:16:14,378.6,50,35350
20240205,10:16:19,378.1,50,35350
20240205,10:16:37,375.7,50,35350
20240205,10:17:17,385.0,50,35350
20240205,10:17:19,388.0,200,35350
20240205,10:17:38,395.3,50,35350
20240205,10:17:48,400.0,100,35350
20240205,10:17:58,400.05,50,35350
20240205,10:18:16,409.3,100,35350
20240205,10:18:23,409.0,100,35350
20240205,10:18:31,418.9,50,35350
20240205,10:18:59,418.9,50,35350
20240205,10:19:01,420.0,450,35350
20240205,10:19:03,424.5,50,35350
20240205,10:19:04,424.15,50,35350
20240205,10:19:06,426.8,100,35350
20240205,10:19:11,424.6,150,35350
20240205,10:19:16,424.6,150,35350
20240205,10:19:18,426.65,100,35350
20240205,10:19:33,430.1,50,34400
20240205,10:19:39,433.65,50,34400
20240205,10:19:51,426.35,50,34400
20240205,10:19:53,432.0,100,34400
20240205,10:19:54,428.45,50,34400
20240205,10:19:56,428.0,1000,34400
20240205,10:19:58,433.65,50,34400
20240205,10:20:03,435.55,50,34400
20240205,10:20:08,436.05,50,34400
20240205,10:20:11,440.0,150,34400
20240205,10:20:16,437.05,100,34400
20240205,10:20:23,428.85,100,34400
20240205,10:20:26,428.35,100,34400
20240205,10:20:34,430.4,150,34400
20240205,10:20:42,422.4,200,34400
20240205,10:21:02,428.95,50,34400
20240205,10:21:29,438.25,50,34400
20240205,10:21:52,437.85,50,34400
20240205,10:21:59,442.7,50,34400
20240205,10:22:01,439.25,50,34400
20240205,10:22:57,428.95,100,33000
20240205,10:23:02,430.1,50,33000
20240205,10:23:27,430.1,50,33000
20240205,10:23:51,431.95,150,33000
20240205,10:24:34,423.9,550,33000
20240205,10:24:37,421.1,50,33000
20240205,10:25:00,420.2,100,33000
20240205,10:25:12,421.05,100,33000
20240205,10:25:14,421.1,50,33000
20240205,10:25:44,422.4,50,32150
20240205,10:25:55,417.75,150,32150
20240205,10:26:07,413.7,150,32150
20240205,10:26:19,417.6,250,32150
20240205,10:26:28,414.65,50,32150
20240205,10:26:33,415.8,100,32150
20240205,10:26:43,416.85,200,32150
20240205,10:27:03,413.7,50,32150
20240205,10:28:10,414.05,50,32150
20240205,10:28:30,410.6,50,32100
20240205,10:28:35,409.5,50,32100
20240205,10:28:46,406.35,250,32100
20240205,10:29:04,413.7,50,32100
20240205,10:30:01,408.5,50,32100
20240205,10:30:03,409.45,50,32100
20240205,10:30:06,412.1,200,32100
20240205,10:30:14,412.65,50,32100
20240205,10:30:21,412.05,50,32100
20240205,10:30:32,415.0,50,32100
20240205,10:30:58,416.9,50,32100
20240205,10:31:25,421.3,50,32250
20240205,10:31:26,421.25,50,32250
20240205,10:31:58,424.0,50,32250
20240205,10:32:08,425.7,50,32250
20240205,10:32:35,419.9,100,32250
20240205,10:34:13,418.85,100,32250
20240205,10:34:17,421.05,100,32250
20240205,10:34:35,424.05,50,32400
20240205,10:35:03,421.35,50,32400
20240205,10:35:10,420.2,100,32400
20240205,10:35:46,424.55,50,32400
20240205,10:36:05,422.35,50,32400
20240205,10:36:36,416.85,50,32400
20240205,10:37:03,414.75,50,32400
20240205,10:37:54,411.65,50,32400
20240205,10:38:29,409.65,50,32400
20240205,10:38:39,410.25,50,32400
20240205,10:40:05,409.65,50,32400
20240205,10:40:22,405.45,650,32400
20240205,10:40:24,406.25,50,32400
20240205,10:40:35,406.75,150,32400
20240205,10:41:10,406.45,100,32400
20240205,10:42:06,402.45,250,32400
20240205,10:42:26,406.25,50,32400
20240205,10:43:41,399.0,50,31950
20240205,10:44:02,392.45,50,31950
20240205,10:44:05,394.35,100,31950
20240205,10:44:17,390.75,50,31950
20240205,10:44:20,389.0,50,31950
20240205,10:45:01,386.0,50,31950
20240205,10:45:02,385.6,50,31950
20240205,10:45:22,385.6,100,31950
20240205,10:46:05,381.65,150,31950
20240205,10:46:09,380.0,50,31950
20240205,10:46:39,380.0,50,32300
20240205,10:46:49,380.2,50,32300
20240205,10:46:55,381.8,50,32300
20240205,10:49:12,388.0,50,32300
20240205,10:49:55,387.25,50,32500
20240205,10:50:15,388.0,100,32500
20240205,10:50:52,394.35,50,32500
20240205,10:51:48,397.0,50,32500
20240205,10:51:50,398.05,100,32500
20240205,10:52:05,401.6,50,32500
20240205,10:52:35,400.8,50,32550
20240205,10:52:45,399.05,50,32550
20240205,10:53:26,392.4,50,32550
20240205,10:53:41,388.35,150,32550
20240205,10:54:35,392.75,50,32550
20240205,10:54:48,393.0,50,32550
20240205,10:54:55,388.55,500,32550
20240205,10:55:36,384.55,50,32750
20240205,10:55:48,385.4,400,32750
20240205,10:55:54,387.0,50,32750
20240205,10:58:41,386.0,50,33200
20240205,10:59:03,388.95,50,33200
20240205,10:59:20,391.0,50,33200
20240205,11:00:45,391.0,50,33200
20240205,11:01:13,386.05,50,33200
20240205,11:01:41,384.3,50,33350
20240205,11:02:10,382.05,50,33350
20240205,11:03:04,383.15,50,33350
20240205,11:03:15,379.25,50,33350
20240205,11:03:20,379.8,50,33350
20240205,11:04:25,387.55,50,33350
20240205,11:04:55,390.0,100,33400
20240205,11:05:10,391.0,100,33400
20240205,11:05:28,391.0,50,33400
20240205,11:06:31,392.95,50,33400
20240205,11:08:06,393.4,50,33450
20240205,11:12:57,382.0,50,33400
20240205,11:13:25,382.0,450,33400
20240205,11:14:02,383.0,50,33750
20240205,11:14:55,380.2,50,33750
20240205,11:15:14,378.1,50,33750
20240205,11:15:24,377.2,150,33750
20240205,11:17:20,373.35,50,33950
20240205,11:17:31,371.0,50,33950
20240205,11:17:49,372.4,50,33950
20240205,11:20:02,383.4,50,34000
20240205,11:20:04,383.95,50,34000
20240205,11:21:42,377.4,100,34000
20240205,11:22:02,380.0,400,34000
20240205,11:22:22,379.05,50,34000
20240205,11:23:05,385.0,50,34050
20240205,11:23:10,384.0,50,34050
20240205,11:23:42,385.0,100,34050
20240205,11:23:49,386.0,500,34050
20240205,11:25:03,382.0,100,34050
20240205,11:25:05,386.0,100,34050
20240205,11:26:27,388.0,50,33650
20240205,11:26:36,388.0,300,33650
20240205,11:26:44,387.4,200,33650
20240205,11:27:22,390.0,50,33650
20240205,11:29:57,384.85,100,33900
20240205,11:30:09,380.25,2900,33900
20240205,11:33:35,379.15,50,31350
20240205,11:34:50,375.3,50,31350
20240205,11:37:35,373.0,50,31400
20240205,11:37:40,370.15,150,31400
20240205,11:38:18,362.3,150,31400
20240205,11:38:38,366.7,50,31400
20240205,11:39:07,365.25,100,31400
20240205,11:39:09,364.55,50,31400
20240205,11:39:19,363.5,50,31400
20240205,11:39:44,360.8,100,31400
20240205,11:39:46,360.0,200,31400
20240205,11:40:26,358.0,500,31400
20240205,11:40:39,361.7,50,32150
20240205,11:40:41,360.8,50,32150
20240205,11:40:49,364.75,1000,32150
20240205,11:41:07,366.0,550,32150
20240205,11:43:32,368.9,1000,31600
20240205,11:55:13,369.0,150,31600
20240205,11:55:41,370.7,50,31600
20240205,11:57:34,366.8,50,31600
20240205,11:59:36,360.0,550,31550
20240205,11:59:59,358.0,100,31550
20240205,12:02:19,365.0,550,32000
20240205,12:05:10,376.55,50,32050
20240205,12:05:42,375.65,50,32050
20240205,12:06:03,373.5,150,32050
20240205,12:06:13,376.5,100,32050
20240205,12:07:27,375.1,50,32050
20240205,12:08:25,378.0,50,32150
20240205,12:08:51,380.0,100,32150
20240205,12:08:57,379.0,150,32150
20240205,12:09:17,383.15,50,32150
20240205,12:10:00,378.3,200,32150
20240205,12:10:55,380.8,150,32050
20240205,12:10:58,382.35,50,32050
20240205,12:14:01,373.15,50,31950
20240205,12:15:02,364.55,100,31950
20240205,12:15:20,364.25,200,31950
20240205,12:16:06,361.85,50,31950
20240205,12:16:12,360.35,50,31950
20240205,12:16:32,365.55,50,31950
20240205,12:16:55,362.25,50,32150
20240205,12:17:09,361.2,50,32150
20240205,12:17:25,360.0,100,32150
20240205,12:17:32,359.0,150,32150
20240205,12:17:33,358.65,50,32150
20240205,12:18:09,358.0,50,32150
20240205,12:18:21,355.0,50,32150
20240205,12:18:22,353.05,50,32150
20240205,12:19:06,353.05,50,32150
20240205,12:20:12,355.55,50,32350
20240205,12:20:42,356.35,150,32350
20240205,12:21:44,356.0,50,32350
20240205,12:22:26,352.3,50,32350
20240205,12:23:27,352.3,500,32600
20240205,12:24:04,359.15,50,32600
20240205,12:24:39,356.0,100,32600
20240205,12:24:49,356.6,50,32600
20240205,12:25:10,359.0,50,32600
20240205,12:25:20,360.45,50,32600
20240205,12:25:55,362.3,50,33150
20240205,12:26:14,366.6,100,33150
20240205,12:27:06,369.45,50,33150
20240205,12:27:34,364.9,50,33150
20240205,12:29:37,373.3,50,33100
20240205,12:30:36,374.95,100,33100
20240205,12:30:42,376.0,200,33100
20240205,12:30:44,376.0,50,33100
20240205,12:30:57,373.3,50,33100
20240205,12:31:12,376.0,250,33100
20240205,12:32:29,376.0,50,32750
20240205,12:33:53,380.95,250,32750
20240205,12:34:38,382.45,50,32750
20240205,12:34:49,378.85,50,32700
20240205,12:34:51,380.0,100,32700
20240205,12:34:52,382.5,5000,32700
20240205,12:35:29,375.85,50,32700
20240205,12:35:30,376.75,50,32700
20240205,12:37:43,376.0,50,37600
20240205,12:38:23,372.35,100,37600
20240205,12:39:52,377.95,50,37600
20240205,12:39:59,377.55,100,37600
20240205,12:40:30,378.8,50,37600
20240205,12:40:36,376.05,50,37600
20240205,12:40:46,374.45,50,37450
20240205,12:43:21,366.0,100,37450
20240205,12:45:02,363.25,50,37350
20240205,12:45:57,359.2,50,37350
20240205,12:46:10,363.95,50,37350
20240205,12:46:28,364.55,2500,37350
20240205,12:48:51,359.0,550,34800
20240205,12:49:47,355.0,200,35350
20240205,12:50:16,359.95,100,35350
20240205,12:58:25,355.0,50,35350
20240205,12:58:35,355.0,2600,35450
20240205,12:59:01,357.05,50,33700
20240205,13:00:40,355.0,100,33700
20240205,13:00:53,356.45,50,33700
20240205,13:03:23,358.95,100,33800
20240205,13:03:37,360.05,50,33800
20240205,13:06:21,354.6,100,33650
20240205,13:06:35,350.0,550,33650
20240205,13:06:39,350.0,50,33650
20240205,13:06:57,348.1,50,33650
20240205,13:07:07,347.95,50,33650
20240205,13:07:29,344.0,50,33650
20240205,13:07:58,344.0,50,34300
20240205,13:07:59,345.15,50,34300
20240205,13:08:15,344.0,50,34300
20240205,13:09:03,340.0,50,34300
20240205,13:09:21,340.0,100,34300
20240205,13:09:23,341.9,50,34300
20240205,13:09:28,342.2,300,34300
20240205,13:09:56,345.15,100,34300
20240205,13:10:17,345.15,50,34300
20240205,13:10:30,342.45,100,34300
20240205,13:12:14,346.55,50,34550
20240205,13:13:09,349.95,100,34550
20240205,13:13:43,352.45,100,34550
20240205,13:16:00,350.0,100,34550
20240205,13:16:57,352.3,100,34550
20240205,13:17:41,355.8,50,34550
20240205,13:17:48,357.05,100,34550
20240205,13:17:51,359.0,50,34550
20240205,13:17:55,358.55,50,34550
20240205,13:18:27,354.05,100,34550
20240205,13:18:36,355.0,100,34550
20240205,13:20:02,346.1,50,34550
20240205,13:20:25,349.3,50,34550
20240205,13:21:41,347.45,100,34550
20240205,13:21:56,345.05,100,34550
20240205,13:22:07,345.8,50,34550
20240205,13:22:24,344.0,500,34550
20240205,13:22:40,345.05,100,34550
20240205,13:23:21,347.65,50,34650
20240205,13:23:26,347.8,50,34650
20240205,13:24:07,350.0,600,34650
20240205,13:26:08,359.95,100,34050
20240205,13:26:13,358.75,50,34050
20240205,13:28:38,363.7,50,34050
20240205,13:29:08,366.7,50,33950
20240205,13:30:21,367.95,150,33950
20240205,13:34:31,357.55,50,33900
20240205,13:35:23,357.55,50,33950
20240205,13:36:01,362.0,500,33950
20240205,13:37:02,351.2,50,33950
20240205,13:37:07,350.0,200,33950
20240205,13:38:07,354.95,100,34000
20240205,13:38:55,358.55,50,34000
20240205,13:39:47,363.35,200,34000
20240205,13:39:54,365.2,50,34000
20240205,13:40:02,363.85,50,34000
20240205,13:40:35,366.5,50,34000
20240205,13:41:16,360.9,50,33850
20240205,13:42:28,366.0,50,33850
20240205,13:42:36,365.15,50,33850
20240205,13:45:15,364.4,50,33900
20240205,13:45:18,365.0,100,33900
20240205,13:49:52,354.9,300,33900
20240205,13:51:35,350.05,100,33750
20240205,13:52:04,354.95,100,33750
20240205,13:52:50,351.5,50,33950
20240205,13:54:23,348.75,100,33950
20240205,13:56:24,352.3,250,34000
20240205,13:58:06,352.5,100,34000
20240205,13:58:20,352.0,350,34000
20240205,13:59:20,348.75,150,34150
20240205,14:00:18,351.2,500,34150
20240205,14:00:52,348.9,50,34150
20240205,14:01:46,352.8,50,34150
20240205,14:01:54,352.8,50,34350
20240205,14:02:06,354.95,100,34350
20240205,14:02:43,349.0,250,34350
20240205,14:02:59,348.0,50,34350
20240205,14:03:31,353.1,150,34350
20240205,14:03:57,355.35,50,34350
20240205,14:04:38,359.3,50,34350
20240205,14:05:43,359.35,50,34150
20240205,14:06:05,362.35,50,34150
20240205,14:06:43,368.4,50,34150
20240205,14:07:08,370.0,50,34150
20240205,14:07:20,371.6,50,34150
20240205,14:07:54,365.3,50,34100
20240205,14:08:11,371.0,50,34100
20240205,14:08:29,374.95,50,34100
20240205,14:08:52,380.0,150,34100
20240205,14:09:12,380.0,350,34100
20240205,14:09:14,380.0,50,34100
20240205,14:09:15,380.0,150,34100
20240205,14:09:29,378.35,50,34100
20240205,14:09:45,379.2,100,34100
20240205,14:10:03,384.65,500,34100
20240205,14:10:08,382.5,5050,34100
20240205,14:10:13,379.55,350,34100
20240205,14:10:27,385.0,100,34100
20240205,14:10:28,384.85,50,34100
20240205,14:10:37,388.0,50,34100
20240205,14:10:38,390.0,600,34100
20240205,14:10:43,393.0,50,34100
20240205,14:10:45,395.0,150,34100
20240205,14:10:53,395.4,50,37250
20240205,14:11:00,393.45,200,37250
20240205,14:11:10,395.15,100,37250
20240205,14:11:16,397.65,100,37250
20240205,14:11:33,397.65,250,37250
20240205,14:11:46,400.0,150,37250
20240205,14:12:01,398.55,50,37250
20240205,14:12:03,396.85,50,37250
20240205,14:12:13,391.95,400,37250
20240205,14:12:33,391.5,250,37250
20240205,14:14:11,376.85,100,36650
20240205,14:14:21,373.0,50,36650
20240205,14:15:03,369.6,150,36650
20240205,14:15:51,375.0,50,36650
20240205,14:16:09,370.6,50,36650
20240205,14:17:49,365.3,100,36650
20240205,14:19:42,364.95,250,36650
20240205,14:19:44,366.6,150,36650
20240205,14:21:13,372.65,600,36650
20240205,14:21:16,370.0,50,36350
20240205,14:24:24,384.6,50,36900
20240205,14:24:36,383.9,50,36900
20240205,14:24:37,383.9,50,36900
20240205,14:25:30,389.0,50,36900
20240205,14:25:34,389.6,50,36900
20240205,14:25:42,391.25,50,36900
20240205,14:25:50,386.5,50,36900
20240205,14:26:44,394.5,1800,36750
20240205,14:26:48,391.25,100,36750
20240205,14:26:50,388.85,50,36750
20240205,14:27:16,393.3,100,36750
20240205,14:27:26,397.55,100,36750
20240205,14:28:12,391.1,900,36750
20240205,14:28:16,390.0,100,36750
20240205,14:29:00,395.4,150,39000
20240205,14:29:50,385.3,200,39000
20240205,14:30:41,383.85,750,39000
20240205,14:31:32,390.45,100,39000
20240205,14:31:52,398.05,50,39000
20240205,14:31:56,400.0,150,39000
20240205,14:31:57,400.0,50,38850
20240205,14:32:09,399.95,50,38850
20240205,14:32:12,405.4,50,38850
20240205,14:32:14,404.1,50,38850
20240205,14:32:17,404.55,200,38850
20240205,14:32:24,408.9,50,38850
20240205,14:32:29,410.8,50,38850
20240205,14:32:37,412.25,50,38850
20240205,14:32:46,411.2,50,38850
20240205,14:32:49,411.5,50,38850
20240205,14:32:51,413.9,100,38850
20240205,14:33:06,411.8,100,38850
20240205,14:33:16,416.0,150,38850
20240205,14:33:22,414.0,100,38850
20240205,14:33:27,412.7,50,38850
20240205,14:33:36,407.1,50,38850
20240205,14:33:37,408.8,100,38850
20240205,14:33:42,410.5,100,38850
20240205,14:34:04,415.85,50,38850
20240205,14:34:14,418.85,50,38850
20240205,14:34:17,418.25,100,38850
20240205,14:34:24,419.75,150,38850
20240205,14:34:36,418.65,200,38850
20240205,14:34:49,421.15,50,38850
20240205,14:34:52,422.0,1800,38850
20240205,14:34:56,425.0,100,36550
20240205,14:35:11,421.5,150,36550
20240205,14:35:22,420.7,50,36550
20240205,14:35:31,424.0,1800,36550
20240205,14:35:36,429.0,100,36550
20240205,14:35:47,438.25,250,36550
20240205,14:35:49,435.0,400,36550
20240205,14:35:51,435.15,50,36550
20240205,14:36:02,435.15,150,36550
20240205,14:36:23,435.0,150,36550
20240205,14:36:40,435.5,50,36550
20240205,14:36:46,439.15,50,36550
20240205,14:36:58,441.95,100,36550
20240205,14:37:01,441.4,100,36550
20240205,14:37:05,440.0,250,36550
20240205,14:37:06,440.0,800,36550
20240205,14:37:08,438.0,4000,36550
20240205,14:37:43,445.0,50,36550
20240205,14:37:51,445.0,50,36550
20240205,14:37:53,444.65,50,36550
20240205,14:38:20,441.0,250,38600
20240205,14:38:28,446.45,200,38600
20240205,14:38:44,452.95,50,38600
20240205,14:38:48,455.2,700,38600
20240205,14:38:53,461.7,450,38600
20240205,14:38:54,461.7,50,38600
20240205,14:39:01,464.6,250,38600
20240205,14:39:02,461.6,1650,38600
20240205,14:39:05,462.1,250,38600
20240205,14:39:07,459.65,100,38600
20240205,14:39:09,458.5,150,38600
20240205,14:39:10,455.0,200,38600
20240205,14:39:12,451.8,700,38600
20240205,14:39:14,450.35,100,38600
20240205,14:39:17,454.05,200,38600
20240205,14:39:20,454.5,50,38600
20240205,14:39:30,456.95,100,38600
20240205,14:39:35,456.95,50,38600
20240205,14:40:08,464.5,500,38600
20240205,14:40:09,460.8,150,38600
20240205,14:40:24,469.25,50,38600
20240205,14:40:26,466.25,250,38600
20240205,14:40:36,460.7,300,38600
20240205,14:41:08,459.15,50,36800
20240205,14:41:20,456.05,450,36800
20240205,14:41:40,464.0,150,36800
20240205,14:41:46,462.7,150,36800
20240205,14:42:16,471.0,100,36800
20240205,14:42:23,475.25,200,36800
20240205,14:42:28,479.95,150,36800
20240205,14:42:31,482.35,100,36800
20240205,14:42:34,483.05,100,36800
20240205,14:42:38,486.1,250,36800
20240205,14:42:41,488.05,350,36800
20240205,14:42:43,484.6,150,36800
20240205,14:42:49,483.3,50,36800
20240205,14:42:53,491.35,150,36800
20240205,14:42:54,491.35,250,36800
20240205,14:43:04,487.75,100,36800
20240205,14:43:06,493.1,200,36800
20240205,14:43:18,494.5,100,36800
20240205,14:43:21,499.0,200,36800
20240205,14:43:26,505.45,50,36800
20240205,14:43:30,505.45,50,36800
20240205,14:43:31,499.8,150,36800
20240205,14:43:33,495.25,200,36800
20240205,14:43:36,499.55,50,36800
20240205,14:43:40,508.0,200,36800
20240205,14:43:41,508.0,150,36800
20240205,14:43:50,504.4,50,36800
20240205,14:43:51,505.0,100,36800
20240205,14:43:53,505.55,50,36800
20240205,14:43:55,503.0,50,36800
20240205,14:43:56,503.05,50,36800
20240205,14:44:20,493.05,200,36350
20240205,14:44:25,497.45,1150,36350
20240205,14:44:28,493.25,50,36350
20240205,14:44:30,494.95,50,36350
20240205,14:44:31,493.3,100,36350
20240205,14:44:36,483.9,300,36350
20240205,14:44:38,480.05,250,36350
20240205,14:44:40,480.85,150,36350
20240205,14:44:41,481.7,150,36350
20240205,14:44:43,482.5,50,36350
20240205,14:44:46,483.8,100,36350
20240205,14:44:51,482.25,50,36350
20240205,14:44:53,482.5,150,36350
20240205,14:44:55,487.65,50,36350
20240205,14:44:58,495.0,350,36350
20240205,14:45:10,510.0,300,36350
20240205,14:45:11,507.15,350,36350
20240205,14:45:13,513.3,50,36350
20240205,14:45:15,515.0,100,36350
20240205,14:45:16,515.8,100,36350
20240205,14:45:26,516.95,100,36350
20240205,14:45:31,521.15,100,36350
20240205,14:45:35,526.0,50,36350
20240205,14:45:40,526.55,1800,36350
20240205,14:45:41,529.65,8250,36350
20240205,14:45:51,530.75,50,36350
20240205,14:45:53,531.0,50,36350
20240205,14:45:55,534.5,550,36350
20240205,14:45:56,535.1,50,36350
20240205,14:45:58,535.95,150,36350
20240205,14:46:03,535.95,100,36350
20240205,14:46:05,522.1,100,36350
20240205,14:46:06,525.8,150,36350
20240205,14:46:18,523.9,100,36350
20240205,14:46:20,524.05,50,36350
20240205,14:46:23,524.65,100,36350
20240205,14:46:31,527.0,50,36350
20240205,14:46:56,526.55,100,36350
20240205,14:47:01,530.0,50,26350
20240205,14:47:03,532.35,100,26350
20240205,14:47:09,526.55,50,26350
20240205,14:47:19,516.7,50,26350
20240205,14:47:24,509.6,200,26350
20240205,14:47:53,502.0,550,26350
20240205,14:47:56,504.65,50,26350
20240205,14:47:58,497.0,50,26350
20240205,14:48:00,499.2,200,26350
20240205,14:48:03,492.05,150,26350
20240205,14:48:05,490.1,50,26350
20240205,14:48:08,487.3,200,26350
20240205,14:48:11,488.55,250,26350
20240205,14:48:15,488.05,150,26350
20240205,14:48:16,486.05,50,26350
20240205,14:48:26,487.35,200,26350
20240205,14:48:36,487.9,100,26350
20240205,14:48:41,492.95,150,26350
20240205,14:48:43,495.6,150,26350
20240205,14:48:51,502.95,200,26350
20240205,14:49:01,510.2,150,26350
20240205,14:49:03,508.1,100,26350
20240205,14:49:06,507.4,150,26350
20240205,14:49:13,503.65,50,26350
20240205,14:49:23,500.9,100,26350
20240205,14:49:24,501.95,200,26350
20240205,14:49:26,503.0,200,26350
20240205,14:49:38,498.95,200,26350
20240205,14:49:39,501.55,150,26350
20240205,14:50:03,495.0,100,25550
20240205,14:50:16,485.15,200,25550
20240205,14:50:18,486.8,100,25550
20240205,14:50:26,494.7,300,25550
20240205,14:50:30,498.95,150,25550
20240205,14:50:53,512.1,250,25550
20240205,14:50:55,512.0,1850,25550
20240205,14:50:58,513.0,50,25550
20240205,14:51:03,512.0,150,25550
20240205,14:51:06,509.55,250,25550
20240205,14:51:08,511.8,450,25550
20240205,14:51:13,513.85,50,25550
20240205,14:51:18,515.0,1200,25550
20240205,14:51:20,515.15,50,25550
20240205,14:51:26,513.05,200,25550
20240205,14:51:30,513.45,200,25550
20240205,14:51:45,520.0,100,25550
20240205,14:51:48,515.45,50,25550
20240205,14:52:01,512.45,100,25550
20240205,14:52:15,513.85,50,25550
20240205,14:52:31,507.1,150,25550
20240205,14:52:35,505.35,50,25550
20240205,14:52:43,498.55,50,25550
20240205,14:52:53,500.15,50,25550
20240205,14:52:58,507.95,50,26600
20240205,14:53:00,508.0,50,26600
20240205,14:53:18,509.65,50,26600
20240205,14:53:20,506.1,200,26600
20240205,14:53:51,501.95,100,26600
20240205,14:53:53,503.0,50,26600
20240205,14:53:58,506.0,100,26600
20240205,14:54:00,507.5,100,26600
20240205,14:54:06,501.95,100,26600
20240205,14:54:13,500.95,50,26600
20240205,14:54:30,497.75,50,26600
20240205,14:54:45,500.95,50,26600
20240205,14:55:03,497.05,300,26600
20240205,14:55:05,496.0,50,26600
20240205,14:55:18,500.95,150,26600
20240205,14:55:53,514.7,50,26600
20240205,14:56:15,512.95,50,26600
20240205,14:56:21,515.6,50,26600
20240205,14:56:23,515.15,50,26600
20240205,14:56:26,516.2,50,26600
20240205,14:56:50,523.3,50,26600
20240205,14:56:58,527.55,50,26600
20240205,14:57:01,517.55,50,26600
20240205,14:57:05,517.85,100,26600
20240205,14:57:11,520.85,50,26600
20240205,14:57:20,520.25,100,26600
20240205,14:57:38,519.05,50,26600
20240205,14:57:45,514.05,100,26600
20240205,14:57:50,513.95,50,26600
20240205,14:57:55,516.95,200,26600
20240205,14:58:15,517.2,50,26600
20240205,14:58:21,525.0,50,26600
20240205,14:58:30,528.75,50,26600
20240205,14:58:31,528.65,50,26600
20240205,14:58:36,528.35,50,26600
20240205,14:58:43,527.05,50,26600
20240205,14:59:00,526.05,50,26600
20240205,14:59:21,519.65,50,26600
20240205,14:59:31,524.15,50,26700
20240205,14:59:59,526.8,300,26700
20240205,15:00:04,530.85,50,26700
20240205,15:00:08,530.3,50,26700
20240205,15:00:29,513.85,50,26700
20240205,15:00:31,512.8,50,26700
20240205,15:00:43,513.8,150,26700
20240205,15:01:01,528.85,100,26700
20240205,15:01:08,527.2,250,26700
20240205,15:01:09,525.7,300,26700
20240205,15:01:11,520.85,50,26700
20240205,15:01:13,516.3,250,26700
20240205,15:01:23,515.35,50,26700
20240205,15:01:33,519.95,100,26700
20240205,15:01:46,520.15,100,26700
20240205,15:01:58,518.65,50,26700
20240205,15:02:55,520.25,50,26700
20240205,15:03:18,513.45,100,26700
20240205,15:05:19,500.95,50,26750
20240205,15:06:14,479.05,50,26750
20240205,15:06:26,488.05,50,26750
20240205,15:06:29,489.0,250,26750
20240205,15:06:44,500.05,200,26750
20240205,15:06:46,497.5,50,26750
20240205,15:07:01,497.95,150,26750
20240205,15:07:43,482.95,50,26750
20240205,15:07:56,489.0,100,26750
20240205,15:07:58,488.95,200,26750
20240205,15:08:06,489.5,4500,26750
20240205,15:08:29,485.35,250,26750
20240205,15:09:34,466.25,50,26750
20240205,15:09:39,467.25,50,26750
20240205,15:09:50,473.15,500,26750
20240205,15:10:45,470.15,1850,26750
20240205,15:11:10,483.0,250,31900
20240205,15:11:20,489.6,300,31900
20240205,15:11:22,489.0,100,31900
20240205,15:12:06,490.55,50,31900
20240205,15:12:20,487.0,100,31900
20240205,15:12:28,490.95,50,31900
20240205,15:13:46,502.65,50,31900
20240205,15:14:05,504.0,100,32050
20240205,15:14:13,502.25,50,32050
20240205,15:14:33,503.05,100,32050
20240205,15:14:47,510.0,50,32050
20240205,15:15:45,511.25,50,32050
20240205,15:15:55,511.25,50,32050
20240205,15:16:33,511.0,5000,32050
20240205,15:17:25,500.85,50,29350
20240205,15:18:05,502.05,100,29350
20240205,15:19:01,507.95,100,29350
20240205,15:19:08,511.75,100,29350
20240205,15:19:28,512.75,1800,29350
20240205,15:19:31,511.85,50,29350
20240205,15:19:36,510.05,50,29350
20240205,15:21:50,510.8,50,28200
20240205,15:22:28,507.4,50,28200
20240205,15:23:31,502.0,250,28250
20240205,15:23:48,503.55,100,28250
20240205,15:25:04,503.05,50,28250
20240205,15:25:06,503.1,550,28250
20240205,15:25:07,503.0,350,28250
20240205,15:25:09,503.0,850,28250
20240205,15:25:14,503.5,50,28250
20240205,15:25:29,504.8,350,28250
20240205,15:25:30,504.0,100,28250
20240205,15:25:55,503.3,50,28250
20240205,15:27:08,503.35,50,26750
20240205,15:27:10,503.35,450,26750
20240205,15:27:28,505.4,50,26750
20240205,15:27:30,505.4,100,26750
20240205,15:27:38,505.55,100,26750
20240205,15:27:39,505.55,250,26750
20240205,15:27:41,505.55,150,26750
20240205,15:29:06,508.75,250,27050
20240205,15:29:29,508.0,1800,27050
20240205,15:29:36,510.45,500,27050
20240205,15:29:56,503.45,50,27050
20240206,09:16:20,460.45,1,27050
20240206,09:16:20,460.45,50,27050
20240206,09:16:22,458.0,50,29150
20240206,09:16:50,470.3,250,29250
20240206,09:16:50,458.0,250,29250
20240206,09:17:10,478.8,1150,29250
20240206,09:17:20,478.8,100,29250
20240206,09:17:39,482.1,50,29250
20240206,09:18:16,489.85,50,29250
20240206,09:18:17,493.05,50,29250
20240206,09:18:25,494.25,50,29250
20240206,09:18:30,498.9,50,29250
20240206,09:18:39,498.9,150,29250
20240206,09:19:31,482.05,100,29300
20240206,09:20:18,494.15,50,29300
20240206,09:20:19,494.55,150,29300
20240206,09:20:26,500.0,100,29300
20240206,09:20:33,500.0,250,29300
20240206,09:20:53,504.0,50,29300
20240206,09:21:11,504.0,50,29300
20240206,09:22:14,507.0,50,29300
20240206,09:22:22,510.0,50,29300
20240206,09:22:37,510.0,50,29700
20240206,09:24:22,480.5,500,29700
20240206,09:25:02,470.0,50,29700
20240206,09:25:16,470.0,500,29700
20240206,09:25:25,468.85,50,29700
20240206,09:25:54,465.0,50,29250
20240206,09:26:09,463.2,50,29250
20240206,09:26:22,469.15,100,29250
20240206,09:26:28,471.65,50,29250
20240206,09:27:07,471.0,50,29250
20240206,09:27:17,471.35,50,29250
20240206,09:27:35,465.6,50,29250
20240206,09:27:38,465.35,50,29250
20240206,09:28:36,464.05,250,29450
20240206,09:29:39,465.0,50,29450
20240206,09:30:45,466.0,350,29450
20240206,09:31:09,463.15,100,29450
20240206,09:31:11,460.1,50,29450
20240206,09:31:18,458.1,100,29450
20240206,09:32:15,456.0,50,29450
20240206,09:32:58,450.0,300,29500
20240206,09:33:04,450.0,300,29500
20240206,09:33:14,446.45,200,29500
20240206,09:33:27,450.8,50,29500
20240206,09:33:56,455.05,200,29500
20240206,09:33:59,456.55,150,29500
20240206,09:34:11,458.15,50,29500
20240206,09:34:26,455.25,100,29500
20240206,09:35:02,450.0,300,30200
20240206,09:35:10,451.85,50,30200
20240206,09:35:30,456.0,50,30200
20240206,09:35:48,450.75,50,30200
20240206,09:36:12,459.2,50,30200
20240206,09:37:43,448.0,50,29950
20240206,09:38:03,445.05,50,29950
20240206,09:38:27,441.1,1000,29950
20240206,09:38:37,441.1,350,29950
20240206,09:38:46,440.0,350,29950
20240206,09:39:01,438.9,50,29950
20240206,09:39:07,434.85,250,29950
20240206,09:39:26,437.8,50,29950
20240206,09:39:42,438.0,50,29950
20240206,09:39:52,434.35,350,29950
20240206,09:40:09,434.35,50,29950
20240206,09:40:25,442.0,250,29950
20240206,09:41:07,447.95,50,30850
20240206,09:41:15,447.3,200,30850
20240206,09:45:54,437.0,50,30700
20240206,09:46:24,439.95,50,30700
20240206,09:47:45,442.95,100,30700
20240206,09:48:12,438.55,100,30700
20240206,09:48:18,436.35,50,30700
20240206,09:48:36,442.0,1000,30700
20240206,09:48:46,439.6,50,30700
20240206,09:49:23,433.7,50,30700
20240206,09:49:42,430.0,550,31450
20240206,09:49:47,427.5,150,31450
20240206,09:49:57,426.25,50,31450
20240206,09:50:00,426.25,100,31450
20240206,09:50:08,426.25,100,31450
20240206,09:50:11,426.8,100,31450
20240206,09:50:16,428.5,50,31450
20240206,09:50:52,429.0,250,31450
20240206,09:51:03,425.0,100,31450
20240206,09:51:20,425.0,500,31450
20240206,09:51:26,425.0,500,31450
20240206,09:52:04,432.0,1000,31450
20240206,09:52:24,434.15,50,31450
20240206,09:52:45,432.3,100,33750
20240206,09:53:38,435.05,50,33750
20240206,09:53:53,436.7,100,33750
20240206,09:55:34,442.0,1000,33850
20240206,09:55:39,444.0,1000,33850
20240206,09:55:45,443.85,50,33850
20240206,09:55:52,443.05,50,33850
20240206,09:56:08,438.5,50,33850
20240206,09:56:26,435.0,50,33850
20240206,09:57:14,437.95,100,33850
20240206,09:57:50,431.7,50,33850
20240206,09:58:07,430.0,50,33850
20240206,09:58:08,429.0,250,33850
20240206,09:58:22,423.05,100,33850
20240206,09:58:43,423.0,150,35250
20240206,09:58:50,423.0,100,35250
20240206,09:58:55,426.8,100,35250
20240206,09:59:05,425.0,900,35250
20240206,09:59:21,425.0,100,35250
20240206,09:59:24,426.6,50,35250
20240206,10:01:56,424.0,50,35400
20240206,10:02:21,424.0,50,35400
20240206,10:02:22,424.0,950,35400
20240206,10:02:27,424.7,450,35400
20240206,10:02:36,423.0,50,35400
20240206,10:02:52,420.0,250,35400
20240206,10:03:05,413.7,50,35400
20240206,10:03:28,413.7,100,35400
20240206,10:04:15,413.7,100,35400
20240206,10:04:58,414.55,50,36500
20240206,10:05:10,417.9,50,36500
20240206,10:05:11,415.8,100,36500
20240206,10:05:44,420.0,1050,36500
20240206,10:05:45,420.0,1050,36500
20240206,10:06:00,420.0,50,36500
20240206,10:06:10,419.65,50,36500
20240206,10:08:18,424.0,1000,37200
20240206,10:08:52,426.6,200,37200
20240206,10:10:12,420.8,50,37200
20240206,10:10:43,420.2,50,37650
20240206,10:10:48,420.4,50,37650
20240206,10:11:30,415.05,50,37650
20240206,10:11:53,415.0,500,37650
20240206,10:12:00,416.0,100,37650
20240206,10:12:36,421.25,50,37650
20240206,10:12:37,420.25,50,37650
20240206,10:14:32,419.95,100,37750
20240206,10:15:22,426.8,50,37750
20240206,10:15:26,422.9,200,37750
20240206,10:15:34,424.6,50,37750
20240206,10:16:05,422.4,50,37750
20240206,10:17:10,425.25,50,37700
20240206,10:18:02,420.0,50,37700
20240206,10:19:05,427.6,50,37700
20240206,10:19:17,430.2,200,37700
20240206,10:19:55,429.0,50,37750
20240206,10:20:09,427.45,50,37750
20240206,10:21:03,424.6,50,37750
20240206,10:21:11,420.25,200,37750
20240206,10:21:31,421.3,50,37750
20240206,10:23:02,421.0,100,37750
20240206,10:25:02,430.1,50,37750
20240206,10:25:27,433.45,150,37750
20240206,10:25:28,435.6,150,37750
20240206,10:25:41,441.55,750,37800
20240206,10:25:53,442.7,50,37800
20240206,10:25:55,440.2,50,37800
20240206,10:26:01,437.8,50,37800
20240206,10:26:16,440.0,50,37800
20240206,10:26:18,440.0,200,37800
20240206,10:26:29,440.25,100,37800
20240206,10:26:34,442.75,100,37800
20240206,10:26:39,444.95,50,37800
20240206,10:27:37,442.2,250,37800
20240206,10:28:04,445.0,50,37800
20240206,10:28:46,447.0,300,37500
20240206,10:29:29,447.2,50,37500
20240206,10:29:55,451.15,50,37500
20240206,10:30:10,450.15,50,37500
20240206,10:30:18,460.0,50,37500
20240206,10:30:20,462.35,50,37500
20240206,10:30:25,463.45,500,37500
20240206,10:30:38,468.95,300,37500
20240206,10:30:48,470.0,900,37500
20240206,10:30:52,464.8,150,37500
20240206,10:30:55,463.65,50,37500
20240206,10:31:12,460.7,50,37500
20240206,10:31:33,452.05,350,37500
20240206,10:31:40,452.0,50,37500
20240206,10:31:55,450.8,50,35850
20240206,10:31:57,451.95,150,35850
20240206,10:32:08,460.7,150,35850
20240206,10:32:22,466.8,50,35850
20240206,10:32:28,470.0,400,35850
20240206,10:32:35,472.25,50,35850
20240206,10:32:45,468.7,100,35850
20240206,10:33:01,472.35,50,35850
20240206,10:33:18,475.0,300,35850
20240206,10:33:19,473.15,50,35850
20240206,10:33:23,475.0,50,35850
20240206,10:35:06,467.65,50,34900
20240206,10:35:43,459.6,50,34900
20240206,10:37:18,461.3,100,34900
20240206,10:38:35,452.4,100,34850
20240206,10:39:57,454.3,550,34850
20240206,10:41:21,455.4,100,34300
20240206,10:41:24,455.4,50,34300
20240206,10:41:37,459.0,100,34300
20240206,10:42:02,460.0,50,34300
20240206,10:42:10,460.0,50,34300
20240206,10:42:18,462.05,50,34300
20240206,10:45:02,442.25,50,34200
20240206,10:45:34,437.4,50,34200
20240206,10:46:01,440.0,100,34200
20240206,10:48:16,448.8,50,34250
20240206,10:49:02,442.0,50,34250
20240206,10:49:48,447.6,50,34250
20240206,10:49:53,446.45,100,34250
20240206,10:50:02,446.05,100,34250
20240206,10:51:23,441.6,100,34250
20240206,10:51:26,440.0,50,34250
20240206,10:51:41,439.2,50,34250
20240206,10:51:46,437.4,50,34250
20240206,10:51:49,437.0,150,34250
20240206,10:52:04,435.0,100,34250
20240206,10:52:29,438.0,50,34250
20240206,10:52:57,436.75,50,34350
20240206,10:54:18,431.0,100,34350
20240206,10:55:18,429.55,50,34350
20240206,10:55:26,430.9,50,34350
20240206,10:56:57,436.7,100,34300
20240206,10:58:41,427.1,50,34300
20240206,11:00:21,417.9,50,34250
20240206,11:00:23,416.85,50,34250
20240206,11:00:26,415.0,50,34250
20240206,11:00:38,412.0,250,34250
20240206,11:00:47,412.0,1150,34250
20240206,11:00:51,416.85,50,34250
20240206,11:02:12,420.8,50,34200
20240206,11:02:25,416.85,100,34200
20240206,11:02:40,416.85,50,34200
20240206,11:04:37,426.9,50,34200
20240206,11:04:58,430.0,5000,34300
20240206,11:05:37,429.9,200,34300
20240206,11:05:48,430.05,50,34300
20240206,11:06:42,426.6,50,34300
20240206,11:07:40,430.15,100,34300
20240206,11:07:50,430.1,400,38450
20240206,11:07:52,430.1,600,38450
20240206,11:08:18,425.7,100,38450
20240206,11:08:25,424.05,50,38450
20240206,11:09:34,423.5,50,38450
20240206,11:09:55,421.15,50,38450
20240206,11:10:28,416.85,50,38450
20240206,11:10:53,420.35,50,38700
20240206,11:11:59,423.5,150,38700
20240206,11:12:09,425.0,50,38700
20240206,11:13:16,423.7,50,38700
20240206,11:13:47,418.75,50,38600
20240206,11:13:56,417.0,50,38600
20240206,11:14:06,417.0,50,38600
20240206,11:14:16,416.45,50,38600
20240206,11:15:22,416.0,100,38600
20240206,11:15:37,419.25,50,38600
20240206,11:16:55,414.0,550,38650
20240206,11:16:57,414.65,50,38650
20240206,11:17:14,414.8,1100,38650
20240206,11:18:52,417.9,50,38650
20240206,11:18:56,418.0,100,38650
20240206,11:19:56,421.1,50,38150
20240206,11:20:02,422.0,50,38150
20240206,11:20:30,416.25,50,38150
20240206,11:20:34,415.95,50,38150
20240206,11:22:09,417.3,50,38150
20240206,11:23:03,419.75,50,38200
20240206,11:23:31,419.8,250,38200
20240206,11:24:59,417.35,500,38200
20240206,11:25:34,418.85,50,38200
20240206,11:27:06,418.85,50,37950
20240206,11:28:08,422.4,50,37950
20240206,11:28:41,426.0,50,37950
20240206,11:28:42,425.85,50,37950
20240206,11:29:02,425.5,650,38000
20240206,11:29:04,425.5,350,38000
20240206,11:29:16,426.95,50,38000
20240206,11:29:27,426.0,200,38000
20240206,11:29:47,428.45,50,38000
20240206,11:29:53,428.45,200,38000
20240206,11:30:04,430.0,100,38000
20240206,11:30:16,429.05,100,38000
20240206,11:30:19,426.0,100,38000
20240206,11:32:26,415.0,300,38450
20240206,11:32:37,411.2,50,38450
20240206,11:32:39,410.25,200,38450
20240206,11:33:07,405.0,50,38450
20240206,11:33:09,404.0,100,38450
20240206,11:33:17,399.0,850,38450
20240206,11:33:51,397.65,50,38450
20240206,11:34:04,395.0,50,38450
20240206,11:34:06,395.0,500,38450
20240206,11:34:13,390.0,50,38450
20240206,11:34:18,387.0,50,38450
20240206,11:34:19,387.0,50,38450
20240206,11:34:33,390.0,1050,38450
20240206,11:35:00,386.75,150,38600
20240206,11:35:17,384.95,100,38600
20240206,11:35:32,384.95,50,38600
20240206,11:35:34,384.65,250,38600
20240206,11:35:52,384.65,50,38600
20240206,11:36:01,391.0,100,38600
20240206,11:36:02,389.6,150,38600
20240206,11:36:11,388.35,150,38600
20240206,11:36:51,393.0,100,38600
20240206,11:36:54,391.0,50,38600
20240206,11:36:56,389.55,150,38600
20240206,11:36:57,388.0,200,38600
20240206,11:37:00,387.0,50,38600
20240206,11:37:04,387.6,50,38600
20240206,11:37:07,388.0,100,38600
20240206,11:37:12,388.0,50,38600
20240206,11:37:15,386.6,150,38600
20240206,11:37:22,386.95,50,38600
20240206,11:38:54,390.3,100,39500
20240206,11:39:02,389.4,50,39500
20240206,11:39:09,388.45,350,39500
20240206,11:39:30,385.0,50,39500
20240206,11:39:37,385.5,50,39500
20240206,11:39:40,387.0,50,39500
20240206,11:39:49,385.8,100,39500
20240206,11:40:09,385.8,100,39500
20240206,11:40:32,385.8,100,39500
20240206,11:40:57,389.7,50,39700
20240206,11:41:04,390.3,50,39700
20240206,11:41:18,389.55,150,39700
20240206,11:41:27,389.55,100,39700
20240206,11:41:40,391.05,50,39700
20240206,11:42:27,389.0,50,39700
20240206,11:42:28,389.0,100,39700
20240206,11:43:06,392.0,50,39700
20240206,11:43:37,394.0,50,39700
20240206,11:44:34,391.9,50,40000
20240206,11:45:09,395.4,50,40000
20240206,11:45:15,394.0,250,40000
20240206,11:45:17,395.0,150,40000
20240206,11:45:20,395.65,50,40000
20240206,11:45:52,397.0,50,40000
20240206,11:46:13,392.0,50,40000
20240206,11:46:16,391.0,500,40000
20240206,11:46:51,396.8,200,40000
20240206,11:47:16,394.6,100,40150
20240206,11:47:28,397.55,950,40150
20240206,11:50:22,398.8,1350,39150
20240206,11:50:47,396.65,50,39150
20240206,11:50:52,395.9,50,39150
20240206,11:51:05,395.95,50,39150
20240206,11:51:20,398.95,50,39150
20240206,11:52:33,397.0,50,39150
20240206,11:53:58,391.0,50,38950
20240206,11:55:26,388.95,50,38950
20240206,11:56:19,388.95,950,39050
20240206,11:57:45,389.3,50,39050
20240206,11:58:02,388.65,50,39050
20240206,11:58:04,388.65,50,39050
