date,time,tick_price,volume,open_interest
20240115,15:10:05,315.1,50,50
20240115,15:29:04,304.55,50,50
20240115,15:29:23,303.1,50,50
20240116,11:55:08,307.6,1,150
20240116,11:55:08,307.6,50,150
20240116,12:31:25,314.25,150,200
20240116,12:32:13,314.25,150,200
20240116,12:38:07,307.05,500,200
20240116,12:44:29,320.75,50,700
20240116,13:22:20,333.0,50,750
20240116,13:28:14,334.65,100,700
20240116,13:45:32,355.0,500,600
20240116,13:46:27,355.0,100,600
20240116,14:39:42,328.2,50,1100
20240116,14:42:50,321.15,50,1100
20240116,14:46:22,324.95,50,1050
20240116,14:46:32,324.95,500,1050
20240116,14:50:16,321.85,100,1550
20240116,14:57:07,325.15,100,1450
20240116,15:02:44,320.2,200,1350
20240116,15:19:58,336.95,100,1300
20240117,09:47:03,421.05,1,1300
20240117,09:47:03,421.05,100,1300
20240117,10:56:04,446.5,50,1200
20240123,12:46:53,721.0,50,1250
20240123,15:29:59,810.5,1,1200
20240124,11:24:45,652.45,1,1200
20240124,11:24:45,652.45,50,1200
20240129,09:36:23,583.5,1,1200
20240129,09:36:23,583.5,50,1200
20240129,09:38:11,554.6,50,1200
20240131,10:35:14,535.65,1,1200
20240131,10:35:14,535.65,50,1200
20240131,10:43:03,529.05,300,1250
20240131,13:01:01,520.75,100,1550
20240131,14:58:48,526.3,50,1600
20240131,14:59:13,495.3,50,1600
20240131,15:02:58,494.5,150,1600
20240131,15:05:59,480.8,50,1550
20240131,15:06:08,480.8,200,1550
20240201,12:09:46,465.0,1,1500
20240201,12:09:46,465.05,550,1500
20240201,12:11:34,437.2,150,1500
20240201,12:12:10,437.0,500,2150
20240201,12:13:40,437.0,50,2150
20240201,12:59:11,450.0,50,2100
20240201,13:01:09,454.9,750,2150
20240201,13:05:58,437.4,100,2900
20240201,13:06:24,436.0,100,2900
20240201,13:08:24,436.0,200,2900
20240201,13:13:51,436.95,550,2900
20240201,13:14:00,437.6,1650,2900
20240201,13:14:08,439.9,550,2900
20240201,13:14:17,441.2,650,2900
20240201,13:14:25,441.95,550,2900
20240201,13:21:29,445.0,150,6850
20240201,13:24:37,444.45,100,6750
20240201,13:25:11,444.7,1000,6750
20240201,13:38:33,470.35,400,7500
20240201,13:38:58,471.1,400,7500
20240201,13:47:12,471.1,800,8300
20240201,13:48:13,449.9,400,9100
20240201,13:48:22,452.25,400,9100
20240201,13:48:39,451.35,400,9100
20240201,13:51:44,454.0,450,10300
20240201,14:00:15,449.45,200,10750
20240201,14:00:31,453.3,550,10750
20240201,14:04:58,449.2,200,10100
20240201,14:06:03,456.85,900,10100
20240201,14:07:52,456.4,400,11100
20240201,14:08:07,457.8,400,11100
20240201,14:10:55,444.75,900,11900
20240201,14:11:11,441.65,150,11900
20240201,14:17:39,446.5,350,12850
20240201,14:18:12,447.8,150,12850
20240201,14:27:23,444.0,150,12850
20240201,14:38:42,452.95,400,13000
20240201,14:39:27,454.15,550,12600
20240201,14:39:44,457.15,900,12600
20240201,14:44:10,456.5,400,11250
20240201,14:44:27,456.5,400,11250
20240201,14:44:43,458.95,400,11250
20240201,14:44:52,458.45,400,11250
20240201,14:45:09,459.8,400,11250
20240201,14:46:00,453.7,200,9250
20240201,14:46:24,453.55,400,9250
20240201,14:51:02,438.1,500,9750
20240201,15:04:44,467.25,100,9250
20240201,15:05:11,461.9,50,9250
20240201,15:14:22,476.85,550,9400
20240201,15:17:30,476.85,100,9400
20240201,15:17:38,469.0,50,9400
20240201,15:22:34,469.0,100,9550
20240201,15:26:14,470.45,100,9650
20240201,15:29:06,473.45,50,9650
20240202,09:15:56,342.2,1,9650
20240202,09:15:56,342.25,150,9650
20240202,09:17:08,331.8,700,9650
20240202,09:17:40,330.0,150,10450
20240202,09:19:34,320.05,100,10450
20240202,09:19:37,320.05,50,10450
20240202,09:19:42,318.0,100,10450
20240202,09:19:47,316.2,100,10450
20240202,09:19:52,315.1,1000,10450
20240202,09:20:10,313.05,150,10450
20240202,09:20:17,312.4,700,11600
20240202,09:20:25,309.1,600,11600
20240202,09:21:03,307.05,200,11600
20240202,09:21:23,306.4,250,11600
20240202,09:21:24,307.45,100,11600
20240202,09:21:26,309.15,1750,11600
20240202,09:21:36,308.3,150,11600
20240202,09:21:38,306.85,50,11600
20240202,09:21:44,306.3,50,11600
20240202,09:21:54,303.3,100,11600
20240202,09:22:04,300.1,200,11600
20240202,09:22:09,300.1,350,11600
20240202,09:23:17,295.0,200,12750
20240202,09:23:43,293.9,50,12750
20240202,09:24:50,290.0,500,12750
20240202,09:25:08,288.75,50,12750
20240202,09:25:59,288.75,50,12750
20240202,09:26:24,294.1,200,13300
20240202,09:26:27,293.2,100,13300
20240202,09:27:11,289.2,50,13300
20240202,09:27:22,285.4,50,13300
20240202,09:27:47,285.4,100,13300
20240202,09:28:00,288.4,100,13300
20240202,09:28:30,287.35,50,13300
20240202,09:28:55,284.7,50,13300
20240202,09:30:14,284.7,300,13600
20240202,09:30:23,289.9,150,13600
20240202,09:30:53,287.55,50,13600
20240202,09:31:44,287.15,50,13600
20240202,09:32:01,288.5,50,13600
20240202,09:32:02,288.85,50,13600
20240202,09:32:05,288.3,1000,13600
20240202,09:32:48,285.0,100,14500
20240202,09:33:47,280.95,150,14500
20240202,09:33:51,280.95,100,14500
20240202,09:34:10,280.0,100,14500
20240202,09:34:58,279.55,500,14500
20240202,09:35:22,279.55,50,15450
20240202,09:35:27,278.0,200,15450
20240202,09:35:55,278.0,50,15450
20240202,09:35:58,281.3,100,15450
20240202,09:36:17,281.9,200,15450
20240202,09:36:51,286.75,100,15450
20240202,09:36:59,290.0,100,15450
20240202,09:37:01,289.55,100,15450
20240202,09:37:49,285.0,150,15450
20240202,09:38:09,287.85,550,15450
20240202,09:38:10,287.1,50,15450
20240202,09:38:14,286.95,100,15450
20240202,09:38:15,287.0,50,15900
20240202,09:38:20,286.65,100,15900
20240202,09:38:25,286.55,500,15900
20240202,09:38:29,288.55,450,15900
20240202,09:38:48,285.0,100,15900
20240202,09:39:10,283.0,200,15900
20240202,09:39:48,287.0,50,15900
20240202,09:40:11,285.8,100,15900
20240202,09:41:02,279.9,50,15900
20240202,09:41:25,280.7,50,16100
20240202,09:41:40,285.15,50,16100
20240202,09:41:53,284.95,50,16100
20240202,09:41:55,282.5,350,16100
20240202,09:41:59,283.25,100,16100
20240202,09:42:03,283.0,50,16100
20240202,09:43:10,278.0,100,16100
20240202,09:44:10,281.85,100,16100
20240202,09:44:21,279.0,50,16400
20240202,09:44:25,277.4,100,16400
20240202,09:45:10,277.4,150,16400
20240202,09:45:16,278.45,150,16400
20240202,09:45:18,278.45,200,16400
20240202,09:45:57,285.2,50,16400
20240202,09:46:36,281.65,50,16400
20240202,09:46:54,280.15,50,16400
20240202,09:47:32,280.65,50,17000
20240202,09:48:18,283.55,100,17000
20240202,09:48:25,282.55,300,17000
20240202,09:48:51,281.95,50,17000
20240202,09:48:53,282.55,200,17000
20240202,09:49:09,282.55,50,17000
20240202,09:49:13,284.0,50,17000
20240202,09:49:44,280.0,50,17000
20240202,09:49:54,277.85,150,17000
20240202,09:50:20,276.1,1250,16900
20240202,09:50:28,273.25,50,16900
20240202,09:50:31,273.25,150,16900
20240202,09:50:35,275.4,300,16900
20240202,09:50:38,275.9,150,16900
20240202,09:50:43,276.3,100,16900
20240202,09:52:21,274.5,50,16900
20240202,09:52:37,273.9,500,16900
20240202,09:52:56,275.0,500,16900
20240202,09:53:23,272.3,800,16900
20240202,09:53:28,271.1,100,17400
20240202,09:53:38,270.1,50,17400
20240202,09:53:39,270.1,50,17400
20240202,09:53:44,271.35,50,17400
20240202,09:53:59,271.35,300,17400
20240202,09:54:01,271.4,50,17400
20240202,09:54:04,273.45,350,17400
20240202,09:54:36,273.6,50,17400
20240202,09:54:51,273.6,500,17400
20240202,09:55:03,274.3,150,17400
20240202,09:55:06,274.65,150,17400
20240202,09:55:13,274.65,50,17400
20240202,09:55:28,271.65,150,17400
20240202,09:55:44,272.8,50,17400
20240202,09:56:01,276.0,200,17400
20240202,09:57:21,275.3,350,18000
20240202,09:57:55,276.5,900,18000
20240202,09:57:56,274.8,650,18000
20240202,09:58:55,276.7,50,18000
20240202,09:58:58,277.25,50,18000
20240202,09:59:00,276.0,50,18000
20240202,09:59:03,276.3,100,18000
20240202,09:59:08,277.7,50,18000
20240202,09:59:47,276.1,350,19300
20240202,10:00:00,274.15,100,19300
20240202,10:01:04,269.55,500,19300
20240202,10:01:30,268.3,50,19300
20240202,10:01:34,267.5,50,19300
20240202,10:01:35,267.0,500,19300
20240202,10:01:45,266.75,300,19300
20240202,10:01:49,266.75,300,19300
20240202,10:01:59,265.0,150,19300
20240202,10:02:02,265.0,300,19300
20240202,10:02:07,266.2,300,19300
20240202,10:03:13,265.7,50,19950
20240202,10:03:19,266.4,100,19950
20240202,10:05:12,267.2,100,19950
20240202,10:05:40,265.0,500,20050
20240202,10:05:42,264.85,50,20050
20240202,10:07:02,264.85,500,20050
20240202,10:07:12,267.25,50,20050
20240202,10:07:45,264.75,300,20050
20240202,10:09:12,264.75,100,20550
20240202,10:10:02,262.0,500,20550
20240202,10:10:14,260.75,100,20550
20240202,10:11:00,260.75,200,20550
20240202,10:12:14,264.0,50,21450
20240202,10:12:32,264.0,500,21450
20240202,10:12:40,264.05,50,21450
20240202,10:12:45,264.3,150,21450
20240202,10:13:18,265.0,50,21450
20240202,10:14:42,266.15,300,21450
20240202,10:15:32,267.9,150,21200
20240202,10:15:47,268.0,350,21200
20240202,10:16:11,268.0,200,21200
20240202,10:17:29,265.75,100,21500
20240202,10:17:38,267.4,50,21500
20240202,10:19:23,269.75,100,21500
20240202,10:19:39,273.4,100,21500
20240202,10:21:35,273.4,50,21550
20240202,10:21:58,273.4,50,21550
20240202,10:22:26,274.65,600,21550
20240202,10:22:31,275.0,50,21550
20240202,10:22:49,272.45,50,21550
20240202,10:23:04,272.1,150,21550
20240202,10:25:04,266.75,50,22150
20240202,10:25:38,266.95,50,22150
20240202,10:27:28,264.6,200,22200
20240202,10:29:00,261.55,50,22200
20240202,10:29:01,261.55,100,22200
20240202,10:29:09,260.0,350,22200
20240202,10:30:05,260.0,450,22500
20240202,10:30:12,260.0,450,22500
20240202,10:30:42,261.9,50,22500
20240202,10:30:54,263.35,50,22500
20240202,10:31:26,265.75,50,22500
20240202,10:31:28,265.2,100,22500
20240202,10:32:02,263.9,200,22500
20240202,10:34:39,265.3,500,23400
20240202,10:39:43,272.4,50,23400
20240202,10:40:10,272.55,300,23400
20240202,10:40:13,272.6,50,23400
20240202,10:40:26,270.9,200,23400
20240202,10:41:32,273.85,50,23850
20240202,10:41:49,276.6,100,23850
20240202,10:41:51,276.4,100,23850
20240202,10:42:14,276.4,50,23850
20240202,10:45:07,275.05,50,23750
20240202,10:45:43,271.85,300,23750
20240202,10:46:11,270.9,350,23750
20240202,10:46:30,271.85,50,23750
20240202,10:48:05,272.2,50,23550
20240202,10:49:19,274.7,50,23550
20240202,10:49:39,274.45,100,23550
20240202,10:51:43,272.0,250,23550
20240202,10:51:57,269.8,250,23550
20240202,10:52:10,271.15,50,23550
20240202,10:52:58,275.65,250,23550
20240202,10:53:02,274.5,50,23550
20240202,10:54:17,270.0,250,23450
20240202,10:56:06,266.0,500,23450
20240202,10:57:49,263.0,50,24200
20240202,10:58:30,260.0,500,24200
20240202,10:58:54,258.05,100,24200
20240202,11:00:23,257.6,350,24650
20240202,11:00:44,257.6,300,24650
20240202,11:00:46,259.4,600,24650
20240202,11:00:49,260.25,400,24650
20240202,11:02:01,262.8,250,24650
20240202,11:03:03,260.0,600,25350
20240202,11:03:16,258.2,400,25350
20240202,11:03:19,258.2,50,25350
20240202,11:03:21,258.15,50,25350
20240202,11:03:24,258.5,50,25350
20240202,11:03:25,258.55,50,25350
20240202,11:03:27,260.0,200,25350
20240202,11:03:40,258.0,50,25350
20240202,11:03:49,257.15,50,25350
20240202,11:03:51,256.8,600,25350
20240202,11:03:52,255.25,50,25350
20240202,11:03:54,255.25,100,25350
20240202,11:03:56,254.7,50,25350
20240202,11:03:57,254.3,500,25350
20240202,11:04:01,254.3,50,25350
20240202,11:04:17,253.95,200,25350
20240202,11:04:23,253.95,200,25350
20240202,11:04:38,254.25,100,25350
20240202,11:04:56,253.9,900,25350
20240202,11:05:06,253.55,50,25350
20240202,11:05:28,253.5,200,26850
20240202,11:05:33,253.5,200,26850
20240202,11:05:38,253.6,200,26850
20240202,11:05:45,254.6,200,26850
20240202,11:07:14,259.0,200,26850
20240202,11:07:21,259.0,50,26850
20240202,11:07:52,257.3,400,26850
20240202,11:07:54,257.3,50,26850
20240202,11:07:55,257.5,50,26850
20240202,11:08:05,259.2,250,26850
20240202,11:08:27,257.35,100,27850
20240202,11:08:50,258.35,150,27850
20240202,11:09:03,258.4,400,27850
20240202,11:09:29,260.35,200,27850
20240202,11:09:57,256.95,800,27850
20240202,11:10:07,257.15,100,27850
20240202,11:10:12,256.9,100,27850
20240202,11:11:03,258.3,50,27850
20240202,11:11:12,258.9,50,27850
20240202,11:11:37,258.0,800,28850
20240202,11:12:11,255.8,150,28850
20240202,11:13:37,254.0,150,28850
20240202,11:13:40,250.0,500,28850
20240202,11:13:42,247.55,100,28850
20240202,11:13:48,247.55,50,28850
20240202,11:13:52,247.5,50,28850
20240202,11:13:53,246.15,200,28850
20240202,11:13:57,244.95,50,28850
20240202,11:14:07,244.95,800,28850
20240202,11:14:10,244.8,50,28850
20240202,11:14:30,244.6,50,29150
20240202,11:14:35,244.2,50,29150
20240202,11:14:37,242.45,500,29150
20240202,11:14:57,243.9,300,29150
20240202,11:15:05,241.75,1000,29150
20240202,11:15:08,241.75,100,29150
20240202,11:15:10,242.3,50,29150
20240202,11:15:16,238.8,450,29150
20240202,11:15:20,238.8,400,29150
20240202,11:15:21,241.7,100,29150
20240202,11:15:23,241.95,200,29150
20240202,11:15:25,242.4,350,29150
20240202,11:15:26,241.15,200,29150
20240202,11:15:31,240.35,100,29150
20240202,11:15:35,240.5,450,29150
20240202,11:15:40,239.9,2050,29150
20240202,11:15:43,240.5,200,29150
20240202,11:16:01,238.15,1350,29150
20240202,11:16:08,236.45,550,29150
20240202,11:16:09,236.7,150,29150
20240202,11:16:14,235.35,50,29150
20240202,11:16:16,235.35,100,29150
20240202,11:16:19,235.0,50,29150
20240202,11:16:23,234.25,50,29150
20240202,11:16:28,232.75,300,29150
20240202,11:16:31,232.75,800,29150
20240202,11:16:34,236.5,50,29150
20240202,11:16:38,236.35,350,29150
20240202,11:16:43,235.9,700,29150
20240202,11:16:46,235.5,100,29150
20240202,11:16:51,234.45,700,29150
20240202,11:16:53,234.9,150,29150
20240202,11:16:55,235.75,150,29150
20240202,11:17:01,234.9,500,29150
20240202,11:17:03,234.25,2350,29150
20240202,11:17:05,232.5,3100,29150
20240202,11:17:06,232.65,500,29150
20240202,11:17:08,233.2,500,29150
20240202,11:17:10,234.25,50,29150
20240202,11:17:23,234.25,750,29150
20240202,11:17:28,232.45,150,29150
20240202,11:17:30,231.05,2400,33900
20240202,11:17:33,232.2,400,33900
20240202,11:17:35,231.6,300,33900
20240202,11:17:40,231.45,50,33900
20240202,11:17:43,232.35,600,33900
20240202,11:17:45,232.6,100,33900
20240202,11:17:46,232.45,100,33900
20240202,11:17:48,232.8,1150,33900
20240202,11:17:50,233.1,50,33900
20240202,11:17:56,231.95,100,33900
20240202,11:17:58,232.15,50,33900
20240202,11:18:01,230.35,500,33900
20240202,11:18:04,229.65,200,33900
20240202,11:18:06,229.3,200,33900
20240202,11:18:11,229.25,100,33900
20240202,11:18:16,228.5,50,33900
20240202,11:18:34,228.5,550,33900
20240202,11:18:39,229.0,50,33900
20240202,11:18:58,228.5,50,33900
20240202,11:19:06,231.35,250,33900
20240202,11:19:08,232.25,500,33900
20240202,11:19:13,231.4,300,33900
20240202,11:19:16,230.1,200,33900
20240202,11:19:21,231.45,100,33900
20240202,11:19:33,231.4,50,33900
20240202,11:19:48,231.0,50,33900
20240202,11:19:50,230.75,1800,33900
20240202,11:19:53,230.3,100,33900
20240202,11:19:56,231.2,50,33900
20240202,11:19:58,231.6,100,33900
20240202,11:20:00,230.4,50,33900
20240202,11:20:01,230.75,250,33900
20240202,11:20:03,230.75,150,33900
20240202,11:20:08,230.1,500,33900
20240202,11:20:10,229.35,500,33900
20240202,11:20:16,229.85,500,33900
20240202,11:20:20,229.0,300,33900
20240202,11:20:23,227.7,350,33900
20240202,11:20:26,227.45,200,33900
20240202,11:20:30,227.45,100,33900
20240202,11:20:33,227.4,100,40200
20240202,11:20:35,227.4,50,40200
20240202,11:20:38,228.6,200,40200
20240202,11:20:41,228.35,200,40200
20240202,11:21:01,230.3,150,40200
20240202,11:21:07,229.7,50,40200
20240202,11:21:27,230.4,100,40200
20240202,11:21:47,231.35,50,40200
20240202,11:21:50,231.1,100,40200
20240202,11:21:52,230.0,350,40200
20240202,11:21:55,229.05,250,40200
20240202,11:22:02,228.55,100,40200
20240202,11:22:03,229.05,100,40200
20240202,11:22:05,230.15,100,40200
20240202,11:22:07,229.15,350,40200
20240202,11:22:10,229.25,200,40200
20240202,11:22:12,228.5,200,40200
20240202,11:22:13,228.6,100,40200
20240202,11:22:17,228.5,550,40200
20240202,11:22:18,227.65,300,40200
20240202,11:22:20,226.45,1350,40200
20240202,11:22:25,227.05,200,40200
20240202,11:22:28,227.15,200,40200
20240202,11:22:35,226.05,100,40200
20240202,11:22:37,226.05,550,40200
20240202,11:22:38,227.4,100,40200
20240202,11:22:40,228.65,650,40200
20240202,11:22:47,227.6,50,40200
20240202,11:22:50,227.0,100,40200
20240202,11:22:57,228.6,150,40200
20240202,11:23:05,229.75,600,40200
20240202,11:23:11,229.5,150,40200
20240202,11:23:18,229.5,50,40200
20240202,11:23:32,229.05,50,42300
20240202,11:23:35,229.8,50,42300
20240202,11:23:42,230.15,50,42300
20240202,11:23:45,229.5,50,42300
20240202,11:23:48,229.9,50,42300
20240202,11:23:50,229.0,50,42300
20240202,11:23:52,228.4,550,42300
20240202,11:23:53,229.35,100,42300
20240202,11:24:02,229.6,100,42300
20240202,11:24:07,229.75,50,42300
20240202,11:24:32,230.85,200,42300
20240202,11:24:47,230.15,300,42300
20240202,11:24:48,229.2,50,42300
20240202,11:24:53,229.15,50,42300
20240202,11:25:00,227.95,50,42300
20240202,11:25:03,228.4,100,42300
20240202,11:25:10,227.0,500,42300
20240202,11:25:12,227.65,250,42300
20240202,11:25:22,226.55,50,42300
20240202,11:25:27,227.65,700,42300
20240202,11:25:38,228.0,250,42300
20240202,11:25:49,227.7,100,42300
20240202,11:25:50,228.0,50,42300
20240202,11:25:54,229.45,50,42300
20240202,11:26:03,228.3,200,42300
20240202,11:26:05,229.15,800,42300
20240202,11:26:08,228.4,100,42300
20240202,11:26:12,229.7,350,42300
20240202,11:26:13,230.0,200,42300
20240202,11:26:18,229.5,50,42300
20240202,11:26:28,231.15,150,42300
20240202,11:26:30,232.0,200,44050
20240202,11:26:37,229.65,200,44050
20240202,11:26:40,228.75,50,44050
20240202,11:26:45,229.85,50,44050
20240202,11:27:15,230.55,1800,44050
20240202,11:27:20,231.25,50,44050
20240202,11:27:21,231.25,100,44050
20240202,11:27:39,230.55,150,44050
20240202,11:27:46,230.5,50,44050
20240202,11:27:49,229.45,250,44050
20240202,11:28:13,229.25,400,44050
20240202,11:28:23,229.45,500,44050
20240202,11:28:25,228.75,400,44050
20240202,11:28:26,228.7,400,44050
20240202,11:28:30,228.3,100,44050
20240202,11:28:36,228.55,250,44050
20240202,11:28:38,228.9,550,44050
20240202,11:28:53,228.9,150,44050
20240202,11:28:56,228.75,550,44050
20240202,11:28:58,228.15,300,44050
20240202,11:29:04,229.1,150,44050
20240202,11:29:12,228.35,650,44050
20240202,11:29:17,228.05,500,44050
20240202,11:29:19,227.9,50,44050
20240202,11:29:31,228.75,100,46600
20240202,11:29:41,229.2,150,46600
20240202,11:29:47,228.45,50,46600
20240202,11:29:51,229.2,50,46600
20240202,11:29:52,229.25,50,46600
20240202,11:29:59,228.85,1150,46600
20240202,11:30:04,226.9,250,46600
20240202,11:30:11,228.45,400,46600
20240202,11:30:13,228.35,400,46600
20240202,11:30:14,229.2,550,46600
20240202,11:30:18,226.9,50,46600
20240202,11:30:21,226.9,200,46600
20240202,11:30:36,226.95,50,46600
20240202,11:30:44,226.8,400,46600
20240202,11:30:46,225.4,1150,46600
20240202,11:30:51,226.4,100,46600
20240202,11:30:54,225.9,150,46600
20240202,11:30:56,226.35,150,46600
20240202,11:31:06,226.75,450,46600
20240202,11:31:09,225.0,300,46600
20240202,11:31:11,225.6,300,46600
20240202,11:31:18,225.6,50,46600
20240202,11:31:23,227.25,200,46600
20240202,11:31:33,226.75,50,46600
20240202,11:31:46,225.0,150,46600
20240202,11:31:56,224.95,50,46600
20240202,11:32:03,224.95,1050,46600
20240202,11:32:06,225.5,600,46600
20240202,11:32:11,223.95,600,46600
20240202,11:32:13,223.95,250,46600
20240202,11:32:24,225.0,150,46600
20240202,11:32:28,226.0,1250,46600
20240202,11:32:30,226.6,100,46600
20240202,11:32:41,226.15,400,48700
20240202,11:32:43,226.3,200,48700
20240202,11:32:46,226.0,50,48700
20240202,11:32:48,225.85,50,48700
20240202,11:32:50,226.3,150,48700
20240202,11:32:55,226.2,100,48700
20240202,11:32:56,225.35,300,48700
20240202,11:33:01,225.0,50,48700
20240202,11:33:03,225.15,100,48700
20240202,11:33:06,224.55,100,48700
20240202,11:33:08,226.15,50,48700
20240202,11:33:10,226.1,100,48700
20240202,11:33:13,226.45,500,48700
20240202,11:33:16,226.65,700,48700
20240202,11:33:25,227.7,450,48700
20240202,11:33:28,227.85,100,48700
20240202,11:33:33,227.7,150,48700
20240202,11:33:35,228.0,500,48700
20240202,11:33:55,228.3,50,48700
20240202,11:33:56,228.5,400,48700
20240202,11:34:09,227.35,50,48700
20240202,11:34:14,226.15,50,48700
20240202,11:34:21,225.25,300,48700
20240202,11:34:23,225.5,50,48700
20240202,11:34:26,226.05,250,48700
20240202,11:34:36,226.05,400,48700
20240202,11:34:38,226.05,700,48700
20240202,11:34:43,225.9,50,48700
20240202,11:34:50,224.7,550,48700
20240202,11:34:53,224.05,50,48700
20240202,11:34:56,223.7,300,48700
20240202,11:35:00,223.65,300,48700
20240202,11:35:01,223.5,550,48700
20240202,11:35:03,223.0,50,48700
20240202,11:35:14,223.0,200,48700
20240202,11:35:16,224.6,100,48700
20240202,11:35:18,224.5,100,48700
20240202,11:35:28,223.0,100,48700
20240202,11:35:33,223.25,100,51050
20240202,11:35:34,222.4,450,51050
20240202,11:35:43,222.4,50,51050
20240202,11:35:48,225.0,50,51050
20240202,11:35:58,226.05,200,51050
20240202,11:36:01,225.5,200,51050
20240202,11:36:03,224.35,100,51050
20240202,11:36:06,224.0,750,51050
20240202,11:36:08,223.9,50,51050
20240202,11:36:09,224.55,200,51050
20240202,11:36:23,223.35,50,51050
20240202,11:36:24,223.4,50,51050
20240202,11:36:28,224.1,250,51050
20240202,11:36:29,223.85,200,51050
20240202,11:36:33,224.15,50,51050
20240202,11:36:34,225.3,100,51050
20240202,11:36:43,224.45,100,51050
20240202,11:36:46,223.05,300,51050
20240202,11:36:51,223.5,300,51050
20240202,11:36:56,222.75,200,51050
20240202,11:36:58,223.25,50,51050
20240202,11:37:00,223.5,50,51050
20240202,11:37:01,223.45,50,51050
20240202,11:37:02,223.4,100,51050
20240202,11:37:06,224.05,50,51050
20240202,11:37:12,222.65,150,51050
20240202,11:37:14,222.85,50,51050
20240202,11:37:16,222.75,300,51050
20240202,11:37:17,222.85,50,51050
20240202,11:37:24,223.2,500,51050
20240202,11:37:29,222.55,150,51050
20240202,11:37:32,222.4,500,51050
20240202,11:37:34,221.7,450,51050
20240202,11:37:36,221.95,350,51050
20240202,11:37:37,222.6,50,51050
20240202,11:37:39,222.7,100,51050
20240202,11:37:46,221.9,50,51050
20240202,11:38:01,221.0,50,51050
20240202,11:38:03,220.5,150,51050
20240202,11:38:06,220.5,150,51050
20240202,11:38:11,220.1,50,51050
20240202,11:38:12,220.0,250,51050
20240202,11:38:16,219.15,550,51050
20240202,11:38:17,219.15,50,51050
20240202,11:38:22,218.6,750,51050
20240202,11:38:25,219.25,100,51050
20240202,11:38:27,220.5,350,51050
20240202,11:38:29,221.8,250,51050
20240202,11:38:30,221.65,850,51050
20240202,11:38:34,220.7,100,55800
20240202,11:38:37,220.5,50,55800
20240202,11:38:39,220.5,650,55800
20240202,11:38:40,220.55,150,55800
20240202,11:38:42,220.4,50,55800
20240202,11:38:45,220.15,550,55800
20240202,11:38:49,221.65,50,55800
20240202,11:38:52,220.5,500,55800
20240202,11:38:54,221.05,150,55800
20240202,11:38:55,220.0,200,55800
20240202,11:38:57,219.6,600,55800
20240202,11:38:59,219.05,1050,55800
20240202,11:39:02,219.7,1050,55800
20240202,11:39:04,219.0,50,55800
20240202,11:39:07,218.0,400,55800
20240202,11:39:09,217.7,450,55800
20240202,11:39:10,217.7,600,55800
20240202,11:39:12,218.0,150,55800
20240202,11:39:14,217.35,200,55800
20240202,11:39:15,217.35,50,55800
20240202,11:39:20,219.85,550,55800
20240202,11:39:22,220.0,400,55800
20240202,11:39:27,219.65,50,55800
20240202,11:39:29,219.0,250,55800
20240202,11:39:30,219.0,250,55800
20240202,11:39:35,220.05,50,55800
20240202,11:39:38,220.45,150,55800
20240202,11:39:42,220.45,500,55800
20240202,11:39:45,220.45,750,55800
20240202,11:39:48,220.35,100,55800
20240202,11:39:50,220.35,50,55800
20240202,11:39:53,220.8,150,55800
20240202,11:39:58,220.7,200,55800
20240202,11:40:00,221.0,100,55800
20240202,11:40:01,220.0,550,55800
20240202,11:40:04,220.1,250,55800
20240202,11:40:08,219.45,250,55800
20240202,11:40:11,218.6,50,55800
20240202,11:40:16,218.35,550,55800
20240202,11:40:19,219.3,650,55800
20240202,11:40:21,218.6,100,55800
20240202,11:40:23,218.3,1100,55800
20240202,11:40:24,218.35,100,55800
20240202,11:40:28,219.45,50,55800
20240202,11:40:29,219.05,550,55800
20240202,11:40:31,220.15,400,55800
20240202,11:40:34,219.85,500,55800
20240202,11:40:38,220.15,500,55800
20240202,11:40:43,221.15,50,55800
20240202,11:40:44,220.95,200,55800
20240202,11:40:46,219.6,1300,55800
20240202,11:40:48,219.6,50,55800
20240202,11:40:51,219.6,100,55800
20240202,11:40:53,218.9,100,55800
20240202,11:40:58,218.9,50,55800
20240202,11:41:01,219.05,100,55800
20240202,11:41:03,218.6,100,55800
20240202,11:41:14,220.0,500,55800
20240202,11:41:19,219.6,50,55800
20240202,11:41:21,220.0,50,55800
20240202,11:41:23,220.0,100,55800
20240202,11:41:26,219.4,100,55800
20240202,11:41:28,219.15,100,55800
20240202,11:41:29,220.0,1800,55800
20240202,11:41:31,219.05,50,55800
20240202,11:41:33,219.95,150,62750
20240202,11:41:36,219.5,1900,62750
20240202,11:41:40,218.6,100,62750
20240202,11:41:43,218.2,600,62750
20240202,11:41:45,218.85,800,62750
20240202,11:41:46,218.15,4750,62750
20240202,11:41:48,218.25,850,62750
20240202,11:41:56,218.85,50,62750
20240202,11:42:00,219.0,1400,62750
20240202,11:42:01,219.0,350,62750
20240202,11:42:03,218.25,150,62750
20240202,11:42:05,218.4,50,62750
20240202,11:42:08,217.25,500,62750
20240202,11:42:13,217.2,500,62750
20240202,11:42:15,217.2,50,62750
20240202,11:42:16,217.0,400,62750
20240202,11:42:18,215.95,5900,62750
20240202,11:42:20,217.2,50,62750
20240202,11:42:21,218.0,100,62750
20240202,11:42:25,217.05,100,62750
20240202,11:42:26,218.3,500,62750
20240202,11:42:28,217.8,50,62750
20240202,11:42:30,217.9,50,62750
20240202,11:42:31,217.9,100,62750
20240202,11:42:33,218.2,1800,62750
20240202,11:42:35,217.8,50,62750
20240202,11:42:36,218.4,1150,62750
20240202,11:42:38,217.9,200,62750
20240202,11:42:40,218.25,100,62750
20240202,11:42:50,219.1,100,62750
20240202,11:42:51,219.8,50,62750
20240202,11:42:55,219.55,50,62750
20240202,11:42:56,220.95,50,62750
20240202,11:43:01,219.95,250,62750
20240202,11:43:03,220.25,150,62750
20240202,11:43:05,220.9,500,62750
20240202,11:43:06,220.9,200,62750
20240202,11:43:08,220.5,50,62750
20240202,11:43:10,219.8,150,62750
20240202,11:43:11,220.5,650,62750
20240202,11:43:13,220.0,600,62750
20240202,11:43:15,220.2,550,62750
20240202,11:43:16,220.65,200,62750
20240202,11:43:18,219.7,850,62750
20240202,11:43:21,220.85,150,62750
20240202,11:43:23,221.0,400,62750
20240202,11:43:26,221.5,50,62750
20240202,11:43:28,220.2,900,62750
20240202,11:43:30,219.7,550,62750
20240202,11:43:35,221.25,550,62750
20240202,11:43:36,220.8,250,62750
20240202,11:43:40,220.65,500,62750
20240202,11:43:41,222.45,50,62750
20240202,11:43:43,220.95,50,62750
20240202,11:43:45,222.05,50,62750
20240202,11:43:46,221.9,50,62750
20240202,11:43:48,222.6,700,62750
20240202,11:43:50,222.85,300,62750
20240202,11:43:51,222.3,400,62750
20240202,11:43:53,223.45,750,62750
20240202,11:43:55,222.7,250,62750
20240202,11:43:56,222.0,200,62750
20240202,11:43:58,220.9,100,62750
20240202,11:44:00,222.1,50,62750
20240202,11:44:01,221.3,450,62750
20240202,11:44:03,221.9,150,62750
20240202,11:44:04,220.55,100,62750
20240202,11:44:06,221.4,1000,62750
20240202,11:44:11,222.15,250,62750
20240202,11:44:14,222.05,450,62750
20240202,11:44:16,221.3,550,62750
20240202,11:44:23,222.3,50,62750
20240202,11:44:26,223.05,50,62750
20240202,11:44:28,222.8,450,62750
20240202,11:44:31,224.0,500,62750
20240202,11:44:34,224.0,650,80150
20240202,11:44:36,223.85,750,80150
20240202,11:44:38,223.0,100,80150
20240202,11:44:39,222.85,250,80150
20240202,11:44:41,223.75,550,80150
20240202,11:44:43,223.75,350,80150
20240202,11:44:44,223.75,50,80150
20240202,11:44:48,223.4,150,80150
20240202,11:44:49,224.8,50,80150
20240202,11:44:51,224.05,1700,80150
20240202,11:44:53,223.0,1500,80150
20240202,11:44:56,223.75,100,80150
20240202,11:44:58,223.55,350,80150
20240202,11:44:59,223.9,200,80150
20240202,11:45:01,223.3,450,80150
20240202,11:45:04,224.65,950,80150
20240202,11:45:06,224.1,300,80150
20240202,11:45:08,223.25,350,80150
20240202,11:45:09,223.3,1300,80150
20240202,11:45:11,223.3,550,80150
20240202,11:45:14,223.0,200,80150
20240202,11:45:18,224.75,100,80150
20240202,11:45:19,225.35,50,80150
20240202,11:45:23,225.95,600,80150
20240202,11:45:24,225.05,50,80150
20240202,11:45:26,226.05,50,80150
20240202,11:45:31,225.5,600,80150
20240202,11:45:34,225.0,50,80150
20240202,11:45:38,225.35,50,80150
20240202,11:45:43,225.9,100,80150
20240202,11:45:44,225.0,150,80150
20240202,11:45:48,225.0,100,80150
20240202,11:45:51,226.1,350,80150
20240202,11:45:53,225.75,50,80150
20240202,11:45:54,226.15,50,80150
20240202,11:45:56,225.9,100,80150
20240202,11:45:58,225.85,50,80150
20240202,11:45:59,226.35,100,80150
20240202,11:46:01,226.05,150,80150
20240202,11:46:03,226.45,100,80150
20240202,11:46:04,226.6,250,80150
20240202,11:46:08,226.15,50,80150
20240202,11:46:09,226.9,100,80150
20240202,11:46:11,226.35,200,80150
20240202,11:46:16,226.6,100,80150
20240202,11:46:21,227.4,50,80150
20240202,11:46:23,227.4,50,80150
20240202,11:46:24,226.6,50,80150
20240202,11:46:28,227.0,50,80150
20240202,11:46:29,227.0,50,80150
20240202,11:46:33,225.05,50,80150
20240202,11:46:34,226.15,1000,80150
20240202,11:46:36,226.0,100,80150
20240202,11:46:43,225.0,250,80150
20240202,11:46:44,225.0,300,80150
20240202,11:46:46,224.3,400,80150
20240202,11:46:49,225.3,50,80150
20240202,11:46:51,224.85,100,80150
20240202,11:46:54,224.45,50,80150
20240202,11:46:58,223.4,500,80150
20240202,11:47:01,223.7,100,80150
20240202,11:47:05,223.0,1400,80150
20240202,11:47:13,223.0,100,80150
20240202,11:47:21,223.0,200,80150
20240202,11:47:23,223.3,50,80150
20240202,11:47:30,223.9,50,80150
20240202,11:47:31,224.0,50,80150
20240202,11:47:33,224.15,300,80150
20240202,11:47:36,223.15,100,86200
20240202,11:47:38,222.6,150,86200
20240202,11:47:40,222.5,200,86200
20240202,11:47:45,222.35,50,86200
20240202,11:47:48,222.0,50,86200
20240202,11:47:53,222.8,50,86200
20240202,11:47:56,221.1,550,86200
20240202,11:47:58,222.4,50,86200
20240202,11:48:03,222.35,50,86200
20240202,11:48:05,223.7,1000,86200
20240202,11:48:12,223.4,150,86200
20240202,11:48:15,223.05,100,86200
20240202,11:48:17,223.3,50,86200
20240202,11:48:18,222.9,100,86200
20240202,11:48:26,224.0,50,86200
20240202,11:48:30,224.2,100,86200
20240202,11:48:31,223.3,250,86200
20240202,11:48:33,223.85,200,86200
20240202,11:48:35,222.6,100,86200
20240202,11:48:38,223.0,50,86200
20240202,11:48:43,224.0,150,86200
20240202,11:48:59,225.6,500,86200
20240202,11:49:01,225.4,250,86200
20240202,11:49:04,225.9,200,86200
20240202,11:49:08,225.6,50,86200
20240202,11:49:14,225.1,50,86200
20240202,11:49:16,225.6,50,86200
20240202,11:49:19,225.9,150,86200
20240202,11:49:21,226.8,750,86200
20240202,11:49:29,227.25,50,86200
20240202,11:49:31,225.6,100,86200
20240202,11:49:34,228.45,2050,86200
20240202,11:49:39,227.45,300,86200
20240202,11:49:44,227.4,2050,86200
20240202,11:49:46,226.25,150,86200
20240202,11:49:48,227.0,50,86200
20240202,11:49:54,228.0,150,86200
20240202,11:49:58,227.0,700,86200
20240202,11:49:59,227.0,50,86200
20240202,11:50:03,228.5,150,86200
20240202,11:50:05,228.6,150,86200
20240202,11:50:13,228.9,50,86200
20240202,11:50:15,226.5,300,86200
20240202,11:50:16,227.75,450,86200
20240202,11:50:18,227.7,200,86200
20240202,11:50:21,227.25,50,86200
20240202,11:50:23,226.0,50,86200
20240202,11:50:27,225.05,100,86200
20240202,11:50:28,225.0,550,86200
20240202,11:50:30,224.6,550,86200
20240202,11:50:32,225.15,550,86200
20240202,11:50:37,226.05,450,90700
20240202,11:50:42,225.9,50,90700
20240202,11:50:45,224.7,1800,90700
20240202,11:50:48,224.4,1800,90700
20240202,11:50:53,224.4,1900,90700
20240202,11:51:03,225.9,100,90700
20240202,11:51:08,226.0,50,90700
20240202,11:51:18,227.55,50,90700
20240202,11:51:22,226.8,200,90700
20240202,11:51:23,226.85,250,90700
20240202,11:51:25,227.45,50,90700
20240202,11:51:30,226.55,100,90700
20240202,11:51:33,225.6,50,90700
20240202,11:51:37,225.55,900,90700
20240202,11:51:48,224.85,250,90700
20240202,11:51:57,224.8,100,90700
20240202,11:51:58,224.85,50,90700
20240202,11:52:10,226.95,350,90700
20240202,11:52:18,228.0,50,90700
20240202,11:52:20,228.1,250,90700
20240202,11:52:23,227.25,100,90700
20240202,11:52:31,225.0,100,90700
20240202,11:52:47,225.0,50,90700
20240202,11:53:02,227.0,800,90700
20240202,11:53:03,226.25,50,90700
20240202,11:53:10,227.6,50,90700
20240202,11:53:13,227.0,50,90700
20240202,11:53:33,228.0,300,90700
20240202,11:53:35,227.55,100,94500
20240202,11:53:36,228.0,200,94500
20240202,11:53:38,228.65,50,94500
20240202,11:53:41,228.9,150,94500
20240202,11:53:43,228.95,2000,94500
20240202,11:53:51,228.9,150,94500
20240202,11:53:53,228.95,50,94500
20240202,11:53:56,228.3,100,94500
20240202,11:53:58,229.0,1750,94500
20240202,11:54:00,228.55,300,94500
20240202,11:54:01,228.35,50,94500
20240202,11:54:03,227.9,350,94500
20240202,11:54:05,227.05,150,94500
20240202,11:54:10,227.25,100,94500
20240202,11:54:12,225.8,100,94500
20240202,11:54:15,225.5,50,94500
20240202,11:54:18,224.85,50,94500
20240202,11:54:22,226.2,150,94500
20240202,11:54:27,226.75,50,94500
20240202,11:54:28,226.35,50,94500
20240202,11:54:55,225.05,450,94500
20240202,11:54:57,224.85,50,94500
20240202,11:55:06,224.85,50,94500
20240202,11:55:13,224.9,100,94500
20240202,11:55:36,226.15,300,94500
20240202,11:55:38,226.1,50,94500
20240202,11:55:46,225.35,50,94500
20240202,11:55:51,225.0,50,94500
20240202,11:56:00,224.35,200,94500
20240202,11:56:03,223.6,450,94500
20240202,11:56:05,222.65,200,94500
20240202,11:56:16,222.5,250,94500
20240202,11:56:21,222.0,400,94500
20240202,11:56:28,221.9,900,94500
20240202,11:56:30,222.0,650,94500
20240202,11:56:31,222.15,50,94500
20240202,11:56:38,221.35,50,94650
20240202,11:56:40,221.05,300,94650
20240202,11:56:48,221.75,100,94650
20240202,11:56:50,221.3,50,94650
20240202,11:56:51,221.75,50,94650
20240202,11:56:55,220.2,700,94650
20240202,11:57:05,220.9,100,94650
20240202,11:57:13,221.75,100,94650
20240202,11:57:21,220.9,50,94650
20240202,11:57:23,221.15,200,94650
20240202,11:57:25,222.1,100,94650
20240202,11:57:26,222.1,200,94650
20240202,11:57:30,220.9,50,94650
20240202,11:57:31,220.85,100,94650
20240202,11:57:36,220.0,1300,94650
20240202,11:57:38,219.5,50,94650
20240202,11:57:45,218.75,50,94650
20240202,11:57:46,218.5,350,94650
20240202,11:57:48,217.55,650,94650
20240202,11:57:51,216.75,100,94650
20240202,11:57:53,217.0,50,94650
20240202,11:58:00,218.15,100,94650
20240202,11:58:01,219.0,600,94650
20240202,11:58:03,218.05,150,94650
20240202,11:58:05,217.7,100,94650
20240202,11:58:06,218.3,100,94650
20240202,11:58:13,218.0,50,94650
20240202,11:58:15,217.65,50,94650
20240202,11:58:20,217.35,500,94650
20240202,11:58:21,217.55,400,94650
20240202,11:58:23,217.4,150,94650
20240202,11:58:35,218.75,500,94650
20240202,11:59:03,219.3,50,94650
20240202,11:59:08,219.45,150,94650
20240202,11:59:10,218.0,900,94650
20240202,11:59:11,218.15,50,94650
20240202,11:59:17,217.45,450,94650
20240202,11:59:18,218.1,200,94650
20240202,11:59:20,218.45,800,94650
20240202,11:59:25,218.1,50,94650
20240202,11:59:27,217.3,50,94650
20240202,11:59:32,216.85,50,94650
20240202,11:59:43,218.15,800,97200
20240202,11:59:48,218.35,150,97200
20240202,11:59:50,218.35,50,97200
20240202,11:59:52,216.0,3650,97200
20240202,11:59:57,216.05,50,97200
20240202,11:59:58,216.7,50,97200
20240202,12:00:00,217.0,50,97200
20240202,12:00:04,215.0,700,97200
20240202,12:00:05,214.65,100,97200
20240202,12:00:07,214.2,150,97200
20240202,12:00:09,214.2,100,97200
20240202,12:00:14,214.2,100,97200
20240202,12:00:17,215.4,50,97200
20240202,12:00:19,214.95,50,97200
20240202,12:00:20,214.95,50,97200
20240202,12:00:22,215.0,100,97200
20240202,12:00:25,214.1,50,97200
20240202,12:00:29,214.1,50,97200
20240202,12:00:32,214.1,1300,97200
20240202,12:00:34,214.1,200,97200
20240202,12:00:37,214.1,50,97200
20240202,12:00:39,214.35,350,97200
20240202,12:00:42,214.2,50,97200
20240202,12:00:44,214.9,50,97200
20240202,12:00:47,213.1,50,97200
20240202,12:00:50,213.1,50,97200
20240202,12:00:52,213.0,50,97200
20240202,12:00:55,213.0,50,97200
20240202,12:00:59,213.35,50,97200
20240202,12:01:00,214.0,100,97200
20240202,12:01:03,213.85,50,97200
20240202,12:01:10,213.85,50,97200
20240202,12:01:15,212.85,50,97200
20240202,12:01:20,212.15,250,97200
20240202,12:01:30,212.15,50,97200
20240202,12:01:32,212.05,700,97200
20240202,12:01:35,212.9,100,97200
20240202,12:01:40,213.1,1800,97200
20240202,12:01:44,213.65,1800,97200
20240202,12:01:47,214.4,1000,97200
20240202,12:01:49,214.45,200,97200
20240202,12:01:50,214.15,50,97200
20240202,12:02:00,213.9,100,97200
20240202,12:02:03,214.35,100,97200
20240202,12:02:05,214.25,50,97200
20240202,12:02:10,214.1,150,97200
20240202,12:02:12,213.45,50,97200
20240202,12:02:22,212.6,200,97200
20240202,12:02:28,212.6,200,97200
20240202,12:02:30,212.3,50,97200
20240202,12:02:33,212.9,100,97200
20240202,12:02:35,212.35,100,97200
20240202,12:02:43,213.35,300,100950
20240202,12:02:52,212.85,50,100950
20240202,12:02:57,213.8,200,100950
20240202,12:02:58,213.5,300,100950
20240202,12:03:10,215.0,250,100950
20240202,12:03:12,215.2,300,100950
20240202,12:03:13,215.0,200,100950
20240202,12:03:22,214.95,50,100950
20240202,12:03:27,215.0,250,100950
20240202,12:03:30,214.95,50,100950
20240202,12:03:33,213.5,50,100950
20240202,12:03:38,213.0,200,100950
20240202,12:03:58,213.5,250,100950
20240202,12:04:02,213.8,50,100950
20240202,12:04:03,214.45,400,100950
20240202,12:04:05,214.1,150,100950
20240202,12:04:08,214.3,50,100950
20240202,12:04:10,214.8,50,100950
20240202,12:04:15,214.9,50,100950
20240202,12:04:18,215.0,500,100950
20240202,12:04:20,214.95,250,100950
20240202,12:04:25,214.1,150,100950
20240202,12:04:27,213.5,900,100950
20240202,12:04:37,213.1,100,100950
20240202,12:04:38,213.1,50,100950
20240202,12:04:40,213.05,100,100950
20240202,12:04:42,213.4,100,100950
20240202,12:04:47,214.3,500,100950
20240202,12:04:50,213.6,50,100950
20240202,12:04:55,214.4,50,100950
20240202,12:05:00,214.9,150,100950
20240202,12:05:10,215.25,50,100950
20240202,12:05:15,217.4,50,100950
20240202,12:05:17,216.15,100,100950
20240202,12:05:20,217.4,500,100950
20240202,12:05:23,215.85,300,100950
20240202,12:05:25,215.45,50,100950
20240202,12:05:27,215.55,500,100950
20240202,12:05:28,215.15,150,100950
20240202,12:05:32,214.75,50,100950
20240202,12:05:37,215.6,600,103250
20240202,12:05:38,215.9,350,103250
20240202,12:05:40,215.6,250,103250
20240202,12:05:53,217.15,100,103250
20240202,12:05:57,217.15,50,103250
20240202,12:05:58,216.65,50,103250
20240202,12:06:02,217.4,100,103250
20240202,12:06:08,215.25,450,103250
20240202,12:06:12,216.75,50,103250
20240202,12:06:15,217.0,350,103250
20240202,12:06:17,217.0,1000,103250
20240202,12:06:20,217.4,900,103250
20240202,12:06:42,220.45,300,103250
20240202,12:06:47,220.45,600,103250
20240202,12:06:52,220.7,50,103250
20240202,12:06:53,220.0,100,103250
20240202,12:07:00,220.9,50,103250
20240202,12:07:02,221.9,700,103250
20240202,12:07:07,222.0,50,103250
20240202,12:07:08,221.9,50,103250
20240202,12:07:18,221.25,50,103250
20240202,12:07:25,220.75,50,103250
20240202,12:07:27,220.75,950,103250
20240202,12:07:32,221.7,150,103250
20240202,12:07:33,222.0,50,103250
20240202,12:07:40,222.65,50,103250
20240202,12:07:50,223.0,800,103250
20240202,12:07:55,224.0,100,103250
20240202,12:07:58,224.3,50,103250
20240202,12:08:00,222.75,350,103250
20240202,12:08:02,222.55,50,103250
20240202,12:08:05,223.0,250,103250
20240202,12:08:15,222.8,300,103250
20240202,12:08:22,223.8,50,103250
20240202,12:08:25,223.5,1850,103250
20240202,12:08:33,222.25,1800,103250
20240202,12:08:38,222.2,100,104200
20240202,12:08:43,223.55,1400,104200
20240202,12:08:45,223.7,250,104200
20240202,12:08:55,222.75,250,104200
20240202,12:09:06,221.85,150,104200
20240202,12:09:16,222.1,50,104200
20240202,12:09:19,222.5,50,104200
20240202,12:09:24,223.4,100,104200
20240202,12:09:27,223.4,400,104200
20240202,12:09:34,224.4,150,104200
20240202,12:09:47,222.95,150,104200
20240202,12:09:51,223.1,50,104200
20240202,12:09:52,223.55,50,104200
20240202,12:10:04,222.9,100,104200
20240202,12:10:20,224.3,300,104200
20240202,12:10:36,223.3,50,104200
20240202,12:10:37,223.35,50,104200
20240202,12:10:44,223.25,100,104200
20240202,12:10:46,223.2,50,104200
20240202,12:10:49,223.25,250,104200
20240202,12:10:51,222.35,50,104200
20240202,12:10:57,221.0,1700,104200
20240202,12:10:59,220.75,100,104200
20240202,12:11:01,220.55,1400,104200
20240202,12:11:03,220.85,200,104200
20240202,12:11:08,221.0,50,104200
20240202,12:11:23,221.0,50,104200
20240202,12:11:25,221.65,100,104200
20240202,12:11:27,222.5,100,104200
20240202,12:11:28,223.2,250,104200
20240202,12:11:30,223.3,100,104200
20240202,12:11:32,223.55,150,104200
20240202,12:11:35,223.65,50,104200
20240202,12:11:42,223.9,50,106750
20240202,12:11:43,225.0,800,106750
20240202,12:11:52,224.95,300,106750
20240202,12:11:53,224.3,400,106750
20240202,12:11:57,224.2,50,106750
20240202,12:12:10,224.45,50,106750
20240202,12:12:24,224.45,50,106750
20240202,12:12:25,224.45,50,106750
20240202,12:12:29,225.0,200,106750
20240202,12:12:30,225.1,150,106750
20240202,12:12:47,224.45,50,106750
20240202,12:12:49,223.65,50,106750
20240202,12:12:52,224.45,50,106750
20240202,12:12:57,224.9,100,106750
20240202,12:13:02,224.9,150,106750
20240202,12:13:07,226.95,250,106750
20240202,12:13:09,226.5,650,106750
20240202,12:13:17,224.85,100,106750
20240202,12:13:20,225.95,200,106750
20240202,12:13:25,225.4,50,106750
20240202,12:13:30,225.95,50,106750
20240202,12:13:34,225.95,900,106750
20240202,12:13:35,225.95,250,106750
20240202,12:13:37,225.95,100,106750
20240202,12:13:44,226.45,250,106750
20240202,12:13:45,226.25,500,106750
20240202,12:13:50,226.3,100,106750
20240202,12:14:00,227.8,50,106750
20240202,12:14:04,229.05,250,106750
20240202,12:14:05,229.0,1800,106750
20240202,12:14:07,228.4,50,106750
20240202,12:14:10,228.8,350,106750
20240202,12:14:14,228.0,150,106750
20240202,12:14:17,228.25,150,106750
20240202,12:14:19,228.15,250,106750
20240202,12:14:24,228.8,50,106750
20240202,12:14:29,226.95,50,106750
20240202,12:14:30,227.0,50,106750
20240202,12:14:40,227.45,200,106300
20240202,12:14:49,225.0,50,106300
20240202,12:14:54,225.75,50,106300
20240202,12:14:56,225.75,50,106300
20240202,12:15:04,228.0,250,106300
20240202,12:15:07,227.95,100,106300
20240202,12:15:27,228.6,50,106300
20240202,12:15:29,227.95,1000,106300
20240202,12:15:34,226.8,250,106300
20240202,12:15:35,226.25,100,106300
20240202,12:15:42,226.6,50,106300
20240202,12:15:45,226.25,50,106300
20240202,12:15:49,225.6,100,106300
20240202,12:15:59,225.0,200,106300
20240202,12:16:02,226.1,50,106300
20240202,12:16:04,226.2,50,106300
20240202,12:16:11,225.85,50,106300
20240202,12:16:14,225.0,50,106300
20240202,12:16:19,224.85,100,106300
20240202,12:16:46,224.85,50,106300
20240202,12:16:49,224.5,300,106300
20240202,12:16:54,225.2,100,106300
20240202,12:17:07,226.3,50,106300
20240202,12:17:11,226.7,150,106300
20240202,12:17:26,225.5,50,106300
20240202,12:17:46,228.0,50,106300
20240202,12:17:49,227.45,200,107600
20240202,12:17:51,228.25,100,107600
20240202,12:17:54,226.7,250,107600
20240202,12:17:56,226.55,400,107600
20240202,12:17:57,226.7,100,107600
20240202,12:17:59,227.1,100,107600
20240202,12:18:02,227.5,250,107600
20240202,12:18:04,227.2,150,107600
20240202,12:18:06,226.3,550,107600
20240202,12:18:07,226.0,450,107600
20240202,12:18:09,226.0,50,107600
20240202,12:18:11,226.25,50,107600
20240202,12:18:12,226.1,50,107600
20240202,12:18:14,226.2,200,107600
20240202,12:18:17,227.05,500,107600
20240202,12:18:22,227.0,100,107600
20240202,12:18:34,225.8,350,107600
20240202,12:18:35,226.0,50,107600
20240202,12:18:42,226.05,200,107600
20240202,12:18:44,225.65,50,107600
20240202,12:18:45,225.05,50,107600
20240202,12:18:47,225.1,50,107600
20240202,12:18:49,225.4,550,107600
20240202,12:18:50,225.2,50,107600
20240202,12:18:52,225.0,500,107600
20240202,12:18:54,224.45,100,107600
20240202,12:18:55,223.9,150,107600
20240202,12:19:02,224.0,200,107600
20240202,12:19:04,223.95,50,107600
20240202,12:19:07,224.45,150,107600
20240202,12:19:14,225.15,50,107600
20240202,12:19:17,225.05,50,107600
20240202,12:19:22,227.0,50,107600
20240202,12:19:42,226.55,100,107600
20240202,12:20:09,225.8,250,107600
20240202,12:20:14,226.55,500,107600
20240202,12:20:20,226.8,50,107600
20240202,12:20:27,225.95,200,107600
20240202,12:20:28,225.0,50,107600
20240202,12:20:42,226.1,100,108400
20240202,12:20:50,226.15,100,108400
20240202,12:20:52,226.8,650,108400
20240202,12:20:53,227.4,100,108400
20240202,12:20:57,227.5,350,108400
20240202,12:20:58,227.85,100,108400
20240202,12:21:00,227.4,250,108400
20240202,12:21:13,228.0,50,108400
20240202,12:21:20,228.5,100,108400
20240202,12:21:25,228.95,100,108400
20240202,12:21:33,229.45,200,108400
20240202,12:21:43,230.0,1050,108400
20240202,12:22:03,228.45,50,108400
20240202,12:22:08,227.8,100,108400
20240202,12:22:10,227.95,150,108400
20240202,12:22:12,228.4,150,108400
20240202,12:22:13,227.8,100,108400
20240202,12:22:15,228.0,250,108400
20240202,12:22:17,228.1,100,108400
20240202,12:22:18,228.0,50,108400
20240202,12:22:20,228.0,50,108400
20240202,12:22:23,228.0,100,108400
20240202,12:22:38,228.0,150,108400
20240202,12:22:53,230.0,1900,108400
20240202,12:22:55,229.35,50,108400
20240202,12:22:58,230.75,100,108400
20240202,12:23:02,231.1,150,108400
20240202,12:23:03,231.4,250,108400
20240202,12:23:05,231.4,100,108400
20240202,12:23:23,229.8,50,108400
20240202,12:23:31,230.35,50,108400
20240202,12:23:40,230.9,50,105500
20240202,12:23:41,230.75,100,105500
20240202,12:23:55,231.4,550,105500
20240202,12:23:56,231.2,50,105500
20240202,12:24:03,230.2,50,105500
20240202,12:24:06,230.2,50,105500
20240202,12:24:13,229.8,50,105500
20240202,12:24:15,230.65,350,105500
20240202,12:24:16,230.55,100,105500
20240202,12:24:18,230.55,50,105500
20240202,12:24:23,232.0,300,105500
20240202,12:24:28,231.75,50,105500
20240202,12:24:30,233.2,550,105500
20240202,12:24:35,233.3,100,105500
20240202,12:24:36,234.0,50,105500
20240202,12:24:38,234.0,100,105500
20240202,12:24:40,234.25,250,105500
20240202,12:24:41,235.75,1650,105500
20240202,12:24:43,234.9,350,105500
20240202,12:24:45,235.3,400,105500
20240202,12:24:48,235.95,200,105500
20240202,12:24:50,237.0,250,105500
20240202,12:24:51,237.35,250,105500
20240202,12:24:53,235.9,50,105500
20240202,12:24:58,237.7,150,105500
20240202,12:25:00,238.2,350,105500
20240202,12:25:01,238.75,550,105500
20240202,12:25:03,239.25,1100,105500
20240202,12:25:04,238.95,1300,105500
20240202,12:25:06,237.0,200,105500
20240202,12:25:08,236.0,2350,105500
20240202,12:25:09,234.9,250,105500
20240202,12:25:14,235.2,250,105500
20240202,12:25:16,235.55,600,105500
20240202,12:25:19,235.0,2050,105500
20240202,12:25:21,235.15,50,105500
20240202,12:25:24,237.0,800,105500
20240202,12:25:26,236.2,200,105500
20240202,12:25:34,237.0,150,105500
20240202,12:25:39,236.15,350,105500
20240202,12:25:43,236.95,500,105500
20240202,12:25:46,235.2,1050,105500
20240202,12:25:50,235.45,50,105500
20240202,12:25:55,235.0,500,105500
20240202,12:25:58,235.65,100,105500
20240202,12:26:01,235.95,200,105500
20240202,12:26:05,236.0,150,105500
20240202,12:26:08,236.4,150,105500
20240202,12:26:11,237.3,150,105500
20240202,12:26:13,237.4,50,105500
20240202,12:26:15,235.75,100,105500
20240202,12:26:18,235.8,50,105500
20240202,12:26:20,235.85,50,105500
20240202,12:26:26,236.1,50,105500
20240202,12:26:28,236.85,150,105500
20240202,12:26:33,237.75,100,105500
20240202,12:26:36,236.9,50,105500
20240202,12:26:45,238.0,200,98900
20240202,12:26:50,238.0,600,98900
20240202,12:26:53,236.6,150,98900
20240202,12:27:00,236.05,1800,98900
20240202,12:27:05,236.85,50,98900
20240202,12:27:06,238.0,750,98900
20240202,12:27:08,238.35,150,98900
20240202,12:27:10,239.9,100,98900
20240202,12:27:11,240.0,150,98900
20240202,12:27:16,240.6,750,98900
20240202,12:27:18,241.0,100,98900
20240202,12:27:20,241.0,200,98900
20240202,12:27:21,243.0,1150,98900
20240202,12:27:25,244.55,450,98900
20240202,12:27:26,244.2,200,98900
20240202,12:27:28,245.0,650,98900
20240202,12:27:30,245.2,150,98900
20240202,12:27:31,245.55,300,98900
20240202,12:27:33,245.4,350,98900
20240202,12:27:35,245.2,350,98900
20240202,12:27:36,245.5,250,98900
20240202,12:27:38,245.6,100,98900
20240202,12:27:41,243.95,50,98900
20240202,12:27:43,243.25,50,98900
20240202,12:27:48,241.55,950,98900
20240202,12:27:50,241.25,150,98900
20240202,12:27:51,241.15,250,98900
20240202,12:27:58,241.0,250,98900
20240202,12:28:00,243.15,5850,98900
20240202,12:28:01,242.35,300,98900
20240202,12:28:03,243.9,750,98900
20240202,12:28:05,243.45,250,98900
20240202,12:28:08,243.9,150,98900
20240202,12:28:10,244.6,1350,98900
20240202,12:28:11,245.05,50,98900
20240202,12:28:13,245.9,200,98900
20240202,12:28:15,246.2,200,98900
20240202,12:28:16,246.75,150,98900
20240202,12:28:18,246.8,250,98900
20240202,12:28:23,248.3,550,98900
20240202,12:28:25,248.45,200,98900
20240202,12:28:26,247.35,300,98900
20240202,12:28:28,248.6,250,98900
20240202,12:28:30,249.0,50,98900
20240202,12:28:31,249.1,750,98900
20240202,12:28:33,249.6,150,98900
20240202,12:28:35,250.0,100,98900
20240202,12:28:36,251.1,150,98900
20240202,12:28:38,250.55,350,98900
20240202,12:28:41,252.05,1150,98900
20240202,12:28:43,250.85,650,98900
20240202,12:28:45,252.75,700,98900
20240202,12:28:46,253.4,550,98900
20240202,12:28:51,254.65,200,98900
20240202,12:28:53,254.15,50,98900
20240202,12:28:55,253.05,850,98900
20240202,12:28:58,253.5,200,98900
20240202,12:29:00,253.15,450,98900
20240202,12:29:01,253.75,100,98900
20240202,12:29:03,255.0,1550,98900
20240202,12:29:05,257.4,200,98900
20240202,12:29:06,257.0,300,98900
20240202,12:29:08,257.2,150,98900
20240202,12:29:10,258.55,100,98900
20240202,12:29:11,259.85,350,98900
20240202,12:29:13,260.7,200,98900
20240202,12:29:15,262.3,300,98900
20240202,12:29:16,263.2,500,98900
20240202,12:29:18,264.1,1000,98900
20240202,12:29:20,265.0,1050,98900
20240202,12:29:21,265.85,350,98900
20240202,12:29:23,265.8,50,98900
20240202,12:29:25,265.65,650,98900
20240202,12:29:26,266.3,350,98900
20240202,12:29:28,263.9,150,98900
20240202,12:29:31,262.8,800,98900
20240202,12:29:33,263.85,150,98900
20240202,12:29:35,264.0,150,98900
20240202,12:29:36,263.35,150,98900
20240202,12:29:38,260.95,200,98900
20240202,12:29:41,263.0,50,85800
20240202,12:29:43,262.15,2250,85800
20240202,12:29:45,262.55,850,85800
20240202,12:29:46,262.6,300,85800
20240202,12:29:48,262.5,1200,85800
20240202,12:29:50,259.4,1050,85800
20240202,12:29:53,260.8,800,85800
20240202,12:29:56,262.0,50,85800
20240202,12:29:58,262.0,450,85800
20240202,12:30:00,262.55,250,85800
20240202,12:30:01,264.0,50,85800
20240202,12:30:05,267.8,100,85800
20240202,12:30:06,267.45,350,85800
20240202,12:30:08,268.8,450,85800
20240202,12:30:10,268.85,800,85800
20240202,12:30:12,268.4,1450,85800
20240202,12:30:13,270.0,600,85800
20240202,12:30:15,272.15,350,85800
20240202,12:30:17,272.95,150,85800
20240202,12:30:18,273.1,100,85800
20240202,12:30:20,274.4,300,85800
20240202,12:30:22,276.05,1600,85800
20240202,12:30:23,275.8,250,85800
20240202,12:30:25,277.95,550,85800
20240202,12:30:27,278.0,100,85800
20240202,12:30:28,277.75,850,85800
20240202,12:30:30,278.9,2100,85800
20240202,12:30:32,280.15,250,85800
20240202,12:30:33,282.65,100,85800
20240202,12:30:35,283.95,250,85800
20240202,12:30:37,284.95,500,85800
20240202,12:30:38,283.95,800,85800
20240202,12:30:40,284.5,1950,85800
20240202,12:30:42,283.85,550,85800
20240202,12:30:43,284.5,800,85800
20240202,12:30:45,283.0,2300,85800
20240202,12:30:47,278.7,2950,85800
20240202,12:30:48,277.35,100,85800
20240202,12:30:50,279.2,2300,85800
20240202,12:30:52,278.45,700,85800
20240202,12:30:53,279.35,200,85800
20240202,12:30:55,278.7,1900,85800
20240202,12:30:58,278.25,50,85800
20240202,12:31:00,276.6,100,85800
20240202,12:31:02,277.35,500,85800
20240202,12:31:03,278.25,200,85800
20240202,12:31:07,282.7,450,85800
20240202,12:31:08,283.9,100,85800
20240202,12:31:12,284.2,50,85800
20240202,12:31:13,286.0,100,85800
20240202,12:31:15,287.15,350,85800
20240202,12:31:17,287.4,200,85800
20240202,12:31:20,288.5,50,85800
20240202,12:31:25,287.6,1850,85800
20240202,12:31:30,288.35,600,85800
20240202,12:31:32,289.8,300,85800
20240202,12:31:33,291.25,1250,85800
20240202,12:31:35,292.25,650,85800
20240202,12:31:37,293.15,200,85800
20240202,12:31:38,295.7,2300,85800
20240202,12:31:42,297.6,1550,85800
20240202,12:31:43,298.75,700,85800
20240202,12:31:45,299.6,350,85800
20240202,12:31:47,297.8,600,85800
20240202,12:31:52,298.25,50,85800
20240202,12:31:53,300.0,500,85800
20240202,12:31:55,299.6,100,85800
20240202,12:31:57,300.5,500,85800
20240202,12:31:58,300.6,150,85800
20240202,12:32:00,300.25,1100,85800
20240202,12:32:02,301.4,100,85800
20240202,12:32:03,300.3,650,85800
20240202,12:32:07,300.05,450,85800
20240202,12:32:08,294.45,750,85800
20240202,12:32:10,288.8,1000,85800
20240202,12:32:12,288.95,350,85800
20240202,12:32:13,290.75,800,85800
20240202,12:32:15,287.95,50,85800
20240202,12:32:17,288.7,250,85800
20240202,12:32:18,290.9,700,85800
20240202,12:32:20,292.2,50,85800
20240202,12:32:23,288.65,250,85800
20240202,12:32:27,288.0,350,85800
20240202,12:32:28,286.65,650,85800
20240202,12:32:30,285.35,150,85800
20240202,12:32:33,286.25,2000,85800
20240202,12:32:37,288.05,700,85800
20240202,12:32:38,289.45,200,85800
20240202,12:32:40,292.4,950,69150
20240202,12:32:42,292.85,100,69150
20240202,12:32:43,294.45,100,69150
20240202,12:32:45,293.75,350,69150
20240202,12:32:47,295.3,1500,69150
20240202,12:32:50,296.35,50,69150
20240202,12:32:55,296.9,500,69150
20240202,12:32:57,296.9,1200,69150
20240202,12:33:02,293.55,150,69150
20240202,12:33:04,297.4,2500,69150
20240202,12:33:05,298.15,500,69150
20240202,12:33:07,298.35,250,69150
20240202,12:33:09,299.4,750,69150
20240202,12:33:10,297.5,900,69150
20240202,12:33:12,299.35,800,69150
20240202,12:33:14,301.2,1150,69150
20240202,12:33:17,295.9,600,69150
20240202,12:33:19,296.95,200,69150
20240202,12:33:20,297.85,400,69150
20240202,12:33:22,298.6,700,69150
20240202,12:33:24,298.15,500,69150
20240202,12:33:25,297.9,150,69150
20240202,12:33:35,295.3,100,69150
20240202,12:33:42,296.95,200,69150
20240202,12:33:45,293.9,100,69150
20240202,12:33:49,293.55,200,69150
20240202,12:33:50,288.8,1900,69150
20240202,12:33:52,287.4,750,69150
20240202,12:33:55,289.5,250,69150
20240202,12:33:59,288.0,250,69150
20240202,12:34:02,283.45,200,69150
20240202,12:34:04,285.15,100,69150
20240202,12:34:07,286.25,100,69150
20240202,12:34:09,285.75,100,69150
20240202,12:34:11,285.0,100,69150
20240202,12:34:14,282.05,250,69150
20240202,12:34:16,278.1,700,69150
20240202,12:34:17,278.05,400,69150
20240202,12:34:19,279.9,300,69150
20240202,12:34:22,280.65,50,69150
20240202,12:34:26,277.55,50,69150
20240202,12:34:27,275.7,400,69150
20240202,12:34:31,273.65,150,69150
20240202,12:34:36,276.7,250,69150
20240202,12:34:42,273.55,350,69150
20240202,12:34:44,274.5,100,69150
20240202,12:34:46,273.75,150,69150
20240202,12:34:52,272.9,100,69150
20240202,12:34:56,274.3,400,69150
20240202,12:34:59,276.55,250,69150
20240202,12:35:01,278.25,200,69150
20240202,12:35:02,280.15,650,69150
20240202,12:35:04,279.45,50,69150
20240202,12:35:07,283.8,900,69150
20240202,12:35:09,284.95,300,69150
20240202,12:35:10,283.7,850,69150
20240202,12:35:12,287.15,200,69150
20240202,12:35:14,289.4,800,69150
20240202,12:35:15,290.0,50,69150
20240202,12:35:20,297.0,300,69150
20240202,12:35:22,297.0,50,69150
20240202,12:35:24,300.0,1000,69150
20240202,12:35:25,301.55,50,69150
20240202,12:35:27,300.35,200,69150
20240202,12:35:30,300.2,300,69150
20240202,12:35:32,298.45,550,69150
20240202,12:35:37,300.0,50,69150
20240202,12:35:39,303.85,100,69150
20240202,12:35:42,305.0,100,64550
20240202,12:35:44,305.3,100,64550
20240202,12:35:45,306.85,300,64550
20240202,12:35:50,310.35,500,64550
20240202,12:35:52,310.9,600,64550
20240202,12:35:59,312.9,100,64550
20240202,12:36:00,313.3,50,64550
20240202,12:36:02,316.0,400,64550
20240202,12:36:04,320.95,2350,64550
20240202,12:36:05,319.45,350,64550
20240202,12:36:07,319.5,350,64550
20240202,12:36:09,319.75,2250,64550
20240202,12:36:10,322.85,2900,64550
20240202,12:36:12,321.65,800,64550
20240202,12:36:14,321.45,650,64550
20240202,12:36:15,322.25,550,64550
20240202,12:36:17,324.45,200,64550
20240202,12:36:19,324.6,450,64550
20240202,12:36:20,324.6,500,64550
20240202,12:36:22,325.2,350,64550
20240202,12:36:27,328.85,150,64550
20240202,12:36:29,326.55,50,64550
20240202,12:36:30,322.4,100,64550
20240202,12:36:32,320.1,500,64550
20240202,12:36:34,321.45,400,64550
20240202,12:36:35,321.7,150,64550
20240202,12:36:39,322.1,700,64550
20240202,12:36:42,319.65,200,64550
20240202,12:36:47,315.9,100,64550
20240202,12:36:49,317.65,50,64550
20240202,12:36:52,313.75,50,64550
20240202,12:36:54,312.5,500,64550
20240202,12:36:55,311.75,50,64550
20240202,12:36:59,310.6,350,64550
20240202,12:37:02,311.9,150,64550
20240202,12:37:04,311.8,50,64550
20240202,12:37:12,315.45,50,64550
20240202,12:37:14,312.95,650,64550
20240202,12:37:15,311.95,50,64550
20240202,12:37:17,312.5,100,64550
20240202,12:37:19,310.9,100,64550
20240202,12:37:22,314.7,200,64550
20240202,12:37:24,313.45,500,64550
20240202,12:37:25,314.6,50,64550
20240202,12:37:27,313.25,50,64550
20240202,12:37:29,312.0,50,64550
20240202,12:37:30,309.8,100,64550
20240202,12:37:32,305.5,300,64550
20240202,12:37:34,306.15,150,64550
20240202,12:37:39,309.35,50,64550
20240202,12:37:42,306.4,450,64550
20240202,12:37:44,306.7,100,64550
20240202,12:37:47,306.9,50,64550
20240202,12:37:49,306.2,150,64550
20240202,12:37:50,306.65,50,64550
20240202,12:37:54,308.3,250,64550
20240202,12:37:57,308.45,50,64550
20240202,12:37:59,305.45,50,64550
20240202,12:38:04,302.15,800,64550
20240202,12:38:07,305.7,600,64550
20240202,12:38:09,305.3,550,64550
20240202,12:38:10,304.95,50,64550
20240202,12:38:12,300.25,500,64550
20240202,12:38:14,300.0,450,64550
20240202,12:38:15,297.7,50,64550
20240202,12:38:17,298.05,150,64550
20240202,12:38:19,297.4,100,64550
20240202,12:38:20,298.95,200,64550
20240202,12:38:22,298.35,1250,64550
20240202,12:38:24,298.45,100,64550
20240202,12:38:25,302.0,1300,64550
20240202,12:38:27,302.15,100,64550
20240202,12:38:32,298.45,50,64550
20240202,12:38:39,297.1,50,64550
20240202,12:38:40,299.55,50,64550
20240202,12:38:42,300.1,650,58500
20240202,12:38:45,300.1,100,58500
20240202,12:38:47,303.45,150,58500
20240202,12:38:54,303.1,50,58500
20240202,12:38:55,302.55,50,58500
20240202,12:39:00,300.1,550,58500
20240202,12:39:04,299.9,50,58500
20240202,12:39:14,300.0,50,58500
20240202,12:39:15,301.3,1100,58500
20240202,12:39:17,300.75,650,58500
20240202,12:39:19,305.0,100,58500
20240202,12:39:20,305.2,250,58500
20240202,12:39:22,307.2,850,58500
20240202,12:39:25,306.95,50,58500
20240202,12:39:27,306.75,700,58500
20240202,12:39:30,305.35,50,58500
20240202,12:39:42,299.85,150,58500
20240202,12:39:54,296.4,50,58500
20240202,12:39:55,294.9,200,58500
20240202,12:39:59,292.85,100,58500
20240202,12:40:02,287.65,450,58500
20240202,12:40:05,291.6,150,58500
20240202,12:40:09,294.0,500,58500
20240202,12:40:10,287.15,100,58500
20240202,12:40:12,286.3,250,58500
20240202,12:40:14,285.45,50,58500
20240202,12:40:15,283.7,100,58500
20240202,12:40:19,282.2,400,58500
20240202,12:40:20,285.6,500,58500
20240202,12:40:22,286.25,50,58500
20240202,12:40:24,284.0,500,58500
20240202,12:40:27,283.45,100,58500
20240202,12:40:29,284.25,150,58500
20240202,12:40:30,283.8,100,58500
20240202,12:40:32,284.4,400,58500
20240202,12:40:34,286.9,950,58500
20240202,12:40:35,284.4,1150,58500
20240202,12:40:40,282.75,100,58500
20240202,12:40:42,282.05,850,58500
20240202,12:40:49,278.55,50,58500
20240202,12:40:50,282.1,250,58500
20240202,12:40:54,282.0,650,58500
20240202,12:40:55,282.75,50,58500
20240202,12:40:57,280.05,50,58500
20240202,12:41:00,282.0,350,58500
20240202,12:41:02,285.1,500,58500
20240202,12:41:04,283.5,100,58500
20240202,12:41:09,286.0,50,58500
20240202,12:41:26,290.0,50,58500
20240202,12:41:29,288.65,150,58500
20240202,12:41:31,291.0,100,58500
20240202,12:41:32,290.5,50,58500
20240202,12:41:34,289.7,400,58500
20240202,12:41:37,287.8,50,58500
20240202,12:41:42,290.65,1100,53500
20240202,12:41:44,290.25,100,53500
20240202,12:41:46,289.55,50,53500
20240202,12:41:52,287.65,350,53500
20240202,12:41:56,288.75,50,53500
20240202,12:42:01,287.25,150,53500
20240202,12:42:14,297.0,50,53500
20240202,12:42:16,296.7,200,53500
20240202,12:42:21,299.75,550,53500
20240202,12:42:22,297.15,250,53500
20240202,12:42:24,297.75,350,53500
20240202,12:42:26,297.15,150,53500
20240202,12:42:29,295.6,50,53500
20240202,12:42:31,295.0,1000,53500
20240202,12:42:34,289.75,350,53500
20240202,12:42:39,290.5,50,53500
20240202,12:42:42,292.4,50,53500
20240202,12:42:51,290.3,500,53500
20240202,12:43:02,292.25,50,53500
20240202,12:43:09,287.8,50,53500
20240202,12:43:11,290.0,1800,53500
20240202,12:43:12,290.75,50,53500
20240202,12:43:19,289.85,50,53500
20240202,12:43:29,287.55,50,53500
20240202,12:43:32,286.0,600,53500
20240202,12:43:42,289.4,50,53500
20240202,12:43:54,292.0,50,53500
20240202,12:44:22,288.5,200,53500
20240202,12:44:29,291.1,50,53500
20240202,12:44:49,283.7,50,56650
20240202,12:45:14,284.5,100,56650
20240202,12:45:16,284.15,250,56650
20240202,12:45:17,286.05,200,56650
20240202,12:45:21,287.75,50,56650
20240202,12:45:37,285.2,50,56650
20240202,12:46:01,288.05,300,56650
20240202,12:46:07,286.35,50,56650
20240202,12:46:14,286.25,600,56650
20240202,12:46:27,291.1,50,56650
20240202,12:46:34,292.45,50,56650
20240202,12:46:36,293.0,50,56650
20240202,12:46:44,295.9,100,56650
20240202,12:46:54,294.75,250,56650
20240202,12:47:01,296.05,300,56650
20240202,12:47:09,299.25,150,56650
20240202,12:47:11,299.9,1800,56650
20240202,12:47:31,295.3,50,56650
20240202,12:47:36,294.5,50,56650
20240202,12:47:49,301.0,50,54900
20240202,12:47:56,302.0,50,54900
20240202,12:48:06,301.5,50,54900
20240202,12:48:16,302.6,50,54900
20240202,12:48:19,302.2,50,54900
20240202,12:48:27,308.6,50,54900
20240202,12:48:31,304.8,50,54900
20240202,12:48:32,305.65,250,54900
20240202,12:48:36,306.55,50,54900
20240202,12:48:37,305.85,150,54900
20240202,12:48:51,305.65,50,54900
20240202,12:48:52,306.4,150,54900
20240202,12:48:57,305.0,50,54900
20240202,12:48:59,304.1,400,54900
20240202,12:49:02,303.35,50,54900
20240202,12:49:06,303.0,50,54900
20240202,12:49:16,310.0,1100,54900
20240202,12:49:24,311.65,50,54900
20240202,12:49:26,310.85,50,54900
20240202,12:49:27,310.5,100,54900
20240202,12:49:36,305.3,50,54900
20240202,12:49:46,311.55,150,54900
20240202,12:49:58,309.1,50,54900
20240202,12:50:06,308.9,50,54900
20240202,12:50:14,312.15,50,54900
20240202,12:50:18,315.05,950,54900
20240202,12:50:21,313.45,100,54900
20240202,12:50:23,316.95,50,54900
20240202,12:50:24,317.0,50,54900
20240202,12:50:29,320.05,50,54900
20240202,12:50:33,321.6,50,54900
20240202,12:50:36,322.1,150,54900
20240202,12:50:41,317.45,300,54900
20240202,12:50:43,317.95,50,55150
20240202,12:50:44,318.1,50,55150
20240202,12:50:49,318.65,50,55150
20240202,12:50:54,315.95,300,55150
20240202,12:50:56,313.45,100,55150
20240202,12:50:59,312.25,50,55150
20240202,12:51:03,310.7,150,55150
20240202,12:51:06,308.85,2900,55150
20240202,12:51:08,307.25,150,55150
20240202,12:51:14,308.65,100,55150
20240202,12:51:18,307.9,450,55150
20240202,12:51:28,303.2,50,55150
20240202,12:51:41,304.6,50,55150
20240202,12:51:44,304.15,50,55150
20240202,12:51:49,303.1,100,55150
20240202,12:51:51,299.75,600,55150
20240202,12:51:53,299.3,400,55150
20240202,12:52:06,298.8,450,55150
20240202,12:52:10,300.9,100,55150
20240202,12:52:11,301.4,100,55150
20240202,12:52:38,303.9,50,55150
20240202,12:52:46,302.25,200,55150
20240202,12:53:33,292.25,200,55150
20240202,12:53:40,294.7,250,55150
20240202,12:53:51,300.9,50,57500
20240202,12:54:05,296.2,100,57500
20240202,12:54:27,293.0,50,57500
20240202,12:55:00,297.05,50,57500
20240202,12:55:17,291.9,50,57500
20240202,12:55:22,293.05,300,57500
20240202,12:55:25,292.85,50,57500
20240202,12:55:28,294.3,50,57500
20240202,12:55:37,296.0,50,57500
20240202,12:55:43,294.75,150,57500
20240202,12:56:52,297.15,300,57050
20240202,12:56:57,296.1,100,57050
20240202,12:57:22,293.6,50,57050
20240202,12:58:38,296.6,600,57050
20240202,12:59:15,298.25,100,57050
20240202,12:59:28,300.75,250,57050
20240202,12:59:40,299.35,50,57050
20240202,13:00:06,306.5,300,56750
20240202,13:00:20,310.0,50,56750
20240202,13:00:28,309.2,300,56750
20240202,13:00:30,307.95,50,56750
20240202,13:00:41,305.05,250,56750
20240202,13:00:48,302.05,50,56750
20240202,13:01:03,301.75,100,56750
20240202,13:01:12,299.4,50,56750
20240202,13:01:45,299.4,50,56750
20240202,13:01:58,296.0,50,56750
20240202,13:02:13,298.0,1000,56750
20240202,13:02:50,294.45,50,57350
20240202,13:02:52,295.35,150,57350
20240202,13:02:58,293.45,300,57350
20240202,13:03:08,291.65,100,57350
20240202,13:03:12,290.0,1050,57350
20240202,13:04:02,291.35,50,57350
20240202,13:04:05,290.0,50,57350
20240202,13:04:28,291.75,150,57350
20240202,13:05:28,294.65,50,57350
20240202,13:05:48,300.0,650,56800
20240202,13:05:52,300.0,50,56800
20240202,13:05:53,299.0,50,56800
20240202,13:06:04,299.3,100,56800
20240202,13:06:10,302.15,50,56800
20240202,13:06:25,299.4,50,56800
20240202,13:08:02,296.8,50,56800
20240202,13:08:54,296.15,50,56250
20240202,13:09:22,306.5,50,56250
20240202,13:09:27,303.95,1300,56250
20240202,13:09:29,303.15,100,56250
20240202,13:09:30,303.4,50,56250
20240202,13:09:40,307.75,300,56250
20240202,13:10:07,303.3,50,56250
20240202,13:10:21,299.25,1000,56250
20240202,13:10:54,298.3,50,56250
20240202,13:11:04,301.35,50,56250
20240202,13:11:12,305.0,100,56250
20240202,13:11:19,304.7,100,56250
20240202,13:11:24,304.85,50,56250
20240202,13:11:31,304.0,250,56250
20240202,13:11:32,304.15,50,56250
20240202,13:11:34,303.0,100,56250
20240202,13:11:36,304.8,100,56250
20240202,13:11:42,303.8,50,56250
20240202,13:12:02,305.65,50,56600
20240202,13:12:04,305.6,350,56600
20240202,13:12:09,311.8,150,56600
20240202,13:12:19,311.15,50,56600
20240202,13:12:32,310.85,50,56600
20240202,13:12:39,313.0,50,56600
20240202,13:12:44,308.6,600,56600
20240202,13:12:46,309.4,50,56600
20240202,13:12:56,309.0,50,56600
20240202,13:13:19,315.0,50,56600
20240202,13:13:31,311.1,250,56600
20240202,13:13:44,315.25,50,56600
20240202,13:13:54,319.75,50,56600
20240202,13:13:56,319.9,50,56600
20240202,13:14:01,318.85,100,56600
20240202,13:14:06,317.65,500,56600
20240202,13:14:07,318.55,50,56600
20240202,13:14:17,323.0,650,56600
20240202,13:14:21,322.65,400,56600
20240202,13:14:26,322.8,50,56600
20240202,13:14:27,321.2,50,56600
20240202,13:14:29,322.2,100,56600
20240202,13:14:31,322.65,50,56600
20240202,13:14:33,325.7,150,56600
20240202,13:14:41,327.3,50,56600
20240202,13:14:43,327.25,300,56600
20240202,13:14:58,325.8,450,57800
20240202,13:14:59,327.25,50,57800
20240202,13:15:01,329.5,50,57800
20240202,13:15:02,329.5,1150,57800
20240202,13:15:04,330.8,1000,57800
20240202,13:15:06,330.45,100,57800
20240202,13:15:14,335.7,50,57800
20240202,13:15:17,336.0,50,57800
20240202,13:15:19,336.6,50,57800
20240202,13:15:21,336.1,150,57800
20240202,13:15:26,337.05,350,57800
20240202,13:15:29,338.1,50,57800
20240202,13:15:31,337.35,150,57800
20240202,13:15:32,337.3,400,57800
20240202,13:15:34,339.75,1750,57800
20240202,13:15:36,338.85,700,57800
20240202,13:15:37,338.2,400,57800
20240202,13:15:41,342.0,500,57800
20240202,13:15:42,343.7,350,57800
20240202,13:15:46,343.7,50,57800
20240202,13:15:57,342.6,200,57800
20240202,13:16:01,341.15,50,57800
20240202,13:16:04,338.8,50,57800
20240202,13:16:05,341.8,50,57800
20240202,13:16:10,337.2,150,57800
20240202,13:16:27,331.7,100,57800
20240202,13:16:32,334.45,50,57800
20240202,13:16:34,333.2,150,57800
20240202,13:16:45,328.3,50,57800
20240202,13:16:50,328.95,700,57800
20240202,13:17:00,324.0,50,57800
20240202,13:17:09,324.0,50,57800
20240202,13:17:11,323.2,100,57800
20240202,13:17:24,328.2,150,57800
20240202,13:17:47,323.15,650,52850
20240202,13:17:56,324.0,350,52850
20240202,13:18:11,325.2,50,52850
20240202,13:18:16,327.55,400,52850
20240202,13:18:49,319.8,500,52850
20240202,13:19:02,322.95,100,52850
20240202,13:19:14,320.0,400,52850
20240202,13:19:23,322.3,50,52850
20240202,13:19:38,319.85,300,52850
20240202,13:19:44,321.0,100,52850
20240202,13:19:48,319.6,50,52850
20240202,13:19:56,320.75,50,52850
20240202,13:19:59,323.6,50,52850
20240202,13:20:06,326.1,200,52850
20240202,13:20:17,327.7,200,52850
20240202,13:21:03,333.0,100,51900
20240202,13:21:05,333.25,100,51900
20240202,13:21:10,333.5,50,51900
20240202,13:21:13,329.8,150,51900
20240202,13:21:18,327.7,50,51900
20240202,13:21:26,329.75,100,51900
20240202,13:21:28,331.6,300,51900
20240202,13:21:45,334.5,50,51900
20240202,13:21:48,335.0,50,51900
20240202,13:22:10,333.2,100,51900
20240202,13:22:20,335.0,150,51900
20240202,13:22:50,334.55,50,51900
20240202,13:23:03,328.75,200,51900
20240202,13:23:05,328.25,50,51900
20240202,13:24:40,341.35,100,52150
20240202,13:24:55,345.75,700,52150
20240202,13:25:12,345.75,50,52150
20240202,13:25:20,348.0,100,52150
20240202,13:25:40,349.0,50,52150
20240202,13:25:43,350.0,50,52150
20240202,13:25:50,351.0,50,52150
20240202,13:25:52,352.95,50,52150
20240202,13:25:58,359.0,50,52150
20240202,13:26:02,359.15,100,52150
20240202,13:26:03,355.45,200,52150
20240202,13:26:07,352.55,450,52150
20240202,13:26:20,348.3,150,52150
20240202,13:26:27,343.8,200,52150
20240202,13:27:02,342.85,100,51400
20240202,13:27:12,344.0,50,51400
20240202,13:27:32,348.2,50,51400
20240202,13:27:40,349.65,50,51400
20240202,13:27:52,350.75,50,51400
20240202,13:27:54,347.45,550,51400
20240202,13:27:55,346.25,1800,51400
20240202,13:27:57,345.2,150,51400
20240202,13:27:59,346.3,100,51400
20240202,13:28:00,343.9,1800,51400
20240202,13:28:05,344.7,1000,51400
20240202,13:28:17,343.6,200,51400
20240202,13:28:27,343.05,100,51400
20240202,13:28:37,337.6,1350,51400
20240202,13:28:54,338.3,150,51400
20240202,13:28:59,336.6,150,51400
20240202,13:29:05,331.85,50,51400
20240202,13:29:12,331.85,50,51400
20240202,13:29:13,331.85,50,51400
20240202,13:29:27,330.0,250,51400
20240202,13:29:28,330.1,350,51400
20240202,13:29:37,334.5,50,51400
20240202,13:29:38,334.1,200,51400
20240202,13:29:40,336.55,50,51400
20240202,13:29:45,334.1,250,51400
20240202,13:29:50,332.0,50,49450
20240202,13:30:12,335.0,50,49450
20240202,13:30:15,336.0,50,49450
20240202,13:30:39,332.55,200,49450
20240202,13:31:00,335.75,150,49450
20240202,13:31:55,345.2,50,49450
20240202,13:32:00,345.4,100,49450
20240202,13:32:13,346.65,50,49450
20240202,13:32:20,343.0,50,49450
20240202,13:32:23,344.4,100,49450
20240202,13:32:30,344.5,50,49450
20240202,13:32:33,346.65,50,49450
20240202,13:33:09,344.75,50,49450
20240202,13:33:15,343.1,50,49450
20240202,13:33:32,340.4,50,49450
20240202,13:33:42,343.65,50,49450
20240202,13:34:10,341.25,300,49450
20240202,13:34:17,339.15,500,49450
20240202,13:34:25,341.0,100,49450
20240202,13:34:47,337.1,50,49450
20240202,13:35:05,341.0,50,49450
20240202,13:35:47,331.7,50,49450
20240202,13:37:27,330.4,50,49850
20240202,13:37:39,326.7,50,49850
20240202,13:37:41,327.4,50,49850
20240202,13:37:46,325.4,50,49850
20240202,13:38:16,325.0,100,49850
20240202,13:38:19,325.0,150,49850
20240202,13:38:36,320.6,50,49850
20240202,13:38:42,320.45,50,49850
20240202,13:38:47,320.05,100,49850
20240202,13:39:04,323.95,50,49500
20240202,13:39:06,323.85,50,49500
20240202,13:39:11,323.55,50,49500
20240202,13:39:47,313.75,200,49500
20240202,13:40:29,322.9,50,49500
20240202,13:40:44,324.4,200,49500
20240202,13:40:57,324.45,200,49500
20240202,13:41:34,331.4,150,49500
20240202,13:42:26,323.95,200,49850
20240202,13:43:07,333.25,200,49850
20240202,13:43:14,332.8,150,49850
20240202,13:43:46,326.25,200,49850
20240202,13:44:03,326.55,100,49850
20240202,13:44:09,327.65,50,49850
20240202,13:44:43,329.65,50,49850
20240202,13:45:16,325.05,100,49850
20240202,13:46:08,323.4,50,49900
20240202,13:46:16,322.2,250,49900
20240202,13:46:18,320.55,50,49900
20240202,13:46:26,320.0,250,49900
20240202,13:46:28,320.0,250,49900
20240202,13:46:34,319.4,100,49900
20240202,13:46:36,320.45,50,49900
20240202,13:46:58,317.4,400,49900
20240202,13:47:17,318.6,100,49900
20240202,13:47:36,322.6,50,49900
20240202,13:48:25,322.0,150,50650
20240202,13:49:49,330.25,50,50650
20240202,13:50:37,329.05,50,50650
20240202,13:51:14,329.3,100,50800
20240202,13:51:34,330.9,50,50800
20240202,13:52:36,324.05,250,50800
20240202,13:52:39,324.2,50,50800
20240202,13:52:57,321.35,50,50800
20240202,13:53:36,319.9,50,50800
20240202,13:53:53,317.0,50,50900
20240202,13:54:01,316.9,450,50900
20240202,13:55:04,314.0,100,50900
20240202,13:55:07,313.0,250,50900
20240202,13:56:12,310.0,50,50900
20240202,13:56:18,309.7,150,50900
20240202,14:02:26,305.7,50,51000
20240202,14:03:45,308.85,50,51050
20240202,14:05:35,301.0,500,51050
20240202,14:05:45,300.0,50,51050
20240202,14:05:54,299.0,500,51550
20240202,14:06:27,303.25,150,51550
20240202,14:06:30,303.25,50,51550
20240202,14:06:33,302.15,50,51550
20240202,14:07:22,296.15,100,51550
20240202,14:08:22,300.85,100,51550
20240202,14:09:12,295.0,100,51500
20240202,14:09:14,293.3,200,51500
20240202,14:09:17,293.05,50,51500
20240202,14:09:22,292.85,600,51500
20240202,14:10:24,294.25,100,51500
20240202,14:10:33,297.75,1500,51500
20240202,14:10:47,298.0,500,51500
20240202,14:10:59,300.0,50,51500
20240202,14:11:11,300.0,50,51500
20240202,14:11:14,299.0,550,51500
20240202,14:11:22,298.2,100,51500
20240202,14:11:59,304.3,50,52150
20240202,14:12:22,303.95,100,52150
20240202,14:12:31,303.85,50,52150
20240202,14:12:46,304.5,50,52150
20240202,14:13:46,301.9,100,52150
20240202,14:14:21,298.85,200,52150
20240202,14:14:23,300.0,150,52150
20240202,14:14:39,297.05,50,52150
20240202,14:15:27,299.7,50,52600
20240202,14:17:44,291.0,50,52600
20240202,14:18:16,295.5,150,52650
20240202,14:19:06,305.6,200,52650
20240202,14:19:24,305.5,400,52650
20240202,14:19:39,305.4,50,52650
20240202,14:20:29,299.2,50,52650
20240202,14:21:02,301.65,50,52200
20240202,14:21:19,298.5,200,52200
20240202,14:24:52,299.0,50,52450
20240202,14:24:54,298.5,50,52450
20240202,14:25:04,297.75,150,52450
20240202,14:25:26,295.0,100,52450
20240202,14:25:36,296.15,150,52450
20240202,14:26:21,296.85,100,52450
20240202,14:26:31,296.25,300,52450
20240202,14:27:24,303.75,100,52050
20240202,14:27:25,305.0,100,52050
20240202,14:27:37,303.45,600,52050
20240202,14:28:09,305.0,200,52050
20240202,14:28:12,304.8,500,52050
20240202,14:28:14,304.9,600,52050
20240202,14:28:21,307.6,100,52050
20240202,14:28:41,307.2,150,52050
20240202,14:29:06,308.85,200,52050
20240202,14:29:21,308.2,100,52050
20240202,14:29:39,312.05,50,52050
20240202,14:30:31,306.95,50,50700
20240202,14:32:17,308.85,250,50700
20240202,14:35:04,303.65,600,50550
20240202,14:36:00,303.2,50,50750
20240202,14:37:19,295.0,100,50750
20240202,14:38:02,295.05,50,50750
20240202,14:38:09,297.6,50,50750
20240202,14:38:22,297.2,100,50750
20240202,14:38:35,297.2,50,50750
20240202,14:39:23,299.2,100,50850
20240202,14:39:58,299.95,50,50850
20240202,14:43:03,293.5,400,50750
20240202,14:43:46,288.6,50,50750
20240202,14:44:15,285.0,50,50750
20240202,14:44:16,283.5,250,50750
20240202,14:47:39,293.1,250,51100
20240202,14:48:20,290.0,100,50850
20240202,14:48:54,288.05,50,50850
20240202,14:49:52,285.65,1500,50850
20240202,14:51:12,300.8,150,49850
20240202,14:51:14,300.5,50,49850
20240202,14:51:19,300.35,500,49850
20240202,14:51:20,299.2,150,49850
20240202,14:51:27,300.55,50,49850
20240202,14:51:29,300.0,100,49850
20240202,14:51:35,302.35,50,49850
20240202,14:51:52,300.5,50,49850
20240202,14:52:00,302.45,50,49850
20240202,14:52:54,305.0,500,49850
20240202,14:52:59,310.0,50,49850
20240202,14:53:02,307.3,50,49850
20240202,14:53:16,306.4,150,49850
20240202,14:53:37,312.65,50,49850
20240202,14:53:46,314.45,50,49850
20240202,14:54:09,310.8,150,49850
20240202,14:54:27,311.45,50,49150
20240202,14:54:57,316.0,150,49150
20240202,14:55:00,315.2,150,49150
20240202,14:55:02,316.0,250,49150
20240202,14:55:21,321.7,50,49150
20240202,14:55:24,322.25,200,49150
20240202,14:55:51,323.3,50,49150
20240202,14:55:57,322.3,700,49150
20240202,14:56:04,324.7,50,49150
20240202,14:56:12,322.75,50,49150
20240202,14:56:16,322.55,50,49150
20240202,14:56:27,328.05,50,49150
20240202,14:56:39,330.0,150,49150
20240202,14:56:56,334.0,50,49150
20240202,14:57:05,339.25,50,49400
20240202,14:57:07,340.0,50,49400
20240202,14:57:14,334.9,200,49400
20240202,14:57:15,335.55,550,49400
20240202,14:57:19,333.25,50,49400
20240202,14:57:46,341.95,50,49400
20240202,14:58:05,346.5,150,49400
20240202,14:58:08,343.85,50,49400
20240202,14:58:12,342.35,50,49400
20240202,14:58:13,342.85,50,49400
20240202,14:58:15,343.05,200,49400
20240202,14:58:30,334.4,50,49400
20240202,14:58:33,340.15,50,49400
20240202,14:58:37,338.35,50,49400
20240202,14:58:48,338.1,50,49400
20240202,14:59:20,342.15,100,49400
20240202,14:59:42,339.8,350,49400
20240202,14:59:55,336.1,50,49400
20240202,15:00:06,332.05,100,49400
20240202,15:00:08,330.5,100,48550
20240202,15:00:24,320.05,50,48550
20240202,15:00:29,314.45,100,48550
20240202,15:00:31,314.45,150,48550
20240202,15:00:39,320.05,50,48550
20240202,15:00:41,321.15,200,48550
20240202,15:00:43,323.25,50,48550
20240202,15:00:44,322.2,150,48550
20240202,15:00:46,324.6,50,48550
20240202,15:01:07,323.15,50,48550
20240202,15:01:11,324.3,50,48550
20240202,15:01:26,321.65,50,48550
20240202,15:01:27,321.8,250,48550
20240202,15:01:49,326.35,50,48550
20240202,15:02:24,336.0,50,48550
20240202,15:02:36,342.0,50,48550
20240202,15:03:01,338.2,50,48150
20240202,15:03:13,338.3,150,48150
20240202,15:03:21,342.35,50,48150
20240202,15:03:31,342.35,50,48150
20240202,15:03:33,342.9,150,48150
20240202,15:03:46,339.9,50,48150
20240202,15:03:51,339.05,100,48150
20240202,15:03:53,338.6,50,48150
20240202,15:04:05,341.85,50,48150
20240202,15:04:18,343.7,50,48150
20240202,15:04:32,341.05,200,48150
20240202,15:04:42,340.0,150,48150
20240202,15:04:48,339.55,50,48150
20240202,15:05:09,334.9,150,48150
20240202,15:05:28,338.35,50,48150
20240202,15:05:41,335.0,200,48150
20240202,15:05:56,330.0,1000,48150
20240202,15:05:59,331.8,400,48150
20240202,15:06:16,329.0,50,48250
20240202,15:06:20,328.1,200,48250
20240202,15:06:26,326.6,100,48250
20240202,15:06:35,324.6,350,48250
20240202,15:06:51,325.65,500,48250
20240202,15:07:08,320.9,50,48250
20240202,15:07:29,326.0,50,48250
20240202,15:08:05,322.8,50,48250
20240202,15:08:11,320.65,50,48250
20240202,15:08:18,324.75,50,48250
20240202,15:08:21,325.8,400,48250
20240202,15:08:26,322.25,50,48250
20240202,15:09:18,322.75,50,48400
20240202,15:09:26,321.0,50,48400
20240202,15:09:31,319.9,250,48400
20240202,15:09:40,324.5,100,48400
20240202,15:10:05,322.6,300,48400
20240202,15:10:36,326.85,300,48400
20240202,15:11:18,317.2,150,48400
20240202,15:11:20,318.4,50,48400
20240202,15:11:21,318.25,450,48400
20240202,15:11:25,318.1,100,48400
20240202,15:11:28,317.95,50,48400
20240202,15:11:40,320.0,1050,48400
20240202,15:11:43,320.9,50,48400
20240202,15:11:45,320.9,200,48400
20240202,15:11:53,319.1,50,48400
20240202,15:11:59,318.55,100,48400
20240202,15:12:01,319.4,50,49100
20240202,15:12:05,316.65,150,49100
20240202,15:12:08,317.9,50,49100
20240202,15:12:17,318.4,50,49100
20240202,15:12:20,321.0,600,49100
20240202,15:12:33,324.7,450,49100
20240202,15:12:35,324.2,50,49100
20240202,15:13:13,327.15,50,49100
20240202,15:13:20,329.15,50,49100
20240202,15:13:30,332.4,50,49100
20240202,15:13:37,328.25,150,49100
20240202,15:13:45,329.5,50,49100
20240202,15:14:03,327.3,200,49100
20240202,15:14:05,326.05,150,49100
20240202,15:14:25,326.95,50,49100
20240202,15:15:02,331.5,50,49800
20240202,15:15:04,335.6,50,49800
20240202,15:15:14,336.95,100,49800
20240202,15:15:17,336.25,50,49800
20240202,15:15:27,336.35,100,49800
20240202,15:15:32,336.6,300,49800
20240202,15:15:37,336.0,150,49800
20240202,15:15:41,335.65,50,49800
20240202,15:15:51,332.0,50,49800
20240202,15:15:54,333.5,200,49800
20240202,15:15:56,331.5,50,49800
20240202,15:15:59,331.8,50,49800
20240202,15:16:01,333.4,550,49800
20240202,15:16:02,332.2,50,49800
20240202,15:16:05,334.8,350,49800
20240202,15:16:12,332.6,50,49800
20240202,15:16:14,334.05,50,49800
20240202,15:16:25,336.1,50,49800
20240202,15:16:35,333.2,50,49800
20240202,15:16:39,332.2,50,49800
20240202,15:16:42,331.7,50,49800
20240202,15:16:50,330.75,50,49800
20240202,15:16:52,331.3,150,49800
20240202,15:16:54,332.25,200,49800
20240202,15:16:55,332.6,100,49800
20240202,15:16:59,333.5,500,49800
20240202,15:17:00,332.35,150,49800
20240202,15:17:02,334.35,150,49800
20240202,15:17:07,333.7,100,49800
20240202,15:17:17,331.5,50,49800
20240202,15:17:18,333.35,250,49800
20240202,15:17:20,334.55,850,49800
20240202,15:17:25,334.2,100,49800
20240202,15:17:30,335.2,450,49800
20240202,15:17:32,334.3,200,49800
20240202,15:17:33,334.8,300,49800
20240202,15:17:42,333.45,50,49800
20240202,15:17:45,332.95,250,49800
20240202,15:17:47,334.2,50,49800
20240202,15:17:50,334.85,150,49800
20240202,15:17:57,334.7,200,49800
20240202,15:17:58,333.2,50,49800
20240202,15:18:02,333.1,100,55250
20240202,15:18:05,333.1,150,55250
20240202,15:18:10,331.8,150,55250
20240202,15:18:18,333.1,100,55250
20240202,15:18:25,334.85,50,55250
20240202,15:18:30,336.15,50,55250
20240202,15:18:33,336.9,50,55250
20240202,15:18:35,336.5,50,55250
20240202,15:18:48,333.85,150,55250
20240202,15:18:50,334.8,50,55250
20240202,15:18:52,334.7,50,55250
20240202,15:18:57,334.85,100,55250
20240202,15:19:02,334.9,100,55250
20240202,15:19:05,336.05,50,55250
20240202,15:19:08,336.55,50,55250
20240202,15:19:15,333.95,50,55250
20240202,15:19:16,335.1,50,55250
20240202,15:19:18,335.05,50,55250
20240202,15:19:20,334.5,50,55250
20240202,15:19:21,334.2,50,55250
20240202,15:19:23,335.45,150,55250
20240202,15:19:26,335.75,100,55250
20240202,15:19:30,336.6,50,55250
20240202,15:19:35,337.0,300,55250
20240202,15:19:38,335.15,50,55250
20240202,15:19:40,335.45,50,55250
20240202,15:19:47,336.1,600,55250
20240202,15:19:48,336.95,100,55250
20240202,15:19:50,336.6,200,55250
20240202,15:19:53,336.3,50,55250
20240202,15:19:58,336.65,50,55250
20240202,15:20:02,336.4,150,55250
20240202,15:20:03,335.8,450,55250
20240202,15:20:05,337.55,400,55250
20240202,15:20:07,336.9,200,55250
20240202,15:20:10,336.65,450,55250
20240202,15:20:12,336.6,200,55250
20240202,15:20:13,335.95,100,55250
20240202,15:20:23,335.8,350,55250
20240202,15:20:30,335.15,50,55250
20240202,15:20:55,335.15,500,55250
20240202,15:21:08,335.15,50,56250
20240202,15:21:31,336.55,50,56250
20240202,15:21:41,337.35,50,56250
20240202,15:21:59,337.35,100,56250
20240202,15:22:46,336.25,50,56250
20240202,15:23:02,335.55,150,56250
20240202,15:23:16,333.0,50,56250
20240202,15:23:22,334.35,150,56250
20240202,15:23:24,334.65,150,56250
20240202,15:24:35,335.5,50,56350
20240202,15:24:42,337.0,250,56350
20240202,15:24:57,335.0,50,56350
20240202,15:25:13,336.2,1800,56350
20240202,15:25:18,337.55,150,56350
20240202,15:25:31,337.4,1800,56350
20240202,15:25:51,335.7,50,56350
20240202,15:25:56,336.85,50,56350
20240202,15:26:23,335.0,50,56350
20240202,15:26:26,333.85,100,56350
20240202,15:26:33,334.25,50,56350
20240202,15:26:46,333.0,200,56350
20240202,15:26:48,333.6,350,56350
20240202,15:26:50,333.0,50,56350
20240202,15:26:53,332.2,50,56350
20240202,15:26:54,332.2,200,56350
20240202,15:27:12,329.4,50,55200
20240202,15:27:25,328.15,50,55200
20240202,15:27:27,328.1,100,55200
20240202,15:27:30,327.45,150,55200
20240202,15:27:31,327.1,300,55200
20240202,15:27:33,327.0,200,55200
20240202,15:27:35,327.2,100,55200
20240202,15:27:36,327.2,800,55200
20240202,15:27:48,327.45,50,55200
20240202,15:27:49,328.15,50,55200
20240202,15:27:51,329.0,50,55200
20240202,15:28:01,330.0,50,55200
20240202,15:28:04,328.95,100,55200
20240202,15:28:19,329.95,50,55200
20240202,15:28:20,330.0,50,55200
20240202,15:28:41,330.0,50,55200
20240202,15:28:49,330.0,50,55200
20240202,15:28:56,329.65,50,55200
20240202,15:29:19,330.0,50,55200
20240202,15:29:29,327.95,750,55200
20240202,15:29:45,325.5,150,55200
20240202,15:29:54,325.55,50,55200
20240205,09:15:22,350.0,1,55150
20240205,09:15:22,350.0,50,55150
20240205,09:15:27,355.95,100,55150
20240205,09:15:28,356.55,50,55150
20240205,09:15:33,356.55,250,55150
20240205,09:15:35,356.4,50,55150
20240205,09:15:36,360.0,50,55150
20240205,09:15:39,361.45,150,55150
20240205,09:15:46,361.45,200,55150
20240205,09:16:00,353.0,200,55150
20240205,09:16:02,348.15,200,55150
20240205,09:16:05,343.15,200,55150
20240205,09:17:47,343.15,150,55750
20240205,09:18:14,355.0,50,55750
20240205,09:18:47,356.5,150,55750
20240205,09:18:57,361.95,50,55750
20240205,09:18:59,361.95,50,55750
20240205,09:19:00,363.8,150,55750
20240205,09:19:19,366.05,200,55750
20240205,09:19:25,366.05,50,55750
20240205,09:19:32,365.75,100,55750
20240205,09:19:35,365.4,50,55750
20240205,09:19:45,368.4,250,55750
20240205,09:19:49,366.0,200,55750
20240205,09:19:50,365.0,300,55750
20240205,09:20:37,354.55,50,55750
20240205,09:20:47,350.0,50,55750
20240205,09:20:49,351.7,50,55750
20240205,09:20:54,351.7,1250,55750
20240205,09:21:09,349.15,50,55750
20240205,09:21:17,348.8,50,55750
20240205,09:21:48,361.2,50,55750
20240205,09:21:50,362.9,50,55750
20240205,09:21:53,364.2,50,55750
20240205,09:21:58,362.85,300,55750
20240205,09:22:02,361.95,50,55750
20240205,09:22:07,357.8,250,55750
20240205,09:22:08,358.65,400,55750
20240205,09:22:23,360.55,50,55950
20240205,09:22:27,362.15,200,55950
20240205,09:22:28,361.95,50,55950
20240205,09:22:32,361.8,100,55950
20240205,09:22:40,360.95,250,55950
20240205,09:22:57,361.85,100,55950
20240205,09:23:02,363.05,200,55950
20240205,09:23:12,361.35,100,55950
20240205,09:23:27,356.4,100,55950
20240205,09:23:32,353.05,50,55950
20240205,09:23:42,350.95,100,55950
20240205,09:23:45,348.0,50,55950
20240205,09:23:58,350.55,50,55950
20240205,09:24:13,349.2,50,55950
20240205,09:24:48,344.0,50,55950
20240205,09:24:52,341.3,150,55950
20240205,09:24:53,340.6,50,55950
20240205,09:25:00,339.15,300,55950
20240205,09:25:02,337.85,150,55950
20240205,09:25:07,337.85,50,55950
20240205,09:25:10,337.85,50,55950
20240205,09:25:12,337.2,150,56250
20240205,09:25:17,337.2,50,56250
20240205,09:25:18,335.95,150,56250
20240205,09:25:20,337.95,200,56250
20240205,09:25:29,335.85,50,56250
20240205,09:25:39,335.85,250,56250
20240205,09:25:44,339.1,1050,56250
20240205,09:25:45,338.7,50,56250
20240205,09:25:47,337.8,350,56250
20240205,09:25:49,336.45,100,56250
20240205,09:25:54,332.45,150,56250
20240205,09:26:00,329.15,50,56250
20240205,09:26:01,328.75,400,56250
20240205,09:26:05,328.25,650,56250
20240205,09:26:08,330.3,150,56250
20240205,09:26:11,328.0,450,56250
20240205,09:26:13,327.75,600,56250
20240205,09:26:16,328.45,50,56250
20240205,09:26:18,328.8,300,56250
20240205,09:26:20,327.65,200,56250
20240205,09:26:26,322.75,200,56250
20240205,09:26:30,322.7,200,56250
20240205,09:26:31,321.65,150,56250
20240205,09:26:33,321.5,50,56250
20240205,09:26:35,320.4,200,56250
20240205,09:26:36,320.4,250,56250
20240205,09:26:38,323.45,200,56250
20240205,09:26:41,326.55,200,56250
20240205,09:26:43,324.4,100,56250
20240205,09:26:46,322.5,50,56250
20240205,09:26:48,322.4,250,56250
20240205,09:26:51,320.3,50,56250
20240205,09:26:55,320.3,350,56250
20240205,09:27:06,324.5,400,56250
20240205,09:27:08,323.8,50,56250
20240205,09:27:10,323.9,400,56250
20240205,09:27:15,322.75,250,56250
20240205,09:27:16,322.45,100,56250
20240205,09:27:21,321.75,150,56250
20240205,09:27:23,321.75,350,56250
20240205,09:27:25,322.7,350,56250
20240205,09:27:26,322.4,50,56250
20240205,09:27:31,321.2,50,56250
20240205,09:27:40,323.45,50,56250
20240205,09:27:42,322.8,400,56250
20240205,09:27:43,323.2,50,56250
20240205,09:27:48,323.0,50,56250
20240205,09:28:15,325.95,250,57950
20240205,09:28:17,327.5,100,57950
20240205,09:28:28,329.7,100,57950
20240205,09:28:32,328.5,50,57950
20240205,09:28:33,328.35,100,57950
20240205,09:28:37,328.95,50,57950
20240205,09:28:38,330.05,50,57950
20240205,09:28:40,331.1,50,57950
20240205,09:28:43,330.05,450,57950
20240205,09:28:45,330.5,50,57950
20240205,09:28:48,329.55,50,57950
20240205,09:28:55,334.9,100,57950
20240205,09:29:00,333.35,150,57950
20240205,09:29:03,335.15,50,57950
20240205,09:29:15,329.7,100,57950
20240205,09:29:16,330.25,50,57950
20240205,09:29:20,328.9,250,57950
20240205,09:29:21,328.1,50,57950
20240205,09:29:23,327.45,400,57950
20240205,09:29:35,326.15,400,57950
20240205,09:29:37,326.35,100,57950
20240205,09:29:42,327.3,100,57950
20240205,09:29:43,327.35,100,57950
20240205,09:29:45,327.45,50,57950
20240205,09:29:47,326.05,150,57950
20240205,09:29:55,324.0,50,57950
20240205,09:29:57,323.85,50,57950
20240205,09:30:00,324.75,200,57950
20240205,09:30:03,326.95,650,57950
20240205,09:30:07,330.55,650,57950
20240205,09:30:10,327.6,50,57950
20240205,09:30:17,330.75,50,57950
20240205,09:30:18,331.8,400,57950
20240205,09:30:20,330.55,100,57950
20240205,09:30:23,334.15,50,57950
20240205,09:30:30,340.75,150,57950
20240205,09:30:32,341.95,150,57950
20240205,09:30:37,340.25,250,57950
20240205,09:30:38,341.8,50,57950
20240205,09:30:42,341.8,200,57950
20240205,09:30:45,344.2,200,57950
20240205,09:30:47,343.9,700,57950
20240205,09:30:53,342.2,350,57950
20240205,09:31:00,344.3,50,57950
20240205,09:31:05,345.0,50,57950
20240205,09:31:06,345.1,50,57950
20240205,09:31:11,345.1,500,57950
20240205,09:31:13,345.2,150,57800
20240205,09:31:20,339.3,200,57800
20240205,09:31:25,340.75,200,57800
20240205,09:31:26,341.9,50,57800
20240205,09:31:30,342.95,600,57800
20240205,09:31:35,342.95,50,57800
20240205,09:31:41,342.15,200,57800
20240205,09:31:46,338.25,50,57800
20240205,09:31:53,335.0,50,57800
20240205,09:31:55,335.05,750,57800
20240205,09:31:58,335.25,400,57800
20240205,09:32:01,334.05,300,57800
20240205,09:32:15,341.5,50,57800
20240205,09:32:16,341.5,50,57800
20240205,09:32:23,341.85,150,57800
20240205,09:32:28,343.6,250,57800
20240205,09:32:35,343.8,50,57800
20240205,09:32:41,344.4,50,57800
20240205,09:32:45,345.1,150,57800
20240205,09:32:46,344.7,50,57800
20240205,09:32:50,345.8,150,57800
20240205,09:32:53,346.0,50,57800
20240205,09:33:06,349.6,100,57800
20240205,09:33:15,351.9,700,57800
20240205,09:33:16,350.8,350,57800
20240205,09:33:18,350.1,100,57800
20240205,09:33:20,350.0,50,57800
20240205,09:33:21,348.1,100,57800
20240205,09:33:25,348.3,700,57800
20240205,09:33:31,348.2,250,57800
20240205,09:33:40,343.75,150,57800
20240205,09:33:48,340.0,50,57800
20240205,09:33:50,343.75,250,57800
20240205,09:33:53,342.8,200,57800
20240205,09:33:55,344.15,200,57800
20240205,09:33:58,345.0,250,57800
20240205,09:34:00,344.8,850,57800
20240205,09:34:01,345.15,200,57800
20240205,09:34:05,347.0,650,57800
20240205,09:34:08,348.3,50,57800
20240205,09:34:10,349.8,400,57800
20240205,09:34:11,350.0,200,57800
20240205,09:34:16,347.7,350,57250
20240205,09:34:20,347.3,250,57250
20240205,09:34:26,347.0,350,57250
20240205,09:34:33,347.4,400,57250
20240205,09:34:38,349.5,350,57250
20240205,09:34:41,351.6,50,57250
20240205,09:34:43,351.5,350,57250
20240205,09:34:51,349.75,100,57250
20240205,09:35:05,351.9,250,57250
20240205,09:35:08,351.0,150,57250
20240205,09:35:10,348.5,150,57250
20240205,09:35:13,350.15,50,57250
20240205,09:36:03,345.5,50,57250
20240205,09:36:08,347.3,350,57250
20240205,09:36:11,351.1,150,57250
20240205,09:36:16,350.0,350,57250
20240205,09:36:23,349.2,350,57250
20240205,09:36:55,341.7,50,57250
20240205,09:36:58,341.95,150,57250
20240205,09:37:05,344.0,200,57250
20240205,09:37:08,342.6,50,57250
20240205,09:37:15,340.9,50,57550
20240205,09:37:18,340.1,300,57550
20240205,09:37:25,341.85,150,57550
20240205,09:37:56,334.95,200,57550
20240205,09:38:00,334.9,50,57550
20240205,09:38:03,335.2,750,57550
20240205,09:38:05,336.45,400,57550
20240205,09:38:08,336.8,450,57550
20240205,09:38:10,338.0,100,57550
20240205,09:38:13,338.0,200,57550
20240205,09:38:16,337.25,250,57550
20240205,09:38:18,337.0,50,57550
20240205,09:38:23,334.95,150,57550
20240205,09:38:28,334.35,500,57550
20240205,09:38:30,334.3,50,57550
20240205,09:38:33,333.65,50,57550
20240205,09:38:50,332.65,50,57550
20240205,09:39:03,334.65,200,57550
20240205,09:39:18,334.05,50,57550
20240205,09:39:25,332.75,600,57550
20240205,09:39:38,331.1,250,57550
20240205,09:39:52,329.3,50,57550
20240205,09:39:55,329.05,200,57550
20240205,09:40:02,328.15,50,57550
20240205,09:40:08,326.25,50,57550
20240205,09:40:12,324.8,150,57550
20240205,09:40:18,322.9,50,57550
20240205,09:40:27,325.2,50,58300
20240205,09:40:35,324.65,350,58300
20240205,09:40:47,326.8,450,58300
20240205,09:40:53,327.5,400,58300
20240205,09:41:07,327.7,100,58300
20240205,09:41:13,330.15,150,58300
20240205,09:41:15,330.6,700,58300
20240205,09:41:20,330.95,200,58300
20240205,09:41:22,331.7,50,58300
20240205,09:41:25,331.95,150,58300
20240205,09:41:37,334.05,200,58300
20240205,09:41:38,334.95,50,58300
20240205,09:41:42,336.65,650,58300
20240205,09:41:45,335.15,100,58300
20240205,09:41:47,335.3,100,58300
20240205,09:41:53,336.55,250,58300
20240205,09:41:55,337.4,100,58300
20240205,09:41:57,336.9,50,58300
20240205,09:42:00,337.95,200,58300
20240205,09:42:08,337.6,200,58300
20240205,09:42:37,331.75,50,58300
20240205,09:43:18,327.5,350,58000
20240205,09:43:27,328.25,50,58000
20240205,09:44:12,335.4,700,58000
20240205,09:44:38,336.2,400,58000
20240205,09:44:40,336.5,200,58000
20240205,09:44:42,336.2,500,58000
20240205,09:44:50,336.45,50,58000
20240205,09:45:05,336.6,300,58000
20240205,09:45:07,339.1,700,58000
20240205,09:45:12,339.0,550,58000
20240205,09:45:25,337.4,350,58000
20240205,09:45:29,335.5,200,58000
20240205,09:45:37,332.3,200,58000
20240205,09:46:05,332.7,50,58000
20240205,09:46:17,330.6,100,58300
20240205,09:46:20,329.15,100,58300
20240205,09:46:32,329.65,300,58300
20240205,09:46:49,331.6,100,58300
20240205,09:47:00,330.4,150,58300
20240205,09:47:19,325.1,50,58300
20240205,09:47:24,326.15,100,58300
20240205,09:47:34,329.1,250,58300
20240205,09:47:39,327.65,500,58300
20240205,09:47:42,328.85,50,58300
20240205,09:48:02,327.35,100,58300
20240205,09:48:09,325.0,300,58300
20240205,09:48:12,324.7,50,58300
20240205,09:48:14,323.75,250,58300
20240205,09:48:17,320.05,300,58300
20240205,09:48:22,320.0,150,58300
20240205,09:48:27,320.0,250,58300
20240205,09:48:30,319.85,200,58300
20240205,09:48:32,316.85,400,58300
20240205,09:48:34,316.55,300,58300
20240205,09:48:37,315.25,350,58300
20240205,09:48:44,315.25,150,58300
20240205,09:49:16,315.8,50,58300
20240205,09:49:17,315.65,700,57950
20240205,09:49:49,313.0,50,57950
20240205,09:49:54,312.7,500,57950
20240205,09:49:56,312.7,50,57950
20240205,09:49:59,311.8,200,57950
20240205,09:50:04,310.0,50,57950
20240205,09:50:16,310.0,50,57950
20240205,09:50:26,308.45,50,57950
20240205,09:50:27,308.0,50,57950
20240205,09:50:29,308.0,50,57950
20240205,09:50:34,306.7,50,57950
20240205,09:50:36,306.7,50,57950
20240205,09:50:37,309.05,250,57950
20240205,09:50:41,308.75,50,57950
20240205,09:50:54,305.0,100,57950
20240205,09:51:01,303.8,100,57950
20240205,09:51:08,308.1,200,57950
20240205,09:51:11,308.1,150,57950
20240205,09:51:14,307.3,350,57950
20240205,09:51:19,306.65,100,57950
20240205,09:51:21,306.85,450,57950
20240205,09:51:24,306.5,100,57950
20240205,09:51:31,305.45,100,57950
20240205,09:51:40,306.55,50,57950
20240205,09:51:43,307.25,300,57950
20240205,09:51:48,307.05,800,57950
20240205,09:51:50,305.5,100,57950
20240205,09:51:51,305.7,50,57950
20240205,09:51:53,305.85,50,57950
20240205,09:51:55,303.8,100,57950
20240205,09:51:58,303.7,450,57950
20240205,09:52:11,303.7,150,57950
20240205,09:52:36,301.5,100,58350
20240205,09:52:41,300.0,50,58350
