date,time,tick_price,volume,open_interest
20231128,13:55:51,20.6,50,50
20231129,09:41:55,18.35,1,50
20231129,09:41:55,18.35,200,50
20231129,10:00:16,18.8,200,150
20231129,12:14:04,19.25,200,350
20231129,14:34:26,19.25,100,550
20231130,15:17:21,18.45,1,650
20231130,15:17:21,18.45,100,650
20231201,14:14:57,18.45,1,650
20231201,14:14:57,18.45,50,650
20231228,14:11:19,2.9,1,650
20231228,14:11:19,2.1,2150,650
20231228,14:12:02,1.7,700,650
20231228,14:13:15,2.05,100,1050
20231228,14:13:32,2.05,100,1050
20231228,14:20:34,2.05,150,1050
20231228,14:21:02,2.05,150,1050
20231228,14:21:15,2.05,150,1050
20231228,14:26:15,2.05,100,1500
20231228,14:35:56,2.45,50,1600
20231228,14:36:09,2.15,100,1600
20231228,14:36:34,2.15,50,1600
20231228,14:36:50,2.15,550,1600
20231228,14:38:33,2.05,100,1600
20231228,14:41:54,2.05,500,1750
20231228,14:50:48,1.9,350,1600
20231228,14:50:54,1.95,50,1600
20231228,14:51:11,1.9,200,1600
20231228,14:52:22,1.85,50,1750
20231228,14:53:11,1.85,50,1750
20231228,14:55:16,1.85,200,1800
20231228,14:55:45,1.85,100,1800
20231228,15:08:21,1.9,700,1600
20231228,15:10:28,2.1,100,1750
20231228,15:12:36,2.0,200,1750
20231228,15:12:46,2.0,50,2050
20231228,15:12:50,1.9,150,2050
20231228,15:14:59,1.9,50,2050
20231228,15:18:09,1.95,50,2050
20231228,15:18:34,1.95,250,2050
20231228,15:19:16,2.0,100,2300
20231228,15:19:51,1.9,350,2300
20231228,15:20:04,1.9,100,2300
20231228,15:22:42,2.0,50,2550
20231228,15:24:32,1.7,100,2550
20231228,15:25:17,1.5,100,2550
20231228,15:25:25,1.5,750,2550
20231228,15:28:26,1.7,50,2450
20231228,15:28:55,1.7,50,2450
20231228,15:29:46,1.8,450,2450
20231229,09:15:02,1.9,1,2450
20231229,09:15:02,1.9,50,2450
20231229,09:15:05,1.9,3900,2450
20231229,09:15:08,2.0,1750,2450
20231229,09:15:11,2.0,1300,2450
20231229,09:15:11,1.65,1300,2450
20231229,09:15:14,1.65,250,2450
20231229,09:15:17,1.7,400,2450
20231229,09:15:20,1.65,250,2450
20231229,09:15:32,1.65,200,2450
20231229,09:15:35,1.5,50,2450
20231229,09:15:51,1.5,200,2450
20231229,09:15:59,1.55,50,2450
20231229,09:16:29,1.55,50,2450
20231229,09:16:36,1.6,50,2450
20231229,09:16:38,1.6,350,2450
20231229,09:16:59,1.5,250,2450
20231229,09:17:01,1.6,1050,2450
20231229,09:17:09,1.55,1450,9350
20231229,09:17:27,1.55,450,9350
20231229,09:17:32,1.55,500,9350
20231229,09:17:32,1.55,250,9350
20231229,09:17:57,1.55,100,9350
20231229,09:18:04,1.55,800,9350
20231229,09:18:19,1.55,900,9350
20231229,09:18:21,1.45,1050,9350
20231229,09:18:33,1.45,250,9350
20231229,09:18:35,1.55,200,9350
20231229,09:19:09,1.55,500,9350
20231229,09:19:14,1.55,950,9350
20231229,09:19:47,1.55,50,9350
20231229,09:20:00,1.5,250,9350
20231229,09:20:23,1.55,1050,9400
20231229,09:20:26,1.55,600,9400
20231229,09:21:01,1.55,50,9400
20231229,09:21:47,1.5,800,9400
20231229,09:21:48,1.45,500,9400
20231229,09:22:00,1.45,100,9400
20231229,09:22:05,1.5,100,9400
20231229,09:22:18,1.5,150,9400
20231229,09:23:04,1.45,150,9400
20231229,09:23:06,1.5,50,9400
20231229,09:23:09,1.5,1150,9400
20231229,09:23:34,1.5,950,10300
20231229,09:23:44,1.5,50,10300
20231229,09:23:47,1.45,50,10300
20231229,09:23:58,1.45,700,10300
20231229,09:23:59,1.45,2700,10300
20231229,09:24:00,1.45,100,10300
20231229,09:24:47,1.45,750,10300
20231229,09:24:49,1.4,250,10300
20231229,09:25:30,1.4,2000,10300
20231229,09:25:31,1.4,1850,10300
20231229,09:25:38,1.4,900,10300
20231229,09:25:55,1.45,150,10300
20231229,09:26:11,1.45,1000,12350
20231229,09:26:14,1.35,50,12350
20231229,09:26:15,1.35,100,12350
20231229,09:26:19,1.4,50,12350
20231229,09:26:21,1.45,400,12350
20231229,09:26:29,1.4,1050,12350
20231229,09:26:30,1.35,500,12350
20231229,09:26:37,1.4,500,12350
20231229,09:26:38,1.4,500,12350
20231229,09:27:00,1.45,150,12350
20231229,09:27:01,1.35,50,12350
20231229,09:27:04,1.4,50,12350
20231229,09:27:08,1.4,150,12350
20231229,09:27:09,1.4,100,12350
20231229,09:27:52,1.4,250,12350
20231229,09:27:58,1.35,150,12350
20231229,09:28:30,1.4,500,12350
20231229,09:28:46,1.4,500,12350
20231229,09:28:55,1.4,250,12350
20231229,09:29:34,1.4,300,12350
20231229,09:30:25,1.35,300,14100
20231229,09:32:40,1.4,200,13800
20231229,09:35:11,1.35,350,13800
20231229,09:35:30,1.4,50,13800
20231229,09:35:33,1.35,250,13800
20231229,09:35:39,1.35,100,13800
20231229,09:39:01,1.4,50,13800
20231229,09:39:33,1.35,250,13800
20231229,09:39:55,1.35,400,13800
20231229,09:40:08,1.3,50,13800
20231229,09:40:13,1.3,100,13800
20231229,09:40:23,1.3,50,13800
20231229,09:41:26,1.25,250,13800
20231229,09:42:09,1.25,850,13700
20231229,09:42:09,1.25,650,13700
20231229,09:42:34,1.25,50,13700
20231229,09:42:50,1.25,50,13700
20231229,09:42:58,1.25,400,13700
20231229,09:43:17,1.2,100,13700
20231229,09:43:30,1.2,950,13700
20231229,09:43:43,1.2,100,13700
20231229,09:44:07,1.15,100,13700
20231229,09:44:15,1.15,50,13700
20231229,09:44:27,1.15,50,12950
20231229,09:44:35,1.15,150,12950
20231229,09:44:35,1.15,300,12950
20231229,09:44:36,1.15,50,12950
20231229,09:44:41,1.1,250,12950
20231229,09:44:41,1.1,300,12950
20231229,09:44:43,1.1,400,12950
20231229,09:45:02,1.1,200,12950
20231229,09:45:17,1.15,450,12950
20231229,09:46:15,1.1,450,12950
20231229,09:46:16,1.1,350,12950
20231229,09:46:28,1.05,50,12950
20231229,09:46:44,1.05,100,12950
20231229,09:46:45,1.05,50,12950
20231229,09:47:06,1.1,1000,12950
20231229,09:47:07,1.1,150,12950
20231229,09:47:09,1.15,50,12950
20231229,09:47:36,1.1,100,12950
20231229,09:47:37,1.1,250,13050
20231229,09:47:38,1.1,500,13050
20231229,09:47:47,1.1,500,13050
20231229,09:48:16,1.1,1200,13050
20231229,09:50:13,1.1,400,15450
20231229,09:54:28,1.05,50,15050
20231229,09:54:30,1.05,550,15050
20231229,09:55:15,1.05,600,15050
20231229,09:55:33,1.05,50,15050
20231229,09:56:10,1.1,200,15050
20231229,09:57:19,1.05,800,15750
20231229,09:57:21,1.05,400,15750
20231229,09:57:26,1.0,550,15750
20231229,09:59:56,1.0,50,15750
20231229,10:00:11,1.05,500,16950
20231229,10:00:12,1.0,50,16950
20231229,10:00:41,1.05,150,16950
20231229,10:01:09,1.05,50,16950
20231229,10:03:17,1.0,50,16900
20231229,10:05:36,1.05,50,16900
20231229,10:05:36,1.0,250,16850
20231229,10:07:03,1.0,50,16850
20231229,10:07:48,1.0,400,16850
20231229,10:07:55,1.05,300,16850
20231229,10:07:56,1.0,50,16850
20231229,10:08:36,1.05,50,16550
20231229,10:09:59,1.0,50,16550
20231229,10:10:01,1.0,50,16550
20231229,10:10:11,1.0,50,16550
20231229,10:12:45,1.0,50,16400
20231229,10:13:44,1.05,500,16400
20231229,10:13:45,1.05,250,16400
20231229,10:13:58,1.05,250,16400
20231229,10:13:58,1.05,400,16400
20231229,10:15:23,1.05,550,16400
20231229,10:17:58,1.05,450,16750
20231229,10:19:56,1.05,50,16750
20231229,10:21:36,1.0,50,16750
20231229,10:22:55,1.0,150,16750
20231229,10:24:02,1.05,600,16750
20231229,10:25:41,1.05,900,16750
20231229,10:25:47,1.05,250,16750
20231229,10:26:05,1.1,400,16750
20231229,10:26:09,1.1,1350,16750
20231229,10:26:18,1.15,600,16750
20231229,10:26:42,1.2,1150,17300
20231229,10:27:07,1.2,100,17300
20231229,10:27:09,1.2,50,17300
20231229,10:27:16,1.2,250,17300
20231229,10:27:18,1.2,300,17300
20231229,10:27:59,1.15,250,17300
20231229,10:28:11,1.15,200,17300
20231229,10:29:01,1.2,100,17300
20231229,10:29:48,1.25,50,17300
20231229,10:30:15,1.25,100,18050
20231229,10:30:41,1.25,50,18050
20231229,10:32:15,1.2,300,18050
20231229,10:32:16,1.15,100,18500
20231229,10:32:44,1.25,150,18500
20231229,10:34:25,1.25,2050,18500
20231229,10:34:34,1.25,200,18500
20231229,10:35:24,1.2,50,20150
20231229,10:36:54,1.25,250,20150
20231229,10:36:55,1.2,400,20150
20231229,10:37:12,1.2,150,20150
20231229,10:37:37,1.25,250,20150
20231229,10:37:55,1.2,250,20150
20231229,10:38:26,1.2,50,19400
20231229,10:38:40,1.25,250,19400
20231229,10:38:54,1.25,50,19400
20231229,10:39:04,1.2,50,19400
20231229,10:39:09,1.25,400,19400
20231229,10:39:26,1.25,50,19400
20231229,10:39:28,1.25,800,19400
20231229,10:39:33,1.25,50,19400
20231229,10:39:51,1.35,700,19400
20231229,10:39:52,1.35,50,19400
20231229,10:39:54,1.3,250,19400
20231229,10:39:56,1.3,200,19400
20231229,10:40:02,1.25,250,19400
20231229,10:40:14,1.35,50,19400
20231229,10:40:26,1.35,1800,19400
20231229,10:41:10,1.35,1800,19400
20231229,10:41:15,1.35,2850,19400
20231229,10:41:17,1.35,100,19400
20231229,10:42:01,1.3,250,21250
20231229,10:43:34,1.3,50,21250
20231229,10:43:35,1.35,450,21250
20231229,10:43:41,1.3,250,21250
20231229,10:43:52,1.4,300,21250
20231229,10:44:07,1.4,50,21250
20231229,10:44:24,1.35,50,21250
20231229,10:44:35,1.4,150,21400
20231229,10:44:41,1.35,50,21400
20231229,10:45:00,1.35,50,21400
20231229,10:46:04,1.4,500,21400
20231229,10:46:04,1.4,50,21400
20231229,10:46:05,1.45,5100,21400
20231229,10:46:13,1.45,1800,21400
20231229,10:46:17,1.4,1050,21400
20231229,10:46:41,1.4,2000,21400
20231229,10:47:04,1.35,4300,21400
20231229,10:48:06,1.3,50,21400
20231229,10:48:13,1.3,450,30100
20231229,10:48:20,1.3,1150,30100
20231229,10:48:52,1.3,50,30100
20231229,10:49:41,1.25,50,30100
20231229,10:52:36,1.25,50,30100
20231229,10:52:37,1.25,50,28950
20231229,10:52:49,1.25,1800,28950
20231229,10:54:37,1.3,50,29250
20231229,10:55:17,1.2,50,29250
20231229,10:59:39,1.25,900,29250
20231229,11:02:49,1.2,250,29300
20231229,11:03:06,1.2,2650,29300
20231229,11:05:47,1.15,300,29600
20231229,11:05:50,1.2,250,29600
20231229,11:07:04,1.2,100,29600
20231229,11:07:39,1.15,50,29600
20231229,11:07:43,1.2,50,29600
20231229,11:08:03,1.15,50,29600
20231229,11:08:31,1.2,50,30050
20231229,11:09:45,1.15,50,30050
20231229,11:10:07,1.2,50,30050
20231229,11:10:16,1.15,50,30050
20231229,11:11:26,1.2,100,30150
20231229,11:11:43,1.15,150,30150
20231229,11:14:21,1.2,50,30150
20231229,11:14:37,1.15,50,30150
20231229,11:14:38,1.2,50,30300
20231229,11:15:06,1.15,50,30300
20231229,11:17:41,1.2,550,30300
20231229,11:18:01,1.2,500,30250
20231229,11:19:19,1.2,250,30250
20231229,11:21:15,1.2,50,29850
20231229,11:21:18,1.15,50,29850
20231229,11:21:30,1.15,250,29850
20231229,11:26:04,1.15,1650,29600
20231229,11:27:11,1.1,100,29600
20231229,11:28:59,1.15,900,30050
20231229,11:34:06,1.2,300,29350
20231229,11:35:41,1.2,1800,29050
20231229,11:42:14,1.2,250,29050
20231229,11:56:50,1.15,50,28850
20231229,11:58:26,1.15,900,29100
20231229,11:58:45,1.15,400,29100
20231229,12:02:07,1.15,50,30100
20231229,12:07:30,1.1,400,30100
20231229,12:09:49,1.15,250,30000
20231229,12:13:17,1.15,50,30000
20231229,12:13:48,1.1,50,30000
20231229,12:15:27,1.2,1350,30000
20231229,12:16:34,1.3,350,30000
20231229,12:17:46,1.25,1800,30000
20231229,12:18:40,1.25,700,31200
20231229,12:18:40,1.25,400,31200
20231229,12:18:59,1.3,1800,31200
20231229,12:20:33,1.3,450,32250
20231229,12:20:34,1.35,1050,32250
20231229,12:20:37,1.35,100,32250
20231229,12:20:43,1.35,50,32250
20231229,12:21:08,1.3,500,32250
20231229,12:21:12,1.25,800,32250
20231229,12:21:14,1.3,250,32250
20231229,12:21:15,1.35,1800,32250
20231229,12:21:22,1.3,50,32250
20231229,12:21:39,1.3,50,32250
20231229,12:22:41,1.25,50,32250
20231229,12:24:30,1.3,100,33850
20231229,12:28:44,1.3,50,33850
20231229,12:28:46,1.3,50,33850
20231229,12:29:19,1.3,50,33850
20231229,12:31:54,1.25,50,33900
20231229,12:35:45,1.25,50,33950
20231229,12:41:18,1.2,50,33950
20231229,12:41:24,1.2,200,33900
20231229,12:51:50,1.2,500,33900
20231229,12:52:08,1.25,50,33900
20231229,12:53:27,1.25,50,33900
20231229,12:53:41,1.2,50,33900
20231229,12:54:23,1.25,50,34300
20231229,12:54:30,1.2,50,34300
20231229,12:55:13,1.25,50,34300
20231229,12:55:18,1.2,50,34300
20231229,12:58:22,1.25,50,34250
20231229,12:58:33,1.15,50,34250
20231229,13:05:32,1.2,50,34250
20231229,13:05:43,1.25,50,34200
20231229,13:12:01,1.2,50,34200
20231229,13:16:30,1.25,450,34200
20231229,13:17:57,1.3,50,34350
20231229,13:20:54,1.25,50,34350
20231229,13:25:37,1.25,50,34400
20231229,13:26:35,1.2,350,34400
20231229,13:26:40,1.2,50,34400
20231229,13:26:49,1.2,50,34400
20231229,13:27:22,1.25,50,34500
20231229,13:28:33,1.2,50,34500
20231229,13:30:51,1.2,500,34500
20231229,13:31:23,1.2,50,34500
20231229,13:33:25,1.2,50,34450
20231229,13:47:07,1.2,450,34400
20231229,13:47:08,1.2,50,34400
20231229,13:48:02,1.25,50,34400
20231229,13:50:26,1.25,50,34050
20231229,13:50:53,1.25,700,34150
20231229,13:50:56,1.25,300,34150
20231229,13:51:16,1.25,1300,34150
20231229,13:52:03,1.3,4200,34150
20231229,13:52:15,1.25,2600,34150
20231229,13:52:23,1.3,300,34150
20231229,13:52:25,1.3,50,34150
20231229,13:52:31,1.35,50,34150
20231229,13:52:36,1.35,900,34150
20231229,13:52:37,1.35,50,34150
20231229,13:52:41,1.35,50,34150
20231229,13:52:46,1.4,250,34150
20231229,13:53:04,1.35,50,34150
20231229,13:53:15,1.4,50,34150
20231229,13:53:21,1.4,750,34150
20231229,13:53:22,1.4,100,34150
20231229,13:53:46,1.4,100,34150
20231229,13:53:50,1.4,150,37050
20231229,13:53:51,1.45,1050,37050
20231229,13:53:52,1.45,550,37050
20231229,13:54:18,1.45,50,37050
20231229,13:54:50,1.45,50,37050
20231229,13:54:53,1.45,250,37050
20231229,13:54:55,1.45,50,37050
20231229,13:55:17,1.4,200,37050
20231229,13:55:20,1.4,350,37050
20231229,13:55:22,1.4,50,37050
20231229,13:55:25,1.4,100,37050
20231229,13:55:35,1.35,50,37050
20231229,13:55:46,1.4,50,37050
20231229,13:56:08,1.4,350,37050
20231229,13:56:46,1.45,400,37950
20231229,13:56:58,1.45,50,37950
20231229,13:56:59,1.4,50,37950
20231229,13:57:42,1.45,50,37950
20231229,14:00:26,1.45,300,38150
20231229,14:02:20,1.4,700,38150
20231229,14:02:21,1.4,250,38150
20231229,14:02:30,1.35,50,38150
20231229,14:03:00,1.35,1050,38900
20231229,14:03:15,1.3,100,38900
20231229,14:03:18,1.35,50,38900
20231229,14:03:21,1.35,50,38900
20231229,14:04:21,1.35,100,38900
20231229,14:04:30,1.35,250,38900
20231229,14:06:56,1.3,50,38400
20231229,14:06:57,1.35,50,38400
20231229,14:12:00,1.35,250,38400
20231229,14:13:47,1.35,50,38400
20231229,14:15:28,1.3,500,38150
20231229,14:18:13,1.35,50,38450
20231229,14:19:27,1.25,50,38450
20231229,14:19:43,1.3,50,38450
20231229,14:20:28,1.25,150,38450
20231229,14:24:08,1.25,100,38450
20231229,14:25:06,1.25,50,38500
20231229,14:25:08,1.25,50,38500
20231229,14:25:17,1.25,50,38500
20231229,14:25:20,1.25,50,38500
20231229,14:26:44,1.25,250,38500
20231229,14:27:38,1.25,900,38500
20231229,14:31:28,1.25,50,38650
20231229,14:32:08,1.2,50,38650
20231229,14:33:53,1.2,50,38650
20231229,14:36:00,1.2,300,38650
20231229,14:36:27,1.2,50,38650
20231229,14:37:04,1.15,50,38650
20231229,14:41:37,1.25,750,38300
20231229,14:45:26,1.25,50,38300
20231229,14:45:36,1.15,50,38300
20231229,14:46:02,1.25,50,38300
20231229,14:50:58,1.15,50,38400
20231229,15:00:28,1.15,250,38400
20231229,15:00:28,1.2,800,38400
20231229,15:00:52,1.2,150,38400
20231229,15:01:17,1.2,50,38400
20231229,15:02:11,1.2,50,38400
20231229,15:02:23,1.2,250,38400
20231229,15:02:40,1.25,750,38400
20231229,15:02:44,1.25,200,38400
20231229,15:04:06,1.25,500,38400
20231229,15:04:44,1.25,250,38950
20231229,15:04:46,1.25,1900,38950
20231229,15:04:59,1.25,850,38950
20231229,15:05:02,1.3,500,38950
20231229,15:05:14,1.3,200,38950
20231229,15:05:27,1.3,1600,38950
20231229,15:05:28,1.35,300,38950
20231229,15:05:29,1.35,800,38950
20231229,15:05:36,1.3,1000,38950
20231229,15:05:38,1.3,1900,38950
20231229,15:05:41,1.35,100,38950
20231229,15:05:45,1.3,1800,38950
20231229,15:05:47,1.3,450,38950
20231229,15:06:06,1.25,400,38950
20231229,15:06:23,1.25,300,42000
20231229,15:06:23,1.2,300,42000
20231229,15:06:35,1.15,400,42000
20231229,15:06:39,1.15,100,42000
20231229,15:08:39,1.25,200,42000
20231229,15:11:48,1.25,600,42000
20231229,15:12:00,1.2,200,42000
20231229,15:14:40,1.25,250,42000
20231229,15:15:30,1.25,250,42000
20231229,15:15:51,1.25,250,41950
20231229,15:16:31,1.25,250,41950
20231229,15:16:45,1.25,550,41950
20231229,15:16:46,1.25,300,41950
20231229,15:16:51,1.25,50,41950
20231229,15:17:02,1.25,50,41950
20231229,15:17:41,1.3,150,41950
20231229,15:20:00,1.25,350,41950
20231229,15:22:24,1.25,100,41650
20231229,15:22:27,1.25,100,42000
20231229,15:24:30,1.25,50,42000
20231229,15:25:48,1.3,550,41800
20231229,15:26:00,1.25,50,41800
20231229,15:27:55,1.2,50,41800
20231229,15:28:00,1.3,1000,41800
20231229,15:28:32,1.2,700,41800
20231229,15:29:07,1.3,1800,41800
20231229,15:29:40,1.15,250,41800
20231229,15:29:41,1.15,100,41800
20231229,15:29:47,1.15,50,41800
20231229,15:29:48,1.15,50,41800
20240101,09:15:05,1.3,1,39900
20240101,09:15:05,1.3,200,39900
20240101,09:15:11,1.3,100,39900
20240101,09:15:22,1.2,100,39900
20240101,09:15:39,1.15,50,39900
20240101,09:16:17,1.15,50,39900
20240101,09:16:22,1.2,200,39900
20240101,09:16:25,1.25,200,39900
20240101,09:16:45,1.2,350,39900
20240101,09:16:50,1.2,50,39900
20240101,09:17:07,1.2,100,39900
20240101,09:17:17,1.2,50,39900
20240101,09:17:18,1.2,50,39850
20240101,09:17:23,1.15,200,39850
20240101,09:17:25,1.15,50,39850
20240101,09:17:26,1.15,100,39850
20240101,09:17:41,1.15,150,39850
20240101,09:17:50,1.15,50,39850
20240101,09:18:03,1.15,200,39850
20240101,09:18:09,1.1,200,39850
20240101,09:18:10,1.1,50,39850
20240101,09:18:11,1.1,300,39850
20240101,09:18:25,1.1,100,39850
20240101,09:18:45,1.1,250,39850
20240101,09:18:55,1.1,200,39850
20240101,09:19:00,1.15,50,39850
20240101,09:19:09,1.15,850,39850
20240101,09:19:10,1.1,650,39850
20240101,09:19:14,1.1,150,39850
20240101,09:19:20,1.15,600,39850
20240101,09:20:02,1.1,50,39850
20240101,09:21:43,1.05,250,39850
20240101,09:21:46,1.05,200,39950
20240101,09:21:50,1.05,250,39950
20240101,09:21:50,1.05,500,39950
20240101,09:23:03,1.15,50,39950
20240101,09:23:06,1.1,600,39950
20240101,09:23:07,1.1,200,39950
20240101,09:23:19,1.15,50,40500
20240101,09:23:20,1.1,250,40500
20240101,09:24:20,1.05,200,40500
20240101,09:24:26,1.15,50,40500
20240101,09:24:43,1.15,50,40500
20240101,09:25:32,1.05,100,40500
20240101,09:25:44,1.15,200,40500
20240101,09:25:48,1.05,50,40500
20240101,09:25:59,1.15,100,40500
20240101,09:26:37,1.15,250,40500
20240101,09:26:45,1.15,200,40500
20240101,09:27:35,1.15,500,40500
20240101,09:27:43,1.1,200,40500
20240101,09:27:44,1.1,100,40500
20240101,09:27:55,1.05,400,40500
20240101,09:28:56,1.1,50,40500
20240101,09:30:16,1.05,50,40350
20240101,09:31:23,1.05,50,40350
20240101,09:32:32,1.1,700,40350
20240101,09:34:44,1.05,700,40300
20240101,09:35:26,1.1,200,40300
20240101,09:35:55,1.15,600,40300
20240101,09:36:58,1.05,600,40300
20240101,09:38:19,1.1,50,40300
20240101,09:39:15,1.1,50,40200
20240101,09:39:28,1.05,50,40200
20240101,09:39:37,1.05,50,40200
20240101,09:41:23,1.05,50,40250
20240101,09:44:10,1.1,50,40250
20240101,09:44:34,1.1,50,40250
20240101,09:45:34,1.05,200,40300
20240101,09:47:09,1.1,250,40300
20240101,09:47:20,1.1,100,40050
20240101,09:50:22,1.1,150,40050
20240101,09:51:08,1.05,50,40050
20240101,09:51:20,1.1,400,40050
20240101,09:52:18,1.1,2000,40050
20240101,09:52:23,1.1,1200,40050
20240101,09:52:24,1.1,50,40050
20240101,09:52:39,1.15,450,40050
20240101,09:52:56,1.15,50,40050
20240101,09:54:18,1.1,50,40050
20240101,09:54:35,1.15,400,36750
20240101,09:54:39,1.15,50,36750
20240101,09:54:52,1.25,1250,36750
20240101,09:55:01,1.2,300,36750
20240101,09:55:05,1.3,1850,36750
20240101,09:55:06,1.35,3350,36750
20240101,09:55:08,1.45,100,36750
20240101,09:55:10,1.3,1200,36750
20240101,09:55:11,1.35,50,36750
20240101,09:55:12,1.55,550,36750
20240101,09:55:20,1.45,50,36750
20240101,09:55:27,1.4,200,36750
20240101,09:55:39,1.35,1800,36750
20240101,09:55:40,1.4,2150,36750
20240101,09:55:41,1.4,1200,36750
20240101,09:55:44,1.4,350,36750
20240101,09:55:58,1.3,1800,36750
20240101,09:56:04,1.3,800,36750
20240101,09:56:05,1.3,200,36750
20240101,09:56:10,1.3,2000,36750
20240101,09:56:43,1.3,950,46050
20240101,09:56:51,1.4,2400,46050
20240101,09:56:52,1.35,400,46050
20240101,09:57:07,1.4,250,46050
20240101,09:57:08,1.4,50,46050
20240101,09:57:11,1.4,500,46050
20240101,09:57:13,1.4,200,46050
20240101,09:57:18,1.4,200,46050
20240101,09:57:23,1.4,1950,46050
20240101,09:57:24,1.4,1200,46050
20240101,09:57:25,1.35,800,46050
20240101,09:57:26,1.45,1050,46050
20240101,09:57:28,1.4,200,46050
20240101,09:57:43,1.45,50,46050
20240101,09:57:50,1.4,250,46050
20240101,09:57:57,1.4,400,46050
20240101,09:58:15,1.4,7200,46050
20240101,09:58:34,1.35,100,46050
20240101,09:58:47,1.4,50,46050
20240101,09:59:03,1.3,750,46050
20240101,09:59:18,1.35,50,46050
20240101,10:00:24,1.3,300,53000
20240101,10:00:32,1.3,100,53000
20240101,10:00:48,1.3,150,53000
20240101,10:00:53,1.3,250,53000
20240101,10:01:06,1.3,200,53000
20240101,10:01:55,1.3,1800,53000
20240101,10:02:57,1.3,50,53000
20240101,10:03:06,1.3,150,51400
20240101,10:05:49,1.3,50,51450
20240101,10:06:12,1.3,50,51450
20240101,10:06:16,1.25,400,51450
20240101,10:06:19,1.25,50,51450
20240101,10:07:16,1.25,50,51450
20240101,10:07:21,1.25,250,51450
20240101,10:07:24,1.25,50,51450
20240101,10:08:22,1.3,50,51650
20240101,10:08:30,1.25,50,51650
20240101,10:10:29,1.3,150,51650
20240101,10:10:40,1.3,50,51650
20240101,10:11:11,1.25,100,51650
20240101,10:11:31,1.25,50,51500
20240101,10:15:45,1.3,50,51450
20240101,10:16:29,1.3,50,51450
20240101,10:17:56,1.2,50,51450
20240101,10:18:06,1.25,550,51550
20240101,10:18:28,1.2,50,51550
20240101,10:20:07,1.2,650,51550
20240101,10:21:30,1.15,2000,51950
20240101,10:23:12,1.2,50,51950
20240101,10:24:40,1.2,50,51950
20240101,10:25:12,1.15,50,50500
20240101,10:25:29,1.2,500,50500
20240101,10:27:04,1.15,150,51000
20240101,10:27:04,1.15,100,51000
20240101,10:28:54,1.2,50,51000
20240101,10:31:01,1.15,100,50750
20240101,10:33:00,1.2,50,50750
20240101,10:36:38,1.15,500,50650
20240101,10:36:51,1.15,800,50650
20240101,10:36:59,1.15,550,50650
20240101,10:37:08,1.15,100,50650
20240101,10:37:08,1.15,50,50650
20240101,10:37:13,1.15,50,50650
20240101,10:38:20,1.15,50,50650
20240101,10:39:44,1.1,50,50650
20240101,10:40:45,1.15,850,50700
20240101,10:40:59,1.2,1850,50700
20240101,10:41:02,1.2,50,50700
20240101,10:41:07,1.2,50,50700
20240101,10:42:03,1.2,50,50700
20240101,10:43:08,1.2,600,49750
20240101,10:43:49,1.15,50,49750
20240101,10:44:56,1.2,500,49750
20240101,10:44:57,1.2,50,50000
20240101,10:46:12,1.2,1000,50000
20240101,10:46:13,1.15,1800,50000
20240101,10:46:22,1.15,1800,50000
20240101,10:46:28,1.15,1800,50000
20240101,10:46:34,1.1,1950,50000
20240101,10:46:35,1.15,50,50000
20240101,10:46:41,0.85,2200,50000
20240101,10:46:50,1.15,350,50000
20240101,10:46:53,1.15,50,50000
20240101,10:47:03,1.15,400,50000
20240101,10:47:06,1.2,400,50000
20240101,10:47:07,1.1,650,50000
20240101,10:47:09,1.2,400,50000
20240101,10:47:12,1.2,550,50000
20240101,10:47:13,1.15,50,50000
20240101,10:47:14,1.25,700,50000
20240101,10:47:26,1.2,50,50000
20240101,10:47:28,1.15,50,50000
20240101,10:47:30,1.2,250,54400
20240101,10:47:37,1.2,1900,54400
20240101,10:47:38,1.2,600,54400
20240101,10:47:43,1.2,2050,54400
20240101,10:47:51,1.2,650,54400
20240101,10:47:51,1.15,1900,54400
20240101,10:47:55,1.15,200,54400
20240101,10:48:00,1.15,100,54400
20240101,10:48:02,1.15,100,54400
20240101,10:48:07,1.05,1800,54400
20240101,10:48:08,1.1,50,54400
20240101,10:48:15,1.05,1800,54400
20240101,10:48:18,1.1,50,54400
20240101,10:48:19,1.15,250,54400
20240101,10:48:31,1.15,250,54400
20240101,10:48:35,1.15,250,54400
20240101,10:48:37,1.15,300,54400
20240101,10:49:57,1.1,450,54400
20240101,10:50:01,1.1,50,54400
20240101,10:50:19,1.15,200,54400
20240101,10:50:22,1.15,100,54400
20240101,10:50:51,1.15,250,61050
20240101,10:51:45,1.15,350,61050
20240101,10:51:48,1.2,500,61050
20240101,10:52:39,1.15,100,61050
20240101,10:53:03,1.15,300,61050
20240101,10:56:23,1.15,50,61150
20240101,10:57:40,1.15,100,61150
20240101,10:58:01,1.1,50,61150
20240101,10:59:12,1.15,50,61150
20240101,10:59:55,1.15,50,61150
20240101,11:00:50,1.15,150,61150
20240101,11:01:14,1.1,50,61150
20240101,11:01:51,1.15,100,61150
20240101,11:02:08,1.15,100,61150
20240101,11:03:10,1.15,50,61150
20240101,11:03:50,1.1,50,61150
20240101,11:04:39,1.15,400,61150
20240101,11:08:42,1.1,250,61150
20240101,11:08:43,1.1,250,61150
20240101,11:08:49,1.1,250,61150
20240101,11:08:51,1.05,500,61150
20240101,11:08:52,1.1,700,61150
20240101,11:09:36,1.1,50,61150
20240101,11:09:36,1.1,200,61150
20240101,11:10:23,1.1,50,61150
20240101,11:10:27,1.1,100,61150
20240101,11:10:52,1.1,50,61150
20240101,11:11:00,1.1,50,61150
20240101,11:11:18,1.1,50,61150
20240101,11:11:23,1.1,800,61150
20240101,11:11:29,1.05,50,61150
20240101,11:11:30,1.1,50,61150
20240101,11:11:34,1.1,50,61200
20240101,11:11:38,1.1,50,61200
20240101,11:11:42,1.1,50,61200
20240101,11:12:07,1.1,50,61200
20240101,11:13:07,1.1,250,61200
20240101,11:13:52,1.05,450,61200
20240101,11:15:02,1.1,50,61200
20240101,11:15:05,1.05,50,61200
20240101,11:15:32,1.1,450,61200
20240101,11:15:49,1.1,1200,61200
20240101,11:17:06,1.15,150,61200
20240101,11:21:20,1.15,250,61200
20240101,11:21:39,1.1,800,59600
20240101,11:21:39,1.1,100,59600
20240101,11:22:53,1.1,400,59600
20240101,11:23:43,1.05,450,60100
20240101,11:24:30,1.05,50,60100
20240101,11:24:57,1.05,600,60100
20240101,11:25:03,1.05,50,60100
20240101,11:26:03,1.1,50,60100
20240101,11:26:35,1.1,50,59450
20240101,11:27:04,1.05,50,59450
20240101,11:27:13,1.05,50,59450
20240101,11:27:45,1.05,50,59450
20240101,11:33:27,1.05,250,59300
20240101,11:34:39,1.1,50,59300
20240101,11:35:05,1.05,50,59300
20240101,11:35:12,1.05,250,59300
20240101,11:40:49,1.05,800,59300
20240101,11:42:44,1.05,350,59250
20240101,11:43:26,1.05,250,58450
20240101,11:43:28,1.05,50,58450
20240101,11:44:07,1.1,500,58450
20240101,11:44:17,1.05,50,58450
20240101,11:46:40,1.05,50,57750
20240101,11:48:10,1.05,50,57750
20240101,11:49:26,1.0,50,57750
20240101,11:51:59,1.0,50,57750
20240101,12:02:01,1.05,250,57700
20240101,12:03:31,1.05,50,57700
20240101,12:04:48,1.05,100,57700
20240101,12:04:49,1.0,100,57700
20240101,12:05:09,1.05,100,57700
20240101,12:05:14,1.05,100,57700
20240101,12:05:27,1.0,100,57700
20240101,12:05:31,1.05,100,57700
20240101,12:05:40,1.05,50,57700
20240101,12:06:41,1.0,250,57700
20240101,12:08:52,1.05,200,57700
20240101,12:08:54,0.95,250,57750
20240101,12:08:58,1.05,200,57750
20240101,12:09:59,1.0,50,57750
20240101,12:10:26,1.0,50,57750
20240101,12:10:28,1.05,700,57750
20240101,12:10:30,1.15,9800,57750
20240101,12:10:31,0.95,5600,57750
20240101,12:10:32,1.05,8500,57750
20240101,12:10:33,1.15,200,57750
20240101,12:10:34,1.15,600,57750
20240101,12:10:47,1.1,300,57750
20240101,12:10:48,1.15,50,57750
20240101,12:10:58,1.1,150,57750
20240101,12:10:59,1.15,350,57750
20240101,12:11:02,1.15,1550,57750
20240101,12:11:03,1.25,16300,57750
20240101,12:11:05,1.2,13500,57750
20240101,12:11:06,1.2,5200,57750
20240101,12:11:07,1.2,1550,57750
20240101,12:11:08,1.15,2250,57750
20240101,12:11:09,1.5,4600,57750
20240101,12:11:10,1.1,3550,57750
20240101,12:11:11,1.45,4750,57750
20240101,12:11:12,1.2,2200,57750
20240101,12:11:13,1.25,2150,57750
20240101,12:11:15,1.25,450,57750
20240101,12:11:15,1.2,50,57750
20240101,12:11:18,1.2,400,57750
20240101,12:11:20,1.1,4650,57750
20240101,12:11:21,1.15,50,57750
20240101,12:11:22,1.1,8400,57750
20240101,12:11:24,1.15,12250,57750
20240101,12:11:25,1.2,2300,57750
20240101,12:11:25,1.2,6600,57750
20240101,12:11:27,1.1,8350,57750
20240101,12:11:28,1.2,600,57750
20240101,12:11:29,1.25,4800,57750
20240101,12:11:30,1.6,6650,57750
20240101,12:11:32,1.15,3500,57750
20240101,12:11:33,1.2,7550,57750
20240101,12:11:53,1.1,50,65700
20240101,12:11:55,1.1,250,65700
20240101,12:11:58,1.1,750,65700
20240101,12:12:07,1.2,4450,65700
20240101,12:12:09,1.15,2350,65700
20240101,12:12:10,1.2,200,65700
20240101,12:12:11,1.15,1000,65700
20240101,12:12:13,1.25,650,65700
20240101,12:12:15,1.25,250,65700
20240101,12:12:16,1.15,400,65700
20240101,12:12:17,1.35,3450,65700
20240101,12:12:18,1.25,750,65700
20240101,12:12:19,1.45,250,65700
20240101,12:12:20,1.2,900,65700
20240101,12:12:24,1.4,800,65700
20240101,12:12:32,1.35,2100,65700
20240101,12:12:37,1.3,1050,65700
20240101,12:12:47,1.25,200,65700
20240101,12:13:03,1.25,700,65700
20240101,12:13:10,1.25,250,65700
20240101,12:13:12,1.3,2300,65700
20240101,12:13:13,1.3,150,65700
20240101,12:13:37,1.25,50,65700
20240101,12:13:45,1.25,200,65700
20240101,12:14:08,1.25,150,65700
20240101,12:14:10,1.25,150,65700
20240101,12:14:23,1.25,50,65700
20240101,12:14:24,1.3,1100,65700
20240101,12:14:25,1.25,50,65700
20240101,12:14:31,1.35,1800,65700
20240101,12:14:32,1.35,50,65700
20240101,12:14:35,1.35,50,65700
20240101,12:14:38,1.35,350,65700
20240101,12:14:39,1.35,50,65700
20240101,12:14:54,1.3,50,71900
20240101,12:14:55,1.3,50,71900
20240101,12:14:59,1.3,50,71900
20240101,12:15:01,1.3,50,71900
20240101,12:15:09,1.35,1800,71900
20240101,12:15:13,1.3,100,71900
20240101,12:16:02,1.35,500,71900
20240101,12:16:06,1.3,50,71900
20240101,12:16:08,1.0,12950,71900
20240101,12:16:09,1.25,550,71900
20240101,12:16:10,1.3,400,71900
20240101,12:16:11,1.3,50,71900
20240101,12:16:11,1.45,11250,71900
20240101,12:16:13,1.25,21900,71900
20240101,12:16:16,1.35,2650,71900
20240101,12:16:21,1.3,1800,71900
20240101,12:16:24,1.25,1800,71900
20240101,12:16:26,1.3,250,71900
20240101,12:16:28,1.25,3250,71900
20240101,12:16:31,1.3,1800,71900
20240101,12:16:38,1.3,300,71900
20240101,12:16:38,1.25,100,71900
20240101,12:17:26,1.25,1800,71900
20240101,12:17:33,1.25,100,71900
20240101,12:17:35,1.25,150,71900
20240101,12:17:42,1.3,200,74550
20240101,12:17:47,1.25,50,74550
20240101,12:17:50,1.25,50,74550
20240101,12:18:09,1.25,50,74550
20240101,12:18:12,1.25,600,74550
20240101,12:18:26,1.25,100,74550
20240101,12:18:41,1.2,1850,74550
20240101,12:20:08,1.15,250,74550
20240101,12:20:15,1.1,500,74550
20240101,12:20:16,1.15,50,74550
20240101,12:20:19,1.15,1150,74550
20240101,12:20:39,1.15,300,74550
20240101,12:20:57,1.15,300,75000
20240101,12:21:03,1.15,1050,75000
20240101,12:21:06,1.15,50,75000
20240101,12:21:30,1.15,50,75000
20240101,12:21:41,1.15,750,75000
20240101,12:21:42,1.2,750,75000
20240101,12:22:27,1.15,50,75000
20240101,12:22:28,1.15,250,75000
20240101,12:22:56,1.1,500,75000
20240101,12:22:58,1.15,50,75000
20240101,12:23:57,1.15,50,75000
20240101,12:26:12,1.15,100,72500
20240101,12:26:52,1.15,50,72500
20240101,12:27:20,1.15,50,72400
20240101,12:29:14,1.1,250,72400
20240101,12:29:15,1.1,100,72400
20240101,12:29:16,1.1,1050,72400
20240101,12:29:17,1.1,50,72400
20240101,12:30:00,1.15,500,72400
20240101,12:31:13,1.05,100,71600
20240101,12:31:14,1.05,150,71600
20240101,12:37:51,1.15,50,71200
20240101,12:39:10,1.15,50,71200
20240101,12:40:45,1.1,1350,71200
20240101,12:42:45,1.15,50,70600
20240101,12:43:28,1.15,200,70600
20240101,12:44:24,1.15,750,70600
20240101,12:44:30,1.1,150,70600
20240101,12:44:54,1.1,50,70600
20240101,12:47:32,1.1,100,68750
20240101,12:50:58,1.1,50,68750
20240101,12:51:11,1.1,50,68600
20240101,12:51:42,1.1,1250,68600
20240101,12:52:28,1.2,50,68600
20240101,12:54:15,1.15,250,68500
20240101,13:00:26,1.15,400,68500
20240101,13:00:26,1.15,550,68550
20240101,13:01:43,1.15,100,68550
20240101,13:02:21,1.15,50,68550
20240101,13:02:27,1.15,200,68550
20240101,13:03:08,1.15,400,68000
20240101,13:03:28,1.15,50,68000
20240101,13:04:39,1.15,500,68000
20240101,13:04:52,1.2,50,68000
20240101,13:10:15,1.15,50,68000
20240101,13:18:06,1.2,50,68200
20240101,13:18:14,1.15,50,68200
20240101,13:27:09,1.15,50,68200
20240101,13:44:37,1.15,50,68200
20240101,13:45:19,1.2,50,68200
20240101,13:47:22,1.2,1500,68200
20240101,13:48:17,1.2,50,67350
20240101,13:48:43,1.2,300,67350
20240101,13:48:45,1.2,250,67350
20240101,13:49:29,1.25,50,67350
20240101,13:51:46,1.2,50,67450
20240101,13:53:19,1.25,50,67450
20240101,13:53:27,1.2,250,67450
20240101,13:53:32,1.15,50,67450
20240101,13:54:02,1.25,50,67550
20240101,13:54:49,1.25,50,67550
20240101,13:55:30,1.15,50,67550
20240101,13:55:34,1.15,50,67550
20240101,13:56:11,1.25,50,67550
20240101,13:56:43,1.15,50,67550
20240101,13:58:28,1.25,150,67700
20240101,13:58:41,1.25,500,67700
20240101,13:58:42,1.25,600,67700
20240101,13:58:53,1.25,650,67700
20240101,13:59:00,1.25,500,67700
20240101,13:59:01,1.25,150,67700
20240101,13:59:02,1.25,1750,67700
20240101,13:59:03,1.25,50,67700
20240101,13:59:07,1.3,350,67700
20240101,13:59:09,1.3,750,67700
20240101,13:59:10,1.3,50,67700
20240101,13:59:12,1.3,250,67700
20240101,13:59:16,1.35,50,67700
20240101,13:59:17,1.3,50,67700
20240101,13:59:21,1.35,1800,67700
20240101,13:59:27,1.35,1800,67700
20240101,13:59:28,1.35,650,67700
20240101,13:59:31,1.35,200,67700
20240101,13:59:32,1.35,1500,67700
20240101,13:59:42,1.3,1500,67700
20240101,13:59:45,1.3,100,67700
20240101,13:59:45,1.35,250,67700
20240101,13:59:50,1.35,1800,67700
20240101,13:59:51,1.35,450,67700
20240101,13:59:52,1.35,50,67700
20240101,14:00:16,1.35,50,75950
20240101,14:00:30,1.35,50,75950
20240101,14:00:48,1.4,2400,75950
20240101,14:01:23,1.35,1800,75950
20240101,14:01:26,1.35,1850,75950
20240101,14:01:30,1.35,250,75950
20240101,14:01:30,1.4,1850,75950
20240101,14:01:31,1.35,50,75950
20240101,14:01:37,1.35,300,75950
20240101,14:01:44,1.35,1800,75950
20240101,14:02:02,1.35,400,75950
20240101,14:02:02,1.35,600,75950
20240101,14:02:05,1.35,250,75950
20240101,14:02:08,1.35,250,75950
20240101,14:02:08,1.35,400,75950
20240101,14:02:09,1.35,400,75950
20240101,14:02:10,1.35,750,75950
20240101,14:02:17,1.35,250,75950
20240101,14:02:25,1.4,200,75950
20240101,14:02:27,1.35,50,75950
20240101,14:02:33,1.4,600,75950
20240101,14:02:43,1.4,100,75950
20240101,14:02:50,1.45,1800,75950
20240101,14:03:14,1.4,1500,84450
20240101,14:03:37,1.4,350,84450
20240101,14:03:39,1.45,100,84450
20240101,14:03:43,1.45,100,84450
20240101,14:03:52,1.45,50,84450
20240101,14:03:55,1.45,1200,84450
20240101,14:04:14,1.45,100,84450
20240101,14:04:15,1.45,1850,84450
20240101,14:04:18,1.45,700,84450
20240101,14:04:19,1.55,2000,84450
20240101,14:04:24,1.45,150,84450
20240101,14:04:27,1.45,350,84450
20240101,14:04:32,1.55,150,84450
20240101,14:04:41,1.5,1700,84450
20240101,14:04:54,1.55,1050,84450
20240101,14:05:03,1.5,50,84450
20240101,14:05:13,1.5,50,84450
20240101,14:05:17,1.55,250,84450
20240101,14:05:18,1.55,200,84450
20240101,14:05:21,1.65,3050,84450
20240101,14:05:22,1.6,950,84450
20240101,14:05:27,1.55,100,84450
20240101,14:05:28,1.7,3600,84450
20240101,14:05:50,1.6,100,84450
20240101,14:06:11,1.6,500,84450
20240101,14:06:25,1.55,50,92750
20240101,14:06:47,1.55,50,92750
20240101,14:06:54,1.7,2450,92750
20240101,14:07:10,1.55,500,92750
20240101,14:07:12,1.55,50,92750
20240101,14:07:18,1.6,250,92750
20240101,14:07:18,1.65,1750,92750
20240101,14:07:45,1.6,1650,92750
20240101,14:07:56,1.55,50,92750
20240101,14:07:58,1.55,50,92750
20240101,14:08:07,1.55,1800,92750
20240101,14:08:13,1.6,1800,92750
20240101,14:08:14,1.6,2150,92750
20240101,14:08:18,1.6,300,92750
20240101,14:08:20,1.6,900,92750
20240101,14:08:22,1.65,3800,92750
20240101,14:08:59,1.6,1800,98250
20240101,14:09:12,1.6,450,98250
20240101,14:09:36,1.55,400,98250
20240101,14:09:50,1.55,200,98250
20240101,14:09:51,1.55,50,98250
20240101,14:09:55,1.55,400,98250
20240101,14:10:01,1.55,500,98250
20240101,14:10:24,1.55,400,98250
20240101,14:10:27,1.5,50,98250
20240101,14:10:29,1.45,250,98250
20240101,14:10:31,1.5,100,98250
20240101,14:10:35,1.5,50,98250
20240101,14:10:40,1.5,250,98250
20240101,14:10:58,1.5,600,98250
20240101,14:11:31,1.55,950,98250
20240101,14:11:44,1.55,1800,98250
20240101,14:11:48,1.55,200,98250
20240101,14:11:50,1.6,1950,98250
20240101,14:12:09,1.65,1800,98250
20240101,14:12:11,1.65,350,102350
20240101,14:12:12,1.65,350,102350
20240101,14:12:13,1.65,300,102350
20240101,14:12:14,1.65,1000,102350
20240101,14:12:15,1.65,850,102350
20240101,14:12:50,1.65,1800,102350
20240101,14:12:58,1.65,650,102350
20240101,14:12:59,1.65,100,102350
20240101,14:13:01,1.65,50,102350
20240101,14:13:03,1.6,1800,102350
20240101,14:13:26,1.6,400,102350
20240101,14:13:31,1.65,1800,102350
20240101,14:13:36,1.65,1800,102350
20240101,14:13:37,1.65,1350,102350
20240101,14:13:38,1.7,1800,102350
20240101,14:13:41,1.6,50,102350
20240101,14:13:42,1.65,600,102350
20240101,14:13:43,1.6,200,102350
20240101,14:13:53,1.65,500,102350
20240101,14:13:57,1.65,100,102350
20240101,14:14:03,1.65,150,102350
20240101,14:14:14,1.65,100,102350
20240101,14:14:36,1.65,300,102350
20240101,14:14:40,1.65,1800,102350
20240101,14:14:40,1.65,950,102350
20240101,14:14:43,1.65,800,102350
20240101,14:14:47,1.65,600,102350
20240101,14:14:48,1.65,2300,102350
20240101,14:14:49,1.65,50,102350
20240101,14:14:50,1.65,650,102350
20240101,14:14:53,1.7,1800,102350
20240101,14:15:02,1.65,1400,114850
20240101,14:15:05,1.7,1800,114850
20240101,14:15:12,1.7,1800,114850
20240101,14:15:17,1.65,100,114850
20240101,14:15:39,1.65,50,114850
20240101,14:16:19,1.65,200,114850
20240101,14:17:23,1.65,2300,114850
20240101,14:17:27,1.65,1800,114850
20240101,14:17:29,1.65,900,114850
20240101,14:17:32,1.65,250,114850
20240101,14:17:40,1.65,2100,114850
20240101,14:17:53,1.75,2850,114850
20240101,14:17:54,1.75,100,114850
20240101,14:17:56,1.8,2900,114850
20240101,14:18:00,1.8,50,122200
20240101,14:18:01,1.85,2900,122200
20240101,14:18:06,1.85,200,122200
20240101,14:18:07,1.85,300,122200
20240101,14:18:09,1.8,1050,122200
20240101,14:18:11,1.85,300,122200
20240101,14:18:14,1.85,300,122200
20240101,14:18:18,1.85,3600,122200
20240101,14:18:21,1.9,2100,122200
20240101,14:18:32,1.9,2750,122200
20240101,14:18:39,1.9,2350,122200
20240101,14:18:43,1.85,50,122200
20240101,14:18:45,1.9,950,122200
20240101,14:18:48,1.9,1800,122200
20240101,14:18:49,1.9,2100,122200
20240101,14:18:50,1.9,300,122200
20240101,14:18:53,1.95,1800,122200
20240101,14:18:54,2.15,1200,122200
20240101,14:18:59,1.9,2100,122200
20240101,14:19:03,1.95,250,122200
20240101,14:19:09,1.9,3600,122200
20240101,14:19:10,1.9,1800,122200
20240101,14:19:28,1.85,50,122200
20240101,14:19:31,1.85,50,122200
20240101,14:19:32,1.85,50,122200
20240101,14:19:34,1.85,100,122200
20240101,14:19:36,1.85,50,122200
20240101,14:19:37,1.85,50,122200
20240101,14:19:39,1.8,2150,122200
20240101,14:19:59,1.8,950,122200
20240101,14:20:00,1.8,50,122200
20240101,14:20:16,1.75,1900,122200
20240101,14:20:39,1.75,1200,122200
20240101,14:21:48,1.75,1000,140800
20240101,14:21:56,1.75,1000,140800
20240101,14:22:00,1.75,2250,140800
20240101,14:22:01,1.75,50,140800
20240101,14:22:22,1.75,2100,140800
20240101,14:22:45,1.7,1800,140800
20240101,14:22:55,1.7,1850,140800
20240101,14:23:31,1.7,1300,140800
20240101,14:23:37,1.7,2150,140800
20240101,14:23:38,1.7,2150,140800
20240101,14:23:39,1.7,4950,140800
20240101,14:23:40,1.7,250,140800
20240101,14:23:49,1.65,250,140800
20240101,14:23:52,1.7,50,140800
20240101,14:24:14,1.65,400,139400
20240101,14:24:15,1.65,1200,139400
20240101,14:24:37,1.65,150,139400
20240101,14:25:03,1.7,1000,139400
20240101,14:25:12,1.7,50,139400
20240101,14:25:20,1.65,600,139400
20240101,14:26:38,1.65,550,139400
20240101,14:27:29,1.65,500,139400
20240101,14:27:29,1.65,250,139050
20240101,14:27:42,1.65,500,139050
20240101,14:27:52,1.7,1800,139050
20240101,14:27:53,1.7,1800,139050
20240101,14:27:54,1.7,2250,139050
20240101,14:27:56,1.7,2200,139050
20240101,14:28:05,1.7,50,139050
20240101,14:28:22,1.7,1000,139050
20240101,14:28:22,1.7,50,139050
20240101,14:28:28,1.7,750,139050
20240101,14:28:51,1.7,850,139050
20240101,14:29:03,1.7,550,139050
20240101,14:29:24,1.65,1050,139050
20240101,14:30:11,1.65,50,138100
20240101,14:30:39,1.7,800,138100
20240101,14:31:38,1.7,350,138100
20240101,14:33:10,1.65,100,138050
20240101,14:34:45,1.6,850,138050
20240101,14:35:21,1.65,50,138050
20240101,14:36:18,1.65,50,138050
20240101,14:38:39,1.6,200,137750
20240101,14:39:19,1.6,50,137900
20240101,14:39:40,1.6,50,137900
20240101,14:40:27,1.6,1400,137900
20240101,14:42:24,1.65,650,137900
20240101,14:42:25,1.7,1900,137750
20240101,14:42:38,1.6,50,137750
20240101,14:42:46,1.7,1600,137750
20240101,14:42:48,1.75,50,137750
20240101,14:42:51,1.7,50,137750
20240101,14:43:14,1.75,200,137750
20240101,14:43:26,1.7,800,137750
20240101,14:43:27,1.7,1200,137750
20240101,14:43:37,1.75,50,137750
20240101,14:43:40,1.7,200,137750
20240101,14:43:43,1.75,500,137750
20240101,14:43:46,1.75,100,137750
20240101,14:43:48,1.75,100,137750
20240101,14:43:52,1.75,50,137750
20240101,14:43:53,1.75,250,137750
20240101,14:43:55,1.75,150,137750
20240101,14:43:57,1.8,1800,137750
20240101,14:44:05,1.8,400,137750
20240101,14:44:06,1.8,250,137750
20240101,14:44:08,1.8,1200,137750
20240101,14:44:09,1.8,1050,137750
20240101,14:44:12,1.8,600,137750
20240101,14:44:45,1.8,600,137750
20240101,14:44:53,1.8,150,137750
20240101,14:44:59,1.8,1100,137750
20240101,14:45:38,1.85,150,137750
20240101,14:46:00,1.85,1200,144900
20240101,14:46:46,1.8,600,144900
20240101,14:46:54,1.75,250,144900
20240101,14:47:35,1.75,400,144900
20240101,14:47:50,1.8,50,144900
20240101,14:48:10,1.75,800,145100
20240101,14:48:23,1.75,100,145100
20240101,14:49:09,1.75,300,145100
20240101,14:49:11,1.75,250,145100
20240101,14:49:12,1.75,250,145100
20240101,14:49:13,1.75,250,145100
20240101,14:49:44,1.75,800,145100
20240101,14:50:04,1.75,500,145100
20240101,14:50:05,1.75,550,145100
20240101,14:51:53,1.75,300,144750
20240101,14:52:18,1.75,1800,144750
20240101,14:52:29,1.75,500,144750
20240101,14:53:03,1.7,250,144750
20240101,14:53:08,1.7,450,144750
20240101,14:53:53,1.7,1000,144750
20240101,14:54:17,1.7,150,144800
20240101,14:54:51,1.75,250,144800
20240101,14:55:03,1.75,250,144800
20240101,14:55:10,1.75,250,144800
20240101,14:55:11,1.75,250,144800
20240101,14:55:14,1.75,250,144800
20240101,14:55:35,1.75,250,144800
20240101,14:58:31,1.7,550,144800
20240101,14:59:36,1.75,50,144050
20240101,15:00:05,1.75,250,144050
20240101,15:00:47,1.75,50,144050
20240101,15:01:08,1.75,400,144050
20240101,15:01:09,1.75,250,144050
20240101,15:01:12,1.75,250,144050
20240101,15:01:32,1.7,50,144050
20240101,15:03:23,1.6,350,144100
20240101,15:04:00,1.6,250,144100
20240101,15:04:03,1.6,250,144100
20240101,15:04:23,1.6,350,144100
20240101,15:04:49,1.6,250,144100
20240101,15:04:59,1.6,300,144100
20240101,15:05:03,1.6,250,144100
20240101,15:05:16,1.6,250,144100
20240101,15:05:19,1.6,100,144100
20240101,15:05:25,1.6,400,144100
20240101,15:05:30,1.7,50,144100
20240101,15:06:11,1.7,950,144100
20240101,15:06:40,1.65,200,144150
20240101,15:06:44,1.6,200,144150
20240101,15:06:49,1.65,200,144150
20240101,15:06:50,1.65,200,144150
20240101,15:06:56,1.65,400,144150
20240101,15:06:57,1.65,1400,144150
20240101,15:07:03,1.6,200,144150
20240101,15:07:04,1.6,800,144150
20240101,15:07:05,1.65,400,144150
20240101,15:07:39,1.6,50,144150
20240101,15:07:50,1.6,1800,144150
20240101,15:07:57,1.6,2000,144150
20240101,15:08:02,1.6,100,144150
20240101,15:08:15,1.6,200,144150
20240101,15:08:56,1.65,50,144150
20240101,15:09:58,1.6,350,144150
20240101,15:10:42,1.55,50,146900
20240101,15:11:22,1.55,850,146900
20240101,15:12:26,1.55,900,145950
20240101,15:12:31,1.5,100,145950
20240101,15:12:40,1.5,100,145950
20240101,15:12:41,1.45,150,145950
20240101,15:12:58,1.45,550,145950
20240101,15:14:23,1.5,1200,145950
20240101,15:14:24,1.5,1000,145950
20240101,15:14:57,1.45,1800,145950
20240101,15:15:32,1.45,50,143150
20240101,15:16:12,1.4,50,143150
20240101,15:16:13,1.4,300,143150
20240101,15:16:51,1.4,200,143150
20240101,15:17:10,1.45,100,143150
20240101,15:18:44,1.45,150,143200
20240101,15:19:42,1.45,450,143200
20240101,15:19:51,1.4,50,143200
20240101,15:19:52,1.4,50,143200
20240101,15:20:00,1.4,100,143200
20240101,15:22:20,1.4,50,142900
20240101,15:24:02,1.5,450,142900
20240101,15:24:09,1.5,250,142900
20240101,15:24:10,1.5,250,143050
20240101,15:24:16,1.5,800,143050
20240101,15:24:40,1.45,50,143050
20240101,15:24:46,1.5,50,143050
20240101,15:24:47,1.5,50,143050
20240101,15:25:01,1.45,100,143050
20240101,15:25:02,1.5,100,143050
20240101,15:25:03,1.45,100,143050
20240101,15:25:04,1.45,100,143050
20240101,15:25:07,1.4,100,143050
20240101,15:25:09,1.4,100,143050
20240101,15:25:10,1.4,100,143050
20240101,15:25:11,1.4,100,143050
20240101,15:25:16,1.4,100,143050
20240101,15:25:32,1.45,250,143050
20240101,15:25:39,1.35,1800,143050
20240101,15:25:43,1.35,1800,143050
20240101,15:25:49,1.45,400,143050
20240101,15:25:50,1.45,1000,143050
20240101,15:25:51,1.45,600,143050
20240101,15:25:52,1.35,250,143050
20240101,15:25:58,1.35,500,143050
20240101,15:26:00,1.35,250,143050
20240101,15:26:22,1.3,250,143050
20240101,15:26:23,1.25,50,143050
20240101,15:26:24,1.25,50,143050
20240101,15:27:20,1.3,950,143050
20240101,15:27:21,1.3,1800,143900
20240101,15:27:46,1.3,1800,143900
20240101,15:27:53,1.3,50,143900
20240101,15:27:56,1.3,950,143900
20240101,15:29:07,1.3,50,143900
20240101,15:29:38,1.35,100,143900
20240101,15:29:54,1.3,50,143900
20240101,15:29:57,1.3,50,143900
20240101,15:29:58,1.3,50,143900
20240101,15:30:00,1.3,50,143900
20240102,09:15:03,1.2,1,143900
20240102,09:15:03,1.2,50,143900
20240102,09:15:04,1.5,50,140350
20240102,09:15:18,1.5,100,140350
20240102,09:15:39,1.05,450,140350
20240102,09:15:47,1.55,1200,140350
20240102,09:15:52,1.15,1500,140350
20240102,09:15:58,1.15,350,140350
20240102,09:15:59,1.15,750,140350
20240102,09:16:18,1.15,1650,140350
20240102,09:16:19,1.15,750,140350
20240102,09:16:24,1.2,50,140350
20240102,09:16:25,1.15,50,140350
20240102,09:16:31,1.2,1200,140350
20240102,09:16:37,1.2,250,140350
20240102,09:16:38,1.15,250,140350
20240102,09:16:39,1.15,300,140350
20240102,09:16:46,1.2,250,140350
20240102,09:17:05,1.2,50,140350
20240102,09:17:25,1.15,50,142500
20240102,09:17:25,1.15,150,142500
20240102,09:17:40,1.15,50,142500
20240102,09:18:08,1.15,500,142500
20240102,09:19:10,1.2,50,142500
20240102,09:20:05,1.2,700,142500
20240102,09:20:12,1.2,100,142500
20240102,09:20:38,1.2,550,141650
20240102,09:20:43,1.15,50,141650
20240102,09:20:44,1.15,400,141650
20240102,09:20:45,1.15,50,141650
20240102,09:21:00,1.2,50,141650
20240102,09:22:07,1.2,1850,141650
20240102,09:22:49,1.15,250,141650
20240102,09:24:24,1.1,450,140300
20240102,09:24:48,1.15,300,140300
20240102,09:25:06,1.05,650,140300
20240102,09:25:07,1.05,150,140300
20240102,09:25:10,1.05,400,140300
20240102,09:25:11,1.05,100,140300
20240102,09:25:42,1.05,250,140300
20240102,09:25:47,1.1,250,140300
20240102,09:26:05,1.1,250,140300
20240102,09:26:38,1.1,800,140800
20240102,09:27:01,1.15,50,140800
20240102,09:27:09,1.1,500,140800
20240102,09:27:29,1.15,1000,140800
20240102,09:29:50,1.15,250,139750
20240102,09:30:20,1.1,50,139750
20240102,09:32:06,1.1,500,139750
20240102,09:33:56,1.1,50,139750
20240102,09:34:05,1.1,300,140000
20240102,09:34:06,1.15,1900,140000
20240102,09:34:16,1.15,100,140000
20240102,09:34:18,1.1,1850,140000
20240102,09:34:19,1.05,1600,140000
20240102,09:34:38,1.15,2100,140000
20240102,09:34:41,1.15,1800,140000
20240102,09:35:36,1.15,50,136000
20240102,09:36:17,1.15,1500,136000
20240102,09:37:28,1.2,250,136000
20240102,09:37:47,1.2,50,136000
20240102,09:38:54,1.15,400,135950
20240102,09:39:13,1.15,50,135950
20240102,09:43:53,1.1,50,135950
20240102,09:51:11,1.1,250,135600
20240102,09:54:12,1.1,1800,135600
20240102,09:55:01,1.1,550,135500
20240102,09:55:05,1.1,500,135500
20240102,09:55:09,1.15,150,135500
20240102,09:55:12,1.1,200,135500
20240102,09:56:17,1.1,50,135500
20240102,09:57:13,1.05,100,134900
20240102,09:57:16,1.05,1250,134900
20240102,09:57:23,1.1,50,134900
20240102,09:57:40,1.05,400,134900
20240102,09:58:09,1.05,250,134900
20240102,09:58:27,1.0,2150,134900
20240102,09:58:28,1.0,150,134900
20240102,09:58:30,1.0,750,134900
20240102,09:58:31,1.0,250,134900
20240102,09:58:32,1.0,1300,134900
20240102,09:58:38,0.95,500,134900
20240102,09:58:39,0.95,100,134900
20240102,09:58:44,1.0,250,134900
20240102,09:58:58,1.05,250,134900
20240102,10:01:01,1.05,50,130100
20240102,10:01:30,0.95,250,130100
20240102,10:01:38,0.95,1800,130100
20240102,10:01:46,0.95,250,130100
20240102,10:01:55,0.95,50,130100
20240102,10:02:31,0.9,1500,130250
20240102,10:02:40,0.9,1250,130250
20240102,10:02:58,0.9,250,130250
20240102,10:03:51,0.85,250,130250
20240102,10:03:55,0.85,50,130250
20240102,10:05:44,0.85,1750,130000
20240102,10:05:53,0.95,1800,130000
20240102,10:05:55,0.95,2100,130000
20240102,10:06:01,0.95,1850,130000
20240102,10:06:11,0.95,250,130000
20240102,10:07:44,0.95,600,130000
20240102,10:07:46,0.95,250,130000
20240102,10:09:52,1.0,50,129050
20240102,10:10:06,0.95,50,129050
20240102,10:18:23,1.0,250,129050
20240102,10:21:58,1.0,50,129000
20240102,10:22:28,1.05,400,129000
20240102,10:23:36,1.05,50,129000
20240102,10:24:29,1.05,50,128950
20240102,10:24:35,1.0,50,128950
20240102,10:24:41,1.0,50,128950
20240102,10:24:44,1.05,50,128950
20240102,10:25:02,1.0,250,128950
20240102,10:25:13,1.0,250,128950
20240102,10:25:44,1.0,450,128950
20240102,10:26:42,1.05,1800,128950
20240102,10:26:44,1.05,450,129000
20240102,10:27:11,1.05,50,129000
20240102,10:27:12,1.05,600,129000
20240102,10:27:38,1.0,50,129000
20240102,10:27:45,1.0,50,129000
20240102,10:28:12,1.0,200,129000
20240102,10:28:13,0.95,3600,129000
20240102,10:28:28,0.95,1700,129000
20240102,10:28:29,0.95,150,129000
20240102,10:29:05,0.9,300,129000
20240102,10:29:46,0.85,2550,126650
20240102,10:29:55,0.9,100,126650
20240102,10:30:27,0.85,350,126650
20240102,10:30:28,0.85,150,126650
20240102,10:30:39,0.8,3950,126650
20240102,10:30:43,0.8,4950,126650
20240102,10:30:44,0.8,2300,126650
20240102,10:30:47,0.8,250,126650
20240102,10:30:48,0.85,200,126650
20240102,10:31:36,0.8,1850,126650
20240102,10:31:37,0.75,550,126650
20240102,10:31:42,0.75,50,126650
20240102,10:31:46,0.75,50,126650
20240102,10:31:48,0.85,800,126650
20240102,10:31:50,0.85,50,126650
20240102,10:31:51,0.75,1850,126650
20240102,10:32:00,0.75,50,126650
20240102,10:32:06,0.8,50,126650
20240102,10:32:07,0.75,2100,126650
20240102,10:32:31,0.8,100,112500
20240102,10:32:59,0.8,500,112500
20240102,10:33:00,0.8,400,112500
20240102,10:33:52,0.8,500,112500
20240102,10:33:53,0.8,500,112500
20240102,10:34:11,0.85,300,112500
20240102,10:34:21,0.85,50,112500
20240102,10:34:49,0.85,450,112500
20240102,10:34:52,0.8,5250,112500
20240102,10:34:52,0.85,3150,112500
20240102,10:34:53,0.85,4000,112500
20240102,10:34:55,0.9,150,112500
20240102,10:34:56,0.9,100,112500
20240102,10:35:14,0.85,300,112500
20240102,10:35:14,0.8,2250,112500
20240102,10:37:01,0.85,300,103050
20240102,10:37:15,0.85,200,103050
20240102,10:37:31,0.9,100,103050
20240102,10:38:08,0.85,300,103050
20240102,10:38:12,0.85,150,103050
20240102,10:38:14,0.85,1800,103050
20240102,10:38:14,0.85,100,103050
20240102,10:38:29,0.85,50,103050
20240102,10:39:13,0.85,150,103050
20240102,10:39:56,0.9,250,101400
20240102,10:39:58,0.9,250,101400
20240102,10:40:09,0.9,450,101400
20240102,10:40:23,0.9,200,101400
20240102,10:41:02,0.9,1200,101400
20240102,10:41:06,0.9,750,101400
20240102,10:41:30,0.95,1800,101400
20240102,10:41:31,0.95,400,101400
20240102,10:41:32,0.9,300,101400
20240102,10:42:05,0.9,500,100050
20240102,10:42:06,0.9,150,100050
20240102,10:42:17,0.9,300,100050
20240102,10:42:49,0.9,250,100050
20240102,10:43:37,0.9,250,100050
20240102,10:43:41,0.85,100,100050
20240102,10:44:25,0.95,400,100050
20240102,10:44:37,0.95,400,100050
20240102,10:44:45,0.9,750,99400
20240102,10:44:57,0.9,100,99400
20240102,10:48:22,0.9,1800,99400
20240102,10:48:24,0.9,1800,99550
20240102,10:48:29,0.95,150,99550
20240102,10:48:35,0.95,750,99550
20240102,10:48:50,0.95,450,99550
20240102,10:48:53,0.95,300,99550
20240102,10:48:54,0.95,700,99550
20240102,10:48:54,0.95,100,99550
20240102,10:51:39,0.9,250,100550
20240102,10:56:04,0.9,100,100550
20240102,10:56:14,0.9,50,100300
20240102,10:57:47,0.9,100,100350
20240102,11:03:55,1.0,50,100450
20240102,11:04:07,0.9,50,100450
20240102,11:04:08,0.9,50,100450
20240102,11:04:09,0.9,250,100450
20240102,11:04:48,0.95,50,100450
20240102,11:05:58,0.9,50,100800
20240102,11:10:35,0.95,1800,100750
20240102,11:12:04,0.95,50,99800
20240102,11:12:06,0.95,350,99800
20240102,11:12:09,0.95,50,99800
20240102,11:12:12,1.0,400,99800
20240102,11:12:20,0.95,50,99800
20240102,11:12:38,1.0,100,99800
20240102,11:13:06,1.0,1800,99800
20240102,11:13:06,1.0,350,99800
20240102,11:13:22,1.0,50,99800
20240102,11:14:08,1.0,50,99800
20240102,11:14:52,1.0,50,99800
20240102,11:15:56,1.05,50,101400
20240102,11:16:55,1.05,50,101400
20240102,11:18:10,1.0,150,101400
20240102,11:18:24,1.0,100,101400
20240102,11:18:55,0.95,50,101400
20240102,11:18:57,0.95,50,101400
20240102,11:19:53,1.05,100,101400
20240102,11:20:11,1.05,250,101400
20240102,11:20:38,1.05,50,101350
20240102,11:22:08,1.0,50,101350
20240102,11:22:48,1.0,300,101350
20240102,11:22:54,1.0,50,101350
20240102,11:23:02,0.95,50,101350
20240102,11:24:27,1.0,500,101350
20240102,11:25:55,0.95,50,101500
20240102,11:27:51,0.95,50,101800
20240102,11:28:14,0.95,2050,101800
20240102,11:28:27,0.95,250,101800
20240102,11:29:29,0.95,50,101800
20240102,11:29:39,0.95,50,102050
20240102,11:31:12,1.0,100,102050
20240102,11:32:38,1.0,50,102050
20240102,11:45:43,1.0,50,102050
20240102,11:46:15,0.95,50,101950
20240102,11:47:54,0.95,50,102000
20240102,11:52:14,0.95,1900,102000
20240102,11:54:28,0.95,500,100450
20240102,11:56:49,0.95,50,100450
20240102,11:57:28,0.95,50,100800
20240102,11:57:56,0.9,50,100800
20240102,11:59:13,0.95,50,100800
20240102,11:59:45,0.9,50,100850
20240102,11:59:46,0.95,750,100850
20240102,12:00:01,0.95,250,100850
20240102,12:02:09,0.9,250,100850
20240102,12:02:11,0.9,150,100850
20240102,12:02:13,0.9,150,100850
20240102,12:02:14,0.9,2350,100850
20240102,12:03:04,0.9,600,100850
20240102,12:03:43,0.9,100,99550
20240102,12:04:47,0.9,250,99550
20240102,12:04:49,0.9,250,99550
20240102,12:04:53,0.9,200,99550
20240102,12:05:42,0.9,300,99550
20240102,12:06:02,0.9,50,99800
20240102,12:06:17,0.9,50,99800
20240102,12:07:18,0.85,50,99800
20240102,12:26:07,0.85,200,99800
20240102,12:40:04,0.95,50,99300
20240102,12:43:30,0.85,50,99350
20240102,12:44:51,0.95,50,99350
20240102,12:45:29,0.85,50,99350
20240102,12:45:36,0.95,50,99350
20240102,12:45:52,0.85,50,99350
20240102,12:53:43,0.95,50,99350
20240102,12:53:46,0.85,50,99450
20240102,12:55:01,0.95,50,99450
20240102,12:58:07,0.85,50,99500
20240102,12:58:57,0.95,50,99500
20240102,12:59:12,0.85,50,99500
20240102,13:04:30,0.9,50,99500
20240102,13:04:32,0.9,50,99500
20240102,13:04:53,0.9,50,99500
20240102,13:06:34,0.95,1200,99500
20240102,13:06:36,0.95,1200,99550
20240102,13:06:43,0.95,100,99550
20240102,13:07:49,0.9,300,99550
20240102,13:08:06,0.9,250,99550
20240102,13:08:51,0.9,50,99550
20240102,13:09:05,0.9,250,99550
20240102,13:10:19,0.9,250,99250
20240102,13:10:31,0.9,50,99250
20240102,13:10:32,0.9,50,99250
20240102,13:10:40,0.9,250,99250
20240102,13:10:46,0.9,1350,99250
20240102,13:15:00,0.9,50,99250
20240102,13:18:42,0.85,200,99300
20240102,13:30:51,0.9,50,99300
20240102,13:41:29,0.9,300,99500
20240102,13:41:49,0.9,1400,99500
20240102,13:52:05,0.9,100,99550
20240102,13:55:46,0.95,50,99550
20240102,13:58:25,0.85,50,99550
20240102,14:00:16,0.9,50,99500
20240102,14:00:27,0.95,300,99500
20240102,14:00:37,0.95,250,99500
20240102,14:02:38,0.95,250,99500
20240102,14:09:00,0.95,250,99500
20240102,14:09:07,0.95,50,99350
20240102,14:10:31,0.95,250,99600
20240102,14:12:12,0.9,50,99600
20240102,14:12:13,0.9,500,99400
20240102,14:12:50,0.9,300,99400
20240102,14:12:51,0.9,600,99400
20240102,14:13:42,0.95,1200,99400
20240102,14:14:32,0.95,1000,99400
20240102,14:14:43,0.9,50,99400
20240102,14:15:06,0.95,400,99400
20240102,14:15:08,0.95,300,100250
20240102,14:15:10,0.95,250,100250
20240102,14:15:21,0.95,50,100250
20240102,14:15:24,0.95,400,100250
20240102,14:15:29,0.9,250,100250
20240102,14:15:30,0.95,250,100250
20240102,14:15:31,0.95,250,100250
20240102,14:16:28,1.0,50,100250
20240102,14:17:27,1.0,700,100250
20240102,14:17:36,0.95,50,100250
20240102,14:17:45,0.95,1250,100250
20240102,14:17:46,0.95,950,100250
20240102,14:18:09,1.05,2450,98300
20240102,14:18:14,1.05,2700,98300
20240102,14:18:15,1.1,50,98300
20240102,14:18:19,1.1,1100,98300
20240102,14:18:20,1.1,50,98300
20240102,14:18:22,1.1,50,98300
20240102,14:18:29,1.15,2050,98300
20240102,14:18:49,1.1,50,98300
20240102,14:18:52,1.15,2100,98300
20240102,14:18:53,1.15,50,98300
20240102,14:18:55,1.1,1450,98300
20240102,14:19:30,1.05,2400,98300
20240102,14:19:43,1.1,100,98300
20240102,14:19:43,1.1,350,98300
20240102,14:19:46,1.1,50,98300
20240102,14:19:47,1.1,50,98300
20240102,14:20:12,1.1,50,98300
20240102,14:20:17,1.15,50,98300
20240102,14:20:36,1.1,100,98300
20240102,14:21:05,1.15,750,106100
20240102,14:21:06,1.15,50,106100
20240102,14:21:16,1.15,1800,106100
20240102,14:21:17,1.15,500,106100
20240102,14:21:18,1.2,50,106100
20240102,14:21:24,1.15,150,106100
20240102,14:21:46,1.2,50,106100
20240102,14:21:59,1.15,2550,106100
20240102,14:22:00,1.15,50,106100
20240102,14:22:03,1.15,1200,106100
20240102,14:22:04,1.2,1850,106100
20240102,14:22:06,1.2,800,106100
20240102,14:22:07,1.2,1300,106100
20240102,14:22:15,1.2,50,106100
20240102,14:22:54,1.15,300,106100
20240102,14:23:04,1.15,300,106100
20240102,14:23:18,1.2,1850,106100
20240102,14:23:40,1.15,350,106100
20240102,14:24:46,1.1,550,114100
20240102,14:30:21,1.1,250,114350
20240102,14:31:29,1.05,50,114350
20240102,14:32:28,1.05,100,114350
20240102,14:32:29,1.05,50,114350
20240102,14:32:59,1.05,100,114350
20240102,14:33:15,1.15,2200,114300
20240102,14:33:16,1.1,2050,114300
20240102,14:33:19,1.15,350,114300
20240102,14:33:24,1.2,800,114300
20240102,14:33:25,1.2,450,114300
20240102,14:33:34,1.2,500,114300
20240102,14:34:04,1.25,750,114300
20240102,14:34:15,1.2,200,114300
20240102,14:34:16,1.2,200,114300
20240102,14:35:31,1.2,500,114300
20240102,14:36:01,1.2,350,114300
20240102,14:36:01,1.2,100,114300
20240102,14:36:59,1.25,1800,114300
20240102,14:37:30,1.25,2500,118850
20240102,14:37:31,1.3,1950,118850
20240102,14:37:32,1.3,600,118850
20240102,14:37:37,1.3,250,118850
20240102,14:37:38,1.35,1450,118850
20240102,14:37:55,1.3,250,118850
20240102,14:38:07,1.35,2000,118850
20240102,14:38:09,1.35,350,118850
20240102,14:38:13,1.35,1350,118850
20240102,14:38:13,1.35,300,118850
20240102,14:38:15,1.35,200,118850
20240102,14:38:16,1.4,2500,118850
20240102,14:38:16,1.4,650,118850
20240102,14:38:17,1.4,550,118850
20240102,14:38:19,1.4,850,118850
20240102,14:38:21,1.4,100,118850
20240102,14:38:31,1.35,50,118850
20240102,14:38:40,1.4,50,118850
20240102,14:39:05,1.3,1200,118850
20240102,14:39:06,1.35,1800,133100
20240102,14:39:08,1.4,1800,133100
20240102,14:39:08,1.4,1200,133100
20240102,14:39:18,1.35,500,133100
20240102,14:39:23,1.4,2050,133100
20240102,14:39:45,1.3,2000,133100
20240102,14:39:45,1.3,2650,133100
20240102,14:39:49,1.35,500,133100
20240102,14:39:50,1.4,1800,133100
20240102,14:39:53,1.4,2000,133100
20240102,14:39:56,1.4,600,133100
20240102,14:39:58,1.4,1900,133100
20240102,14:40:00,1.4,50,133100
20240102,14:40:24,1.45,650,133100
20240102,14:40:28,1.45,1150,133100
20240102,14:40:28,1.45,250,133100
20240102,14:40:30,1.45,250,133100
20240102,14:40:31,1.45,100,133100
20240102,14:40:32,1.45,400,133100
20240102,14:40:32,1.5,250,133100
20240102,14:40:34,1.5,400,133100
20240102,14:40:35,1.45,750,133100
20240102,14:40:36,1.4,200,133100
20240102,14:40:37,1.45,50,133100
20240102,14:40:38,1.5,250,133100
20240102,14:40:39,1.45,150,133100
20240102,14:40:40,1.5,50,133100
20240102,14:40:43,1.45,50,133100
20240102,14:40:45,1.45,50,133100
20240102,14:40:48,1.45,50,133100
20240102,14:40:58,1.45,250,133100
20240102,14:41:37,1.5,700,133100
20240102,14:42:40,1.45,150,151650
20240102,14:42:44,1.45,3850,151650
20240102,14:43:10,1.4,50,151650
20240102,14:43:32,1.4,100,151650
20240102,14:43:36,1.4,950,151650
20240102,14:43:37,1.4,300,151650
20240102,14:43:47,1.35,1750,151650
20240102,14:44:18,1.35,150,151650
20240102,14:44:25,1.4,1800,151650
20240102,14:44:44,1.35,1000,151650
20240102,14:44:46,1.4,250,151650
20240102,14:44:49,1.35,1300,151650
20240102,14:45:01,1.35,200,151650
20240102,14:45:04,1.4,400,151650
20240102,14:45:07,1.35,450,157400
20240102,14:45:08,1.4,1000,157400
20240102,14:45:09,1.35,1000,157400
20240102,14:45:12,1.4,350,157400
20240102,14:45:13,1.4,250,157400
20240102,14:45:45,1.35,1200,157400
20240102,14:45:45,1.35,450,157400
20240102,14:45:48,1.35,200,157400
20240102,14:45:52,1.35,400,157400
20240102,14:45:56,1.35,1150,157400
20240102,14:45:57,1.35,350,157400
20240102,14:45:58,1.35,50,157400
20240102,14:45:59,1.35,50,157400
20240102,14:46:00,1.35,50,157400
20240102,14:46:01,1.35,400,157400
20240102,14:46:04,1.35,600,157400
20240102,14:46:05,1.35,500,157400
20240102,14:46:08,1.35,100,157400
20240102,14:46:10,1.35,100,157400
20240102,14:46:12,1.35,100,157400
20240102,14:46:15,1.35,100,157400
20240102,14:46:18,1.35,100,157400
20240102,14:46:40,1.35,50,157400
20240102,14:46:42,1.35,50,157400
20240102,14:47:08,1.35,200,157400
20240102,14:47:30,1.35,300,157400
20240102,14:48:00,1.35,100,157400
20240102,14:48:07,1.35,400,157500
20240102,14:48:08,1.35,50,157500
20240102,14:48:23,1.35,300,157500
20240102,14:48:24,1.35,100,157500
20240102,14:48:36,1.3,150,157500
20240102,14:48:36,1.35,50,157500
20240102,14:48:39,1.35,50,157500
20240102,14:48:41,1.3,900,157500
20240102,14:48:42,1.35,450,157500
20240102,14:48:43,1.35,150,157500
20240102,14:48:44,1.35,650,157500
20240102,14:48:45,1.3,150,157500
20240102,14:48:46,1.3,350,157500
20240102,14:48:48,1.3,50,157500
20240102,14:51:08,1.25,100,157000
20240102,14:51:20,1.35,50,157000
20240102,14:52:02,1.25,100,157000
20240102,14:53:26,1.2,200,157000
20240102,14:55:49,1.25,600,157000
20240102,14:56:21,1.2,200,157400
20240102,14:56:57,1.2,100,157400
20240102,14:57:46,1.15,150,157400
20240102,15:00:52,1.2,250,157700
20240102,15:00:53,1.2,250,157750
20240102,15:00:57,1.2,900,157750
20240102,15:01:27,1.15,500,157750
20240102,15:01:32,1.2,350,157750
20240102,15:02:17,1.2,900,157750
20240102,15:03:33,1.2,500,157750
20240102,15:03:48,1.2,100,157150
20240102,15:05:05,1.2,100,157150
20240102,15:05:40,1.2,50,157150
20240102,15:05:41,1.25,400,157150
20240102,15:06:11,1.2,500,157150
20240102,15:06:27,1.25,100,157150
20240102,15:09:43,1.2,350,157250
20240102,15:09:51,1.25,250,157250
20240102,15:10:14,1.25,300,157250
20240102,15:10:27,1.25,200,157250
20240102,15:10:32,1.25,200,157250
20240102,15:11:19,1.15,700,157250
20240102,15:12:19,1.2,100,157250
20240102,15:12:29,1.2,500,157100
20240102,15:12:49,1.2,50,157100
20240102,15:12:52,1.25,200,157100
20240102,15:12:56,1.3,250,157100
20240102,15:12:59,1.3,50,157100
20240102,15:13:03,1.3,100,157100
20240102,15:13:54,1.2,2450,157100
20240102,15:14:11,1.15,4900,157100
20240102,15:14:25,1.1,2600,157100
20240102,15:14:26,1.1,6500,157100
20240102,15:14:29,1.1,3100,157100
20240102,15:14:35,1.1,200,157100
20240102,15:15:20,1.15,350,157100
20240102,15:16:14,1.2,300,158300
20240102,15:17:12,1.2,1800,158300
20240102,15:18:27,1.2,50,158300
20240102,15:18:54,1.2,1100,156800
20240102,15:22:17,1.15,50,156800
20240102,15:22:22,1.15,500,156800
20240102,15:22:23,1.15,50,156800
20240102,15:22:27,1.1,50,156800
20240102,15:22:30,1.1,500,156800
20240102,15:24:04,1.15,850,156800
20240102,15:24:09,1.15,250,156800
20240102,15:24:29,1.15,300,156600
20240102,15:24:49,1.15,150,156600
20240102,15:24:59,1.1,150,156600
20240102,15:25:00,1.05,100,156600
20240102,15:25:04,1.15,150,156600
20240102,15:25:06,1.15,150,156600
20240102,15:25:24,1.05,250,156600
20240102,15:25:43,1.1,100,156600
20240102,15:25:46,1.15,200,156600
20240102,15:27:02,1.2,200,156600
20240102,15:28:23,1.05,750,155850
20240102,15:28:24,1.05,650,155850
20240102,15:29:50,1.05,100,155850
20240103,09:15:43,1.0,1,154950
20240103,09:15:43,1.0,100,154950
20240103,09:16:01,1.0,50,154950
20240103,09:16:11,1.0,500,154950
20240103,09:16:42,0.95,100,154950
20240103,09:16:49,0.95,100,154950
20240103,09:17:05,0.95,300,154950
20240103,09:17:05,0.9,1100,154950
20240103,09:17:06,0.9,950,154950
20240103,09:17:08,0.9,50,154950
20240103,09:17:09,0.9,100,154950
20240103,09:17:38,0.9,50,155750
20240103,09:17:39,1.0,300,155750
20240103,09:17:40,1.0,150,155750
20240103,09:17:41,1.0,150,155750
20240103,09:17:42,1.0,100,155750
20240103,09:17:51,1.0,100,155750
20240103,09:19:13,0.95,700,155750
20240103,09:19:20,1.0,250,155750
20240103,09:19:27,1.05,300,155750
20240103,09:19:33,1.05,400,155750
20240103,09:19:37,1.05,100,155750
20240103,09:19:40,1.1,500,155750
20240103,09:19:58,1.1,250,155750
20240103,09:20:00,1.0,250,155750
20240103,09:20:01,1.0,250,155750
20240103,09:20:06,1.05,1100,155750
20240103,09:20:07,1.05,400,155750
20240103,09:20:11,1.05,1200,155750
20240103,09:20:16,1.1,300,155750
20240103,09:20:32,1.1,1700,155750
20240103,09:20:33,1.0,200,155750
20240103,09:20:41,1.05,100,155750
20240103,09:21:32,1.0,50,155750
20240103,09:22:02,1.0,500,155750
20240103,09:22:20,1.0,100,155750
20240103,09:22:28,1.0,200,155750
20240103,09:22:41,1.0,1900,155750
20240103,09:23:54,1.0,250,155750
20240103,09:23:58,1.0,300,155900
20240103,09:24:00,1.0,1900,155900
20240103,09:24:03,0.95,750,155900
20240103,09:24:04,0.95,100,155900
20240103,09:24:20,1.0,100,155900
20240103,09:24:38,1.0,300,155900
20240103,09:24:51,1.0,1000,155900
20240103,09:26:22,0.95,1950,155900
20240103,09:27:29,0.9,300,155900
20240103,09:29:48,1.0,150,156650
20240103,09:31:18,0.95,1800,156950
20240103,09:31:28,1.0,100,156950
20240103,09:31:46,0.95,550,156950
20240103,09:32:21,1.0,1800,156950
20240103,09:32:43,1.0,1800,158100
20240103,09:33:53,1.0,700,158100
20240103,09:33:54,1.0,50,158100
20240103,09:33:57,0.95,750,158100
20240103,09:34:01,0.95,50,158100
20240103,09:34:26,0.95,300,158100
20240103,09:34:52,0.95,550,158100
20240103,09:34:53,0.95,250,158100
20240103,09:35:09,0.9,250,158100
20240103,09:35:11,0.95,250,158100
20240103,09:35:15,0.95,150,158100
20240103,09:35:16,0.95,1000,158100
20240103,09:35:32,1.0,3150,160050
20240103,09:35:46,1.0,500,160050
20240103,09:35:47,0.95,800,160050
20240103,09:36:26,0.9,600,160050
20240103,09:37:25,0.9,150,160050
20240103,09:39:06,0.9,150,160050
20240103,09:39:30,0.9,300,161950
20240103,09:39:31,0.85,250,161950
20240103,09:39:33,0.85,250,161950
20240103,09:39:34,0.85,200,161950
20240103,09:41:08,0.85,300,161950
20240103,09:41:09,0.85,550,161950
20240103,09:41:11,0.85,250,161950
20240103,09:41:15,0.8,1800,161950
20240103,09:41:31,0.8,250,161950
20240103,09:41:38,0.8,4000,160600
20240103,09:41:42,0.8,1650,160600
20240103,09:41:44,0.8,1000,160600
20240103,09:41:45,0.8,150,160600
20240103,09:41:47,0.8,900,160600
20240103,09:41:50,0.8,1200,160600
20240103,09:42:03,0.8,500,160600
20240103,09:42:14,0.8,350,160600
20240103,09:42:15,0.8,150,160600
20240103,09:42:28,0.8,200,160600
20240103,09:43:23,0.75,3050,160600
20240103,09:43:26,0.75,500,160600
20240103,09:43:54,0.75,100,160600
20240103,09:43:55,0.75,2000,160600
20240103,09:43:57,0.7,2150,160600
20240103,09:44:02,0.7,800,160600
20240103,09:44:16,0.7,350,160600
20240103,09:44:54,0.7,1000,156200
20240103,09:44:55,0.7,700,156200
20240103,09:45:14,0.65,800,156200
20240103,09:45:19,0.65,50,156200
20240103,09:45:32,0.65,50,156200
20240103,09:46:04,0.65,550,156200
20240103,09:46:11,0.65,50,156200
20240103,09:46:17,0.65,250,156200
20240103,09:46:18,0.65,1800,156200
20240103,09:46:34,0.65,50,156200
20240103,09:48:14,0.65,2050,155450
20240103,09:48:15,0.6,450,155450
20240103,09:49:21,0.6,950,155450
20240103,09:49:38,0.6,150,155450
20240103,09:49:47,0.65,250,155450
20240103,09:49:55,0.65,250,155450
20240103,09:50:01,0.65,400,155450
20240103,09:50:05,0.65,100,155450
20240103,09:50:14,0.65,50,155450
20240103,09:50:25,0.65,200,155450
20240103,09:50:38,0.65,250,155000
20240103,09:51:26,0.7,800,155000
20240103,09:51:27,0.7,1000,155000
20240103,09:52:37,0.75,50,155000
20240103,09:54:54,0.7,850,153350
20240103,09:55:01,0.75,1800,153350
20240103,09:55:02,0.75,1750,153350
20240103,09:55:03,0.8,1350,153350
20240103,09:55:04,0.8,1350,153350
20240103,09:55:08,0.7,50,153350
20240103,09:55:09,0.75,1900,153350
20240103,09:55:11,0.7,50,153350
20240103,09:55:12,0.7,50,153350
20240103,09:55:16,0.7,150,153350
20240103,09:55:29,0.7,250,153350
20240103,09:55:41,0.75,1200,153350
20240103,09:55:47,0.75,250,153350
20240103,09:56:27,0.75,800,153350
20240103,09:56:29,0.75,350,153350
20240103,09:56:30,0.75,2150,153350
20240103,09:56:34,0.75,100,155100
20240103,09:56:36,0.75,150,155100
20240103,09:56:38,0.8,100,155100
20240103,09:57:01,0.75,1300,155100
20240103,09:57:05,0.75,600,155100
20240103,09:57:09,0.8,2750,155100
20240103,09:57:15,0.75,250,155100
20240103,09:57:16,0.75,250,155100
20240103,09:57:54,0.75,500,155100
20240103,09:58:33,0.75,250,155100
20240103,09:58:45,0.75,250,155100
20240103,09:58:51,0.75,250,155100
20240103,09:58:52,0.75,100,155100
20240103,09:59:02,0.75,250,155100
20240103,09:59:17,0.75,50,155100
20240103,09:59:22,0.7,500,155100
20240103,09:59:22,0.75,700,155100
20240103,09:59:44,0.7,1750,157750
20240103,10:00:08,0.7,500,157750
20240103,10:00:09,0.7,50,157750
20240103,10:00:28,0.7,250,157750
20240103,10:00:29,0.7,50,157750
20240103,10:01:33,0.7,500,157750
20240103,10:03:15,0.75,300,157750
20240103,10:04:07,0.75,300,158650
20240103,10:04:08,0.75,300,158650
20240103,10:07:00,0.7,50,158650
20240103,10:10:13,0.75,50,157900
20240103,10:13:00,0.75,50,157900
20240103,10:13:22,0.7,1450,157950
20240103,10:13:31,0.7,450,157950
20240103,10:13:41,0.7,1850,157950
20240103,10:14:18,0.65,50,157950
20240103,10:16:25,0.7,250,156900
20240103,10:17:40,0.7,600,156900
20240103,10:20:01,0.7,1200,156650
20240103,10:22:10,0.65,650,156850
20240103,10:22:36,0.65,550,156850
20240103,10:22:37,0.65,100,156850
20240103,10:22:40,0.65,50,156850
20240103,10:22:59,0.65,150,156850
20240103,10:23:54,0.65,500,157200
20240103,10:23:57,0.7,1150,157200
20240103,10:24:20,0.65,2000,157200
20240103,10:24:22,0.7,1000,157200
20240103,10:24:37,0.65,500,157200
20240103,10:25:16,0.65,200,157200
20240103,10:25:57,0.65,1850,157200
20240103,10:26:16,0.6,1800,157200
20240103,10:26:17,0.6,17850,157200
20240103,10:26:48,0.6,1700,158750
20240103,10:26:51,0.6,300,158750
20240103,10:27:25,0.6,50,158750
20240103,10:27:40,0.6,50,158750
20240103,10:27:49,0.6,500,158750
20240103,10:28:13,0.6,2400,158750
20240103,10:28:33,0.6,50,158750
20240103,10:28:50,0.6,2200,158750
20240103,10:29:10,0.6,1800,158750
20240103,10:29:10,0.6,50,158750
20240103,10:29:15,0.6,2450,158750
20240103,10:29:24,0.6,1700,158750
20240103,10:29:25,0.6,600,158750
20240103,10:29:55,0.6,50,157350
20240103,10:30:02,0.6,1400,157350
20240103,10:30:03,0.6,150,157350
20240103,10:30:07,0.6,50,157350
20240103,10:30:10,0.6,50,157350
20240103,10:30:12,0.6,500,157350
20240103,10:30:16,0.6,100,157350
20240103,10:30:35,0.6,2550,157350
20240103,10:30:40,0.6,100,157350
20240103,10:30:41,0.6,750,157350
20240103,10:30:45,0.6,50,157350
20240103,10:30:48,0.6,250,157350
20240103,10:31:40,0.6,100,157350
20240103,10:31:48,0.6,350,157350
20240103,10:32:24,0.6,150,157350
20240103,10:32:26,0.6,2400,157350
20240103,10:32:27,0.6,400,157350
20240103,10:32:29,0.6,250,157350
20240103,10:32:44,0.65,50,157350
20240103,10:32:55,0.6,50,157350
20240103,10:33:52,0.65,650,157350
20240103,10:35:11,0.65,750,157350
20240103,10:35:11,0.7,1800,157350
20240103,10:35:12,0.75,4600,157350
20240103,10:35:13,0.75,50,157350
20240103,10:35:16,0.85,5100,157350
20240103,10:35:21,0.8,600,157350
20240103,10:35:25,0.75,500,157350
20240103,10:35:26,0.85,2150,157350
20240103,10:35:31,0.85,3250,157350
20240103,10:35:33,0.95,4100,157350
20240103,10:35:34,0.9,500,157350
20240103,10:35:35,0.95,250,157350
20240103,10:35:36,0.9,1300,157350
20240103,10:35:37,0.95,1250,157350
20240103,10:35:38,0.95,400,157350
20240103,10:35:38,0.95,800,157350
20240103,10:35:40,0.9,250,175450
20240103,10:35:40,0.95,1800,175450
20240103,10:35:41,0.95,3750,175450
20240103,10:35:42,0.95,1150,175450
20240103,10:35:52,0.95,2000,175450
20240103,10:35:54,0.95,250,175450
20240103,10:35:55,1.0,800,175450
20240103,10:35:56,1.0,300,175450
20240103,10:35:58,0.95,50,175450
20240103,10:35:59,0.9,850,175450
20240103,10:36:00,0.9,1250,175450
20240103,10:36:04,0.95,150,175450
20240103,10:36:11,0.95,50,175450
20240103,10:36:17,0.9,450,175450
20240103,10:36:30,0.9,250,175450
20240103,10:36:58,0.85,50,175450
20240103,10:37:15,0.85,50,175450
20240103,10:37:24,0.85,1150,175450
20240103,10:37:24,0.85,50,175450
20240103,10:37:25,0.85,300,175450
20240103,10:37:26,0.85,50,175450
20240103,10:37:27,0.85,50,175450
20240103,10:37:28,0.85,50,175450
20240103,10:37:30,0.85,50,175450
20240103,10:37:31,0.85,50,175450
20240103,10:37:32,0.85,50,175450
20240103,10:37:33,0.85,50,175450
20240103,10:37:35,0.85,50,175450
20240103,10:37:36,0.85,50,175450
20240103,10:37:37,0.85,50,175450
20240103,10:37:38,0.85,50,175450
20240103,10:37:40,0.85,50,175450
20240103,10:37:41,0.85,50,175450
20240103,10:37:42,0.85,50,175450
20240103,10:37:44,0.85,50,175450
20240103,10:37:45,0.85,50,175450
20240103,10:37:46,0.85,50,175450
20240103,10:37:47,0.85,50,175450
20240103,10:37:48,0.85,50,175450
20240103,10:37:50,0.85,50,175450
20240103,10:37:51,0.85,50,175450
20240103,10:37:53,0.85,50,175450
20240103,10:37:54,0.85,50,175450
20240103,10:37:55,0.85,50,175450
20240103,10:37:56,0.85,50,175450
20240103,10:37:58,0.85,50,175450
20240103,10:37:59,0.85,50,175450
20240103,10:38:00,0.85,50,175450
20240103,10:38:01,0.85,50,175450
20240103,10:38:03,0.85,50,175450
20240103,10:38:04,0.85,50,175450
20240103,10:38:05,0.85,50,175450
20240103,10:38:06,0.85,50,175450
20240103,10:38:08,0.85,50,175450
20240103,10:38:09,0.85,50,175450
20240103,10:38:10,0.85,50,175450
20240103,10:38:11,0.85,50,175450
20240103,10:38:13,0.85,50,175450
20240103,10:38:14,0.85,50,175450
20240103,10:38:15,0.85,50,175450
20240103,10:38:16,0.85,50,175450
20240103,10:38:18,0.85,50,175450
20240103,10:38:19,0.85,50,175450
20240103,10:38:20,0.85,50,175450
20240103,10:38:22,0.85,50,175450
20240103,10:38:23,0.85,50,175450
20240103,10:39:01,0.8,1400,184450
20240103,10:39:04,0.8,50,184450
20240103,10:39:16,0.75,300,184450
20240103,10:39:34,0.8,50,184450
20240103,10:40:53,0.8,300,184450
20240103,10:41:04,0.8,250,184450
20240103,10:41:05,0.8,200,184450
20240103,10:42:27,0.8,50,184450
20240103,10:42:32,0.8,50,184450
20240103,10:42:35,0.8,50,184450
20240103,10:42:38,0.8,250,184450
20240103,10:45:34,0.75,250,184450
20240103,10:46:00,0.75,150,184500
20240103,10:46:06,0.75,300,184500
20240103,10:46:25,0.7,100,184500
20240103,10:46:26,0.7,300,184500
20240103,10:46:51,0.7,400,184500
20240103,10:46:59,0.7,200,184500
20240103,10:47:07,0.7,450,184500
20240103,10:47:53,0.65,2100,184500
20240103,10:47:53,0.65,150,184100
20240103,10:48:05,0.65,400,184100
20240103,10:48:12,0.65,50,184100
20240103,10:48:18,0.65,300,184100
20240103,10:49:32,0.65,300,184100
20240103,10:51:43,0.7,50,184100
20240103,10:51:58,0.65,50,181750
20240103,10:52:10,0.7,50,181750
20240103,10:53:54,0.65,50,181700
20240103,10:54:06,0.7,50,181700
20240103,10:54:12,0.65,50,181700
20240103,10:54:17,0.7,50,181700
20240103,10:54:21,0.65,50,181700
20240103,10:54:32,0.7,50,181700
20240103,10:54:35,0.65,50,181700
20240103,10:55:55,0.7,50,181700
20240103,10:56:14,0.65,50,181700
20240103,10:57:11,0.65,150,181700
20240103,11:03:53,0.7,1100,181550
20240103,11:04:14,0.7,600,181550
20240103,11:04:18,0.7,250,181550
20240103,11:09:19,0.7,50,181550
20240103,11:09:27,0.75,50,181200
20240103,11:10:25,0.7,50,181200
20240103,11:10:44,0.7,250,181200
20240103,11:10:50,0.65,300,181200
20240103,11:10:51,0.65,150,181200
20240103,11:10:59,0.65,850,181200
20240103,11:11:00,0.65,50,181200
20240103,11:11:03,0.6,350,181200
20240103,11:11:04,0.6,2250,181200
20240103,11:11:05,0.6,1850,181200
20240103,11:11:58,0.55,600,181250
20240103,11:11:59,0.55,50,181250
20240103,11:12:00,0.55,50,181250
20240103,11:12:03,0.55,50,181250
20240103,11:12:06,0.5,50,181250
20240103,11:12:08,0.5,50,181250
20240103,11:12:14,0.5,300,181250
20240103,11:12:15,0.55,50,181250
20240103,11:12:28,0.55,50,181250
20240103,11:13:03,0.6,250,181250
20240103,11:13:09,0.6,1800,181250
20240103,11:13:19,0.6,1800,181250
20240103,11:13:37,0.6,1800,181250
20240103,11:16:18,0.6,1400,181050
20240103,11:16:41,0.6,250,181050
20240103,11:16:46,0.6,100,181050
20240103,11:16:48,0.6,1400,181050
20240103,11:18:59,0.65,450,180950
20240103,11:19:04,0.65,1800,180950
20240103,11:19:06,0.65,750,180950
20240103,11:19:08,0.65,2300,180950
20240103,11:19:10,0.65,2150,180950
20240103,11:19:10,0.7,1800,180950
20240103,11:19:11,0.7,1750,180950
20240103,11:20:11,0.75,4850,180950
20240103,11:21:13,0.75,600,188450
20240103,11:21:20,0.75,50,188450
20240103,11:21:44,0.7,1600,188450
20240103,11:21:48,0.75,2750,188450
20240103,11:22:34,0.75,1350,188450
20240103,11:22:57,0.75,250,188450
20240103,11:23:06,0.8,150,188450
20240103,11:23:47,0.75,200,188450
20240103,11:23:48,0.75,2400,192550
20240103,11:23:49,0.75,650,192550
20240103,11:24:09,0.7,1150,192550
20240103,11:24:10,0.75,50,192550
20240103,11:24:15,0.75,350,192550
20240103,11:24:29,0.8,50,192550
20240103,11:25:05,0.8,1800,192550
20240103,11:25:15,0.8,100,192550
20240103,11:26:16,0.8,50,192550
20240103,11:26:18,0.8,50,192550
20240103,11:27:24,0.75,50,192550
20240103,11:28:49,0.75,250,196050
20240103,11:30:49,0.75,1800,195750
20240103,11:31:12,0.75,850,195750
20240103,11:31:23,0.75,50,195750
20240103,11:32:53,0.75,500,195800
20240103,11:38:26,0.7,50,195800
20240103,11:39:01,0.7,400,195800
20240103,11:39:12,0.7,1850,195750
20240103,11:40:39,0.7,250,195750
20240103,11:42:12,0.7,50,196050
20240103,11:43:14,0.7,250,196050
20240103,11:43:18,0.65,50,196050
20240103,11:44:12,0.7,500,196050
20240103,11:45:10,0.7,1200,195750
20240103,11:48:36,0.75,600,195400
20240103,11:49:03,0.75,1800,195400
20240103,11:49:09,0.75,1100,195400
20240103,11:49:14,0.75,250,195400
20240103,11:49:42,0.8,1850,195400
20240103,11:49:55,0.8,450,195400
20240103,11:50:02,0.8,250,195400
20240103,11:50:04,0.8,250,195400
20240103,11:51:26,0.85,1050,195400
20240103,11:51:35,0.9,100,195050
20240103,11:51:36,0.9,1550,195050
20240103,11:51:37,0.9,200,195050
20240103,11:51:40,0.9,450,195050
20240103,11:53:04,0.85,50,195050
20240103,11:53:20,0.85,1100,195050
20240103,11:53:45,0.85,400,195050
20240103,11:55:08,0.8,2350,197700
20240103,12:01:32,0.75,300,197700
20240103,12:02:09,0.75,2100,197700
20240103,12:02:09,0.75,50,197700
20240103,12:04:58,0.75,500,197700
20240103,12:06:58,0.75,1400,198100
20240103,12:12:45,0.7,1500,198000
20240103,12:21:14,0.7,850,198000
20240103,12:26:20,0.75,50,198800
20240103,12:26:50,0.75,50,198800
20240103,12:27:05,0.65,450,198800
20240103,12:27:48,0.65,600,198800
20240103,12:27:56,0.65,450,198800
20240103,12:28:39,0.6,100,198800
20240103,12:28:40,0.6,2750,198800
20240103,12:28:41,0.55,50,198800
20240103,12:28:49,0.55,50,198800
20240103,12:29:03,0.6,650,198800
20240103,12:29:05,0.55,1000,198800
20240103,12:29:06,0.55,2200,198800
20240103,12:29:07,0.6,350,198800
20240103,12:32:27,0.55,2850,198800
20240103,12:32:28,0.55,50,193250
20240103,12:32:38,0.55,400,193250
20240103,12:32:53,0.55,250,193250
20240103,12:34:00,0.55,50,193250
20240103,12:34:11,0.55,50,193700
20240103,12:35:52,0.55,550,193700
20240103,12:41:33,0.6,150,193100
20240103,12:48:35,0.55,50,193100
20240103,12:49:18,0.6,550,193100
20240103,12:49:18,0.65,250,193100
20240103,12:49:38,0.65,250,193100
20240103,12:49:39,0.7,2700,193100
20240103,12:50:06,0.7,800,193100
20240103,12:50:07,0.7,150,193100
20240103,12:50:39,0.65,2050,193100
20240103,12:50:46,0.7,1800,193100
20240103,12:50:48,0.65,600,193100
20240103,12:51:08,0.65,650,196650
20240103,12:53:13,0.65,250,196650
20240103,12:53:28,0.65,650,196650
20240103,12:54:25,0.65,50,196650
20240103,12:54:26,0.65,50,197350
20240103,12:54:28,0.65,600,197350
20240103,12:54:28,0.7,500,197350
20240103,12:54:35,0.7,900,197350
20240103,12:54:38,0.75,300,197350
20240103,12:54:42,0.75,50,197350
20240103,12:54:55,0.75,2400,197350
20240103,12:55:46,0.7,1800,197350
20240103,12:56:04,0.75,2500,197350
20240103,12:56:07,0.75,2500,197350
20240103,12:56:52,0.75,50,197350
20240103,12:56:52,0.75,100,197350
20240103,12:56:56,0.75,50,197350
20240103,12:56:56,0.8,1450,197350
20240103,12:56:58,0.85,1100,197350
20240103,12:56:59,0.9,200,197350
20240103,12:57:00,0.9,550,207200
20240103,12:57:01,0.9,2050,207200
20240103,12:57:09,0.8,950,207200
20240103,12:57:21,0.8,50,207200
20240103,12:57:53,0.75,800,207200
20240103,12:57:58,0.8,50,207200
20240103,12:58:29,0.75,1100,207200
20240103,12:58:30,0.75,650,207200
20240103,12:58:32,0.75,450,207200
20240103,12:58:35,0.75,200,207200
20240103,13:00:11,0.75,200,207200
20240103,13:00:13,0.75,200,210600
20240103,13:00:41,0.75,400,210600
20240103,13:00:51,0.75,350,210600
20240103,13:00:54,0.8,400,210600
20240103,13:00:55,0.85,2050,210600
20240103,13:00:56,0.9,2100,210600
20240103,13:00:59,0.85,1800,210600
20240103,13:01:01,0.85,50,210600
20240103,13:01:06,0.85,50,210600
20240103,13:01:12,0.8,1050,210600
20240103,13:01:13,0.8,50,210600
20240103,13:01:14,0.75,650,210600
20240103,13:01:15,0.8,950,210600
20240103,13:01:47,0.85,50,210600
20240103,13:02:03,0.8,1600,210600
20240103,13:02:24,0.75,500,210600
20240103,13:02:37,0.75,2250,210600
20240103,13:03:18,0.8,100,215900
20240103,13:03:40,0.75,50,215900
20240103,13:04:20,0.8,550,215900
20240103,13:04:40,0.8,250,215900
20240103,13:04:56,0.75,1500,215900
20240103,13:04:57,0.75,350,215900
20240103,13:05:10,0.75,1650,215900
20240103,13:05:17,0.7,50,215900
20240103,13:05:43,0.7,1800,215900
20240103,13:05:44,0.7,3250,215900
20240103,13:05:45,0.7,50,215900
20240103,13:05:46,0.7,50,215900
20240103,13:05:47,0.7,50,215900
20240103,13:05:49,0.7,50,215900
20240103,13:05:51,0.7,50,215900
20240103,13:05:59,0.7,50,215900
20240103,13:06:12,0.7,50,215900
20240103,13:06:45,0.7,250,219400
20240103,13:06:59,0.7,50,219400
20240103,13:07:19,0.7,50,219400
20240103,13:07:31,0.7,250,219400
20240103,13:07:33,0.7,1500,219400
20240103,13:08:05,0.7,900,219400
20240103,13:08:56,0.7,100,219400
20240103,13:10:55,0.7,1350,219100
20240103,13:10:55,0.7,2000,219100
20240103,13:10:57,0.7,100,219100
20240103,13:10:58,0.7,50,219100
20240103,13:11:06,0.7,400,219100
20240103,13:11:21,0.7,650,219100
20240103,13:11:21,0.7,100,219100
20240103,13:11:46,0.7,250,219100
20240103,13:15:10,0.7,50,221350
20240103,13:16:16,0.75,500,221350
20240103,13:20:43,0.75,100,221350
20240103,13:23:26,0.7,150,221700
20240103,13:23:54,0.75,2150,221700
20240103,13:23:59,0.75,300,221700
20240103,13:24:31,0.75,2050,221700
20240103,13:25:21,0.75,900,220900
20240103,13:25:27,0.75,50,220900
20240103,13:25:28,0.8,100,220900
20240103,13:26:02,0.75,50,220900
20240103,13:26:14,0.75,250,220900
20240103,13:27:07,0.7,1800,220900
20240103,13:27:08,0.7,3600,220550
20240103,13:27:09,0.7,750,220550
20240103,13:27:11,0.65,750,220550
20240103,13:27:55,0.7,700,220550
20240103,13:29:27,0.7,500,220550
20240103,13:30:36,0.7,250,223700
20240103,13:32:58,0.65,250,223700
20240103,13:36:51,0.7,900,223450
20240103,13:36:52,0.7,300,223450
20240103,13:36:55,0.7,900,223450
20240103,13:37:12,0.7,900,223450
20240103,13:37:37,0.7,250,223450
20240103,13:39:02,0.7,400,223450
20240103,13:40:23,0.7,250,223450
20240103,13:40:30,0.7,1800,223450
20240103,13:40:45,0.7,50,223450
20240103,13:43:40,0.7,50,223450
20240103,13:43:52,0.7,1800,223450
20240103,13:49:00,0.7,1800,223450
20240103,13:49:02,0.7,250,223450
20240103,13:52:33,0.65,1800,223700
20240103,13:52:39,0.65,50,223700
20240103,13:55:35,0.6,1050,224450
20240103,13:55:38,0.6,50,224450
20240103,13:55:39,0.6,450,224450
20240103,13:55:43,0.55,250,224450
20240103,13:55:53,0.55,50,224450
20240103,13:55:58,0.6,1800,224450
20240103,13:55:59,0.6,500,224450
20240103,13:57:42,0.55,1800,220800
20240103,13:58:35,0.55,650,220800
20240103,13:59:53,0.55,500,220800
20240103,14:03:06,0.6,1800,220800
20240103,14:03:21,0.6,2250,218500
20240103,14:06:57,0.55,200,218750
20240103,14:08:15,0.55,400,218750
20240103,14:08:54,0.6,100,218750
20240103,14:16:57,0.6,500,218750
20240103,14:18:16,0.6,1850,218550
20240103,14:18:27,0.65,1800,218550
20240103,14:18:29,0.6,50,218550
20240103,14:20:20,0.55,50,218550
20240103,14:20:49,0.55,50,218550
20240103,14:20:53,0.55,50,218550
20240103,14:23:45,0.55,500,218550
20240103,14:24:07,0.55,500,218200
20240103,14:24:38,0.55,1550,217200
20240103,14:24:51,0.55,300,217200
20240103,14:27:44,0.5,150,217200
20240103,14:27:44,0.5,100,217200
20240103,14:29:00,0.5,50,217200
20240103,14:30:13,0.55,500,217200
20240103,14:32:32,0.55,1800,217200
20240103,14:32:39,0.55,1350,217050
20240103,14:36:37,0.45,300,217050
20240103,14:37:12,0.45,50,216500
20240103,14:37:43,0.45,200,216500
20240103,14:38:05,0.4,50,216500
20240103,14:38:30,0.4,250,216500
20240103,14:38:44,0.4,700,216500
20240103,14:38:56,0.45,400,216500
20240103,14:39:00,0.4,250,216500
20240103,14:39:03,0.4,250,216500
20240103,14:39:08,0.4,50,216500
20240103,14:39:12,0.4,50,216500
20240103,14:39:14,0.45,50,216500
20240103,14:39:22,0.45,250,216100
20240103,14:39:24,0.4,450,216100
20240103,14:39:55,0.4,1050,216100
20240103,14:42:38,0.4,600,216100
20240103,14:42:45,0.4,50,215250
20240103,14:42:57,0.4,150,215250
20240103,14:43:26,0.4,300,215250
20240103,14:45:31,0.4,200,215250
20240103,14:46:02,0.4,250,215000
20240103,14:46:08,0.4,250,215000
20240103,14:52:08,0.4,250,214700
20240103,14:52:21,0.4,250,214700
20240103,14:54:22,0.4,250,214500
20240103,14:55:07,0.45,4050,214500
20240103,14:55:26,0.45,550,214500
20240103,14:55:59,0.45,250,214500
20240103,14:55:59,0.45,200,214500
20240103,14:57:33,0.45,550,214500
20240103,14:59:05,0.45,1600,217500
20240103,15:00:12,0.45,250,217500
20240103,15:00:46,0.45,550,219600
20240103,15:01:30,0.5,3600,219600
20240103,15:01:49,0.45,50,219600
20240103,15:01:52,0.45,1500,219600
20240103,15:02:04,0.45,50,219600
20240103,15:02:28,0.45,1800,219600
20240103,15:05:35,0.4,250,219550
20240103,15:05:35,0.4,650,219550
20240103,15:05:41,0.4,1000,219550
20240103,15:05:49,0.4,1100,219550
20240103,15:06:38,0.4,400,220100
20240103,15:10:35,0.4,500,220500
20240103,15:11:00,0.35,650,220500
20240103,15:11:05,0.35,100,220500
20240103,15:12:40,0.35,1000,220500
20240103,15:13:45,0.35,300,220650
20240103,15:14:15,0.35,1400,220650
20240103,15:14:23,0.35,550,220650
20240103,15:14:41,0.35,150,220650
20240103,15:15:07,0.35,150,220650
20240103,15:15:37,0.35,50,220650
20240103,15:15:49,0.35,500,219450
20240103,15:16:38,0.35,100,219450
20240103,15:18:04,0.35,50,219450
20240103,15:20:40,0.4,1600,218800
20240103,15:20:40,0.4,200,218800
20240103,15:23:03,0.35,50,218800
20240103,15:23:07,0.35,600,218350
20240103,15:25:04,0.4,100,218350
20240103,15:25:18,0.4,100,218750
20240103,15:25:28,0.4,100,218750
20240103,15:25:31,0.4,100,218750
20240103,15:25:32,0.4,100,218750
20240103,15:25:39,0.4,100,218750
20240103,15:25:52,0.4,100,218750
20240103,15:25:55,0.4,100,218750
20240103,15:26:11,0.4,1900,218750
20240103,15:26:12,0.35,1800,218750
20240103,15:26:25,0.3,1800,218750
20240103,15:26:26,0.3,3450,218750
20240103,15:26:27,0.3,50,218750
20240103,15:26:33,0.3,250,218750
20240103,15:27:09,0.3,1200,218750
20240103,15:27:09,0.3,1000,218750
20240103,15:27:35,0.25,50,219200
20240103,15:27:56,0.25,200,219200
20240103,15:28:00,0.35,50,219200
20240103,15:28:01,0.35,450,219200
20240103,15:28:21,0.35,650,219200
20240103,15:28:32,0.35,50,219200
20240103,15:29:04,0.35,100,219200
20240103,15:29:26,0.35,450,219200
20240103,15:29:46,0.25,50,219200
20240103,15:29:59,0.35,450,219200
20240104,09:15:01,0.3,1,219550
20240104,09:15:01,0.3,500,219550
20240104,09:15:02,0.3,500,219550
20240104,09:15:03,0.3,250,219550
20240104,09:15:04,0.3,400,219550
20240104,09:15:05,0.3,1100,219550
20240104,09:15:07,0.3,400,219550
20240104,09:15:10,0.15,250,219550
20240104,09:15:11,0.15,100,219550
20240104,09:16:04,0.3,150,219550
20240104,09:16:13,0.25,300,219550
20240104,09:16:34,0.3,1000,219550
20240104,09:16:43,0.25,400,219550
20240104,09:16:45,0.25,450,219550
20240104,09:16:46,0.25,650,219550
20240104,09:17:02,0.25,350,219550
20240104,09:17:07,0.25,50,219550
20240104,09:17:08,0.25,600,219550
20240104,09:17:09,0.25,600,219550
20240104,09:17:10,0.25,1600,219550
20240104,09:22:51,0.25,1800,219550
20240104,09:22:57,0.25,1800,219450
20240104,09:23:00,0.25,2350,219450
20240104,09:23:06,0.25,50,219450
20240104,09:23:07,0.25,2800,219450
20240104,09:23:14,0.25,700,219450
20240104,09:23:59,0.2,50,216150
20240104,09:24:13,0.25,50,216150
20240104,09:24:21,0.2,50,216150
20240104,09:24:40,0.2,200,216150
20240104,09:26:02,0.2,500,216150
20240104,09:26:16,0.2,50,216150
20240104,09:26:56,0.2,450,216650
20240104,09:27:23,0.25,250,216650
20240104,09:27:46,0.25,200,216650
20240104,09:27:50,0.25,100,216650
20240104,09:27:53,0.25,200,216650
20240104,09:27:57,0.25,100,216650
20240104,09:28:05,0.25,50,216650
20240104,09:28:13,0.2,500,216650
20240104,09:28:15,0.2,500,216650
20240104,09:28:16,0.2,200,216650
20240104,09:28:20,0.2,500,216650
20240104,09:28:21,0.2,150,216650
20240104,09:28:22,0.2,5000,216650
20240104,09:28:23,0.2,500,216650
20240104,09:28:25,0.15,500,216650
20240104,09:28:26,0.2,50,216650
20240104,09:28:27,0.2,300,216650
20240104,09:28:30,0.2,50,216650
20240104,09:28:34,0.2,350,216650
20240104,09:28:35,0.15,1800,216650
20240104,09:28:49,0.15,1800,216650
20240104,09:28:52,0.15,1800,216650
20240104,09:28:53,0.15,1800,216650
20240104,09:28:56,0.15,1800,216650
20240104,09:28:57,0.15,3600,216650
20240104,09:28:59,0.15,1800,216650
20240104,09:29:02,0.15,1800,216650
20240104,09:29:21,0.15,1800,216650
20240104,09:29:22,0.15,200,216650
20240104,09:29:29,0.15,2250,216250
20240104,09:29:38,0.2,650,216250
20240104,09:29:40,0.15,1800,216250
20240104,09:30:03,0.15,1800,216250
20240104,09:30:08,0.15,50,216250
20240104,09:30:15,0.15,50,216250
20240104,09:31:44,0.15,50,216250
20240104,09:32:05,0.15,3600,216250
20240104,09:32:06,0.1,10950,216250
20240104,09:32:07,0.15,50,216250
20240104,09:32:09,0.15,50,216250
20240104,09:32:12,0.15,100,216250
20240104,09:32:14,0.15,50,216250
20240104,09:32:18,0.15,600,216250
20240104,09:32:19,0.15,600,216250
20240104,09:32:20,0.15,600,216250
20240104,09:32:22,0.1,4200,209100
20240104,09:32:23,0.15,1200,209100
20240104,09:32:25,0.15,2800,209100
20240104,09:32:26,0.15,950,209100
20240104,09:32:32,0.1,1800,209100
20240104,09:32:36,0.15,50,209100
20240104,09:32:47,0.1,3600,209100
20240104,09:32:54,0.15,50,209100
20240104,09:32:57,0.1,3600,209100
20240104,09:32:58,0.1,1950,209100
20240104,09:32:59,0.1,3600,209100
20240104,09:33:00,0.1,1800,209100
20240104,09:33:03,0.15,50,209100
20240104,09:33:46,0.1,1800,209100
20240104,09:34:05,0.1,3600,209100
20240104,09:34:10,0.15,500,209100
20240104,09:34:15,0.1,3600,209100
20240104,09:35:03,0.1,1800,209100
20240104,09:35:04,0.1,7200,209100
20240104,09:35:26,0.1,1800,209100
20240104,09:35:29,0.1,1800,199800
20240104,09:35:30,0.1,1800,199800
20240104,09:35:35,0.1,1800,199800
20240104,09:35:36,0.1,7200,199800
20240104,09:41:23,0.15,50,199800
20240104,09:41:48,0.15,450,201600
20240104,09:43:15,0.1,1800,201600
20240104,09:45:12,0.15,50,201600
20240104,09:45:51,0.1,50,201150
20240104,09:46:44,0.15,1800,201150
20240104,09:46:45,0.15,1800,201150
20240104,09:46:48,0.15,400,201150
20240104,09:46:52,0.1,900,201150
20240104,09:47:14,0.1,1800,201150
20240104,09:47:18,0.1,1800,201150
20240104,09:47:25,0.1,1800,198700
20240104,09:50:49,0.15,1800,198700
20240104,09:50:52,0.1,3600,198700
20240104,09:51:11,0.1,1800,198700
20240104,09:51:16,0.15,1800,198700
20240104,09:51:25,0.1,1800,198700
20240104,09:51:26,0.1,1800,198700
20240104,09:51:33,0.15,1800,198700
20240104,09:51:35,0.1,3600,198700
20240104,09:51:40,0.1,3600,198700
20240104,09:51:41,0.1,3600,198700
20240104,09:51:44,0.1,3600,198700
20240104,09:51:48,0.1,3600,198700
20240104,09:51:52,0.1,3600,198700
20240104,09:51:55,0.1,1800,198700
20240104,09:52:07,0.1,3600,198700
20240104,09:52:08,0.1,9000,198700
20240104,09:52:09,0.1,50,198700
20240104,09:52:10,0.1,50,198700
20240104,09:52:11,0.1,50,198700
20240104,09:52:12,0.1,50,198700
20240104,09:52:13,0.1,9100,198700
20240104,09:52:14,0.1,3700,198700
20240104,09:52:15,0.1,3700,198700
20240104,09:52:16,0.1,6200,198700
20240104,09:52:17,0.1,100,198700
20240104,09:52:18,0.1,3050,198700
20240104,09:52:20,0.05,3200,198700
20240104,09:52:21,0.05,1800,198700
20240104,09:52:22,0.05,3600,198700
20240104,09:52:23,0.1,600,198700
20240104,09:52:30,0.05,3600,198700
20240104,09:52:37,0.05,3600,198700
20240104,09:52:44,0.05,4150,198700
20240104,09:52:46,0.05,3600,198700
20240104,09:52:50,0.05,1800,198700
20240104,09:52:51,0.05,3600,198700
20240104,09:52:54,0.05,50,198700
20240104,09:52:55,0.05,1800,198700
20240104,09:52:58,0.05,3600,198700
20240104,09:52:59,0.05,5400,198700
20240104,09:53:00,0.05,1800,198700
20240104,09:53:03,0.05,7200,198700
20240104,09:53:05,0.1,500,198700
20240104,09:53:06,0.1,950,198700
20240104,09:53:07,0.05,1800,198700
20240104,09:53:08,0.05,3600,198700
20240104,09:53:09,0.05,4500,198700
20240104,09:53:10,0.05,3600,198700
20240104,09:53:11,0.1,5250,198700
20240104,09:53:15,0.05,3600,198700
20240104,09:53:21,0.05,3600,198700
20240104,09:53:22,0.05,3600,198700
20240104,09:53:23,0.05,3600,198700
20240104,09:53:27,0.05,3600,184600
20240104,09:53:28,0.05,7200,184600
20240104,09:53:30,0.05,3600,184600
20240104,09:53:54,0.1,600,184600
20240104,09:54:22,0.05,3600,184600
20240104,09:54:44,0.1,50,184600
20240104,09:55:01,0.1,350,184600
20240104,09:58:10,0.1,500,184600
20240104,09:58:39,0.1,50,185100
20240104,10:01:28,0.1,1800,185100
20240104,10:01:37,0.1,1800,184750
20240104,10:02:07,0.1,1800,184750
20240104,10:02:13,0.1,1800,184750
20240104,10:02:23,0.1,1800,184750
20240104,10:03:07,0.1,50,177550
20240104,10:07:02,0.05,3600,177550
20240104,10:07:02,0.05,250,177550
20240104,10:10:45,0.05,100,177550
20240104,10:11:30,0.1,350,177550
20240104,10:15:25,0.1,250,177550
20240104,10:17:38,0.1,300,177550
20240104,10:19:58,0.1,250,177300
20240104,10:20:02,0.1,300,177300
20240104,10:20:10,0.1,350,177300
20240104,10:21:03,0.1,250,176400
20240104,10:21:31,0.1,750,176400
20240104,10:27:03,0.1,150,176150
20240104,10:27:14,0.1,50,176150
20240104,10:27:33,0.1,50,176150
20240104,10:29:02,0.1,50,176150
20240104,10:30:10,0.05,550,176150
20240104,10:30:14,0.1,450,176150
20240104,10:30:20,0.05,50,176150
20240104,10:38:45,0.1,250,175200
20240104,10:38:59,0.1,650,175200
20240104,10:39:16,0.1,50,175200
20240104,10:42:10,0.05,50,175200
20240104,10:42:50,0.1,250,174350
20240104,10:46:09,0.1,50,174350
20240104,10:52:19,0.05,50,174350
20240104,10:52:28,0.05,50,174350
20240104,10:55:31,0.1,50,174350
20240104,10:57:49,0.1,50,174350
20240104,10:58:50,0.05,150,174350
20240104,11:02:08,0.05,50,174350
20240104,11:03:10,0.05,50,174350
20240104,11:06:00,0.05,50,174350
20240104,11:06:06,0.05,1750,174350
20240104,11:07:24,0.1,50,174350
20240104,11:07:56,0.1,50,174350
20240104,11:09:14,0.05,100,174350
20240104,11:09:44,0.05,1800,174350
20240104,11:10:08,0.05,1800,174350
20240104,11:13:09,0.05,50,174250
20240104,11:13:11,0.05,1800,174250
20240104,11:13:14,0.05,600,174250
20240104,11:14:18,0.1,50,174250
20240104,11:15:55,0.05,900,174250
20240104,11:16:10,0.1,1800,174250
20240104,11:16:13,0.05,1800,174250
20240104,11:16:19,0.05,1800,174250
20240104,11:16:25,0.05,1800,174250
20240104,11:18:16,0.1,50,174250
20240104,11:19:07,0.1,250,174250
20240104,11:19:22,0.05,50,174250
20240104,11:19:25,0.05,3600,174250
20240104,11:19:25,0.05,1800,174250
20240104,11:19:30,0.05,5400,174250
20240104,11:19:32,0.05,1800,174250
20240104,11:19:36,0.05,1800,174250
20240104,11:19:41,0.05,1800,174250
20240104,11:19:46,0.05,1800,174250
20240104,11:19:49,0.05,4300,174250
20240104,11:19:50,0.05,1450,174250
20240104,11:19:54,0.05,2800,174250
20240104,11:20:13,0.1,50,174250
20240104,11:20:23,0.05,50,174250
20240104,11:20:43,0.05,1550,174250
20240104,11:20:45,0.05,50,174250
20240104,11:21:23,0.05,900,174250
20240104,11:21:24,0.05,900,174250
20240104,11:21:25,0.05,1800,174250
20240104,11:21:26,0.05,900,174250
