date,time,tick_price,volume,open_interest
20240222,10:22:56,0.95,700,850
20240222,10:23:05,0.95,50,850
20240222,10:23:15,0.95,50,850
20240222,10:23:24,0.95,50,850
20240222,11:46:59,1.2,200,850
20240222,12:38:02,1.2,50,1050
20240222,13:06:16,1.2,100,1050
20240222,13:06:37,0.75,50,1050
20240222,14:43:04,0.75,100,950
20240222,14:56:24,1.15,50,1050
20240222,15:17:57,1.15,250,1000
20240222,15:28:51,1.25,600,750
20240222,15:29:32,1.25,150,1350
20240223,09:15:01,1.2,1,500
20240223,09:15:01,1.2,50,500
20240223,09:15:02,1.3,5400,500
20240223,09:15:04,1.3,650,500
20240223,09:15:06,1.3,150,500
20240223,09:15:34,1.0,100,500
20240223,09:16:09,1.0,250,6550
20240223,09:17:00,1.0,50,6550
20240223,09:17:24,1.0,750,6550
20240223,09:17:37,0.95,1200,6550
20240223,09:17:54,0.95,100,6550
20240223,09:17:55,0.95,100,6550
20240223,09:18:08,0.95,300,6550
20240223,09:19:42,0.95,50,7900
20240223,09:22:39,0.9,250,7950
20240223,09:23:38,0.9,1500,7950
20240223,09:24:02,0.9,100,7950
20240223,09:24:57,0.85,50,7950
20240223,09:24:58,0.85,50,7600
20240223,09:25:22,0.85,50,7600
20240223,09:25:26,0.9,50,7600
20240223,09:25:40,0.85,150,7600
20240223,09:28:34,0.85,700,7600
20240223,09:28:43,0.85,850,7750
20240223,09:28:45,0.85,150,7750
20240223,09:31:04,0.8,50,7750
20240223,09:32:04,0.8,700,8500
20240223,09:37:08,0.85,1050,8500
20240223,09:37:09,0.85,50,9000
20240223,09:37:10,0.85,50,9000
20240223,09:37:18,0.85,50,9000
20240223,09:37:19,0.85,50,9000
20240223,09:38:05,0.85,800,9000
20240223,09:38:10,0.85,50,9000
20240223,09:38:11,0.8,50,9000
20240223,09:38:44,0.85,50,9000
20240223,09:38:45,0.8,50,9000
20240223,09:38:57,0.85,100,9000
20240223,09:39:16,0.85,50,9000
20240223,09:39:37,0.85,100,9000
20240223,09:42:33,0.85,2100,9000
20240223,09:42:40,0.85,100,10800
20240223,09:43:49,0.85,400,8850
20240223,09:44:24,0.9,650,8850
20240223,09:44:24,0.9,150,8850
20240223,09:44:26,0.95,3550,8850
20240223,09:45:11,1.0,1800,8850
20240223,09:45:13,1.05,1050,8850
20240223,09:46:17,1.0,2300,8850
20240223,09:47:39,0.95,50,14900
20240223,09:49:05,1.05,50,14900
20240223,09:49:06,1.1,100,17000
20240223,09:49:07,1.1,50,17000
20240223,09:49:10,1.1,400,17000
20240223,09:49:29,1.0,250,17000
20240223,09:51:08,1.0,50,17000
20240223,09:52:22,1.1,50,17000
20240223,09:54:11,1.0,450,17000
20240223,09:54:38,1.0,200,17000
20240223,09:54:39,1.0,50,17000
20240223,09:55:50,1.0,200,17000
20240223,09:55:57,1.0,100,17200
20240223,09:57:01,1.05,2150,17200
20240223,10:04:54,1.0,400,18900
20240223,10:06:10,1.05,750,18900
20240223,10:07:12,1.1,200,18900
20240223,10:07:13,1.1,1000,19800
20240223,10:07:27,1.15,1600,19800
20240223,10:09:53,1.1,1000,19800
20240223,10:10:47,1.05,1050,22000
20240223,10:10:49,1.05,50,22000
20240223,10:10:51,1.05,400,22000
20240223,10:10:53,1.05,50,22000
20240223,10:11:06,1.05,50,22000
20240223,10:11:12,1.0,250,22000
20240223,10:12:11,0.95,50,22000
20240223,10:13:14,0.95,1800,20750
20240223,10:13:29,0.95,150,20750
20240223,10:15:10,1.1,2800,20750
20240223,10:15:12,0.95,50,20750
20240223,10:15:21,1.15,100,20750
20240223,10:16:22,1.05,100,21150
20240223,10:17:47,1.1,400,21150
20240223,10:18:09,1.15,1500,21150
20240223,10:18:33,1.1,200,21150
20240223,10:19:12,1.15,600,21150
20240223,10:19:13,1.2,2500,22500
20240223,10:19:15,1.1,50,22500
20240223,10:19:24,0.95,18000,22500
20240223,10:19:26,0.95,100,22500
20240223,10:19:28,1.0,400,22500
20240223,10:19:28,0.95,50,22500
20240223,10:19:36,0.95,500,22500
20240223,10:20:22,0.95,800,22500
20240223,10:20:39,0.9,50,22500
20240223,10:21:11,0.95,3750,22500
20240223,10:23:10,1.0,1800,25500
20240223,10:30:31,1.0,50,25500
20240223,10:31:18,0.95,750,26650
20240223,10:31:19,0.9,100,26700
20240223,10:31:20,0.95,50,26700
20240223,10:31:22,0.95,50,26700
20240223,10:31:30,0.95,100,26700
20240223,10:31:43,0.85,50,26700
20240223,10:31:58,0.85,2050,26700
20240223,10:34:53,0.9,50,26700
20240223,10:42:37,0.85,250,27400
20240223,10:44:09,0.85,250,27400
20240223,10:44:56,0.9,250,27600
20240223,10:45:46,0.85,250,27600
20240223,10:54:02,0.85,950,27850
20240223,10:56:00,0.9,100,27800
20240223,10:56:12,0.9,50,27800
20240223,11:03:50,0.9,50,27950
20240223,11:05:58,0.95,2200,28000
20240223,11:05:59,0.95,2150,28000
20240223,11:06:25,0.95,650,28000
20240223,11:06:28,0.95,450,28000
20240223,11:06:59,1.0,2700,28000
20240223,11:07:00,1.05,1800,28000
20240223,11:07:09,1.0,550,33450
20240223,11:07:45,1.05,2150,33450
20240223,11:10:53,1.05,100,33450
20240223,11:11:28,0.95,600,34850
20240223,11:11:35,1.0,50,34850
20240223,11:11:42,1.0,50,34850
20240223,11:15:21,0.9,100,35100
20240223,11:15:27,0.9,100,35100
20240223,11:25:35,0.95,50,35150
20240223,11:30:38,0.95,50,35150
20240223,11:40:49,0.9,50,35150
20240223,11:57:00,0.9,50,35150
20240223,12:00:17,0.9,650,35100
20240223,12:31:13,0.85,2750,35750
20240223,12:31:14,0.9,50,35750
20240223,12:31:48,0.9,50,35750
20240223,12:38:28,0.9,350,35600
20240223,12:44:04,0.85,50,35450
20240223,12:52:02,0.85,400,35450
20240223,12:59:48,0.8,2750,35650
20240223,12:59:49,0.8,50,35650
20240223,12:59:50,0.8,100,35650
20240223,12:59:51,0.8,50,35650
20240223,12:59:53,0.8,100,35650
20240223,13:12:06,0.75,1000,38400
20240223,13:12:06,0.75,1300,38400
20240223,13:12:28,0.75,50,38400
20240223,13:12:30,0.7,200,38400
20240223,13:12:45,0.7,50,38400
20240223,13:13:23,0.75,50,38400
20240223,13:14:01,0.75,50,39750
20240223,13:15:55,0.75,100,39750
20240223,13:27:24,0.75,350,39850
20240223,13:31:02,0.8,50,39500
20240223,13:31:52,0.7,750,39500
20240223,13:32:11,0.7,50,39500
20240223,13:46:35,0.7,50,38800
20240223,13:52:02,0.8,50,38800
20240223,14:19:51,0.8,150,38800
20240223,14:20:51,0.8,50,38800
20240223,14:23:08,0.7,2350,38800
20240223,14:23:46,0.7,700,38800
20240223,14:27:30,0.7,100,40500
20240223,14:29:23,0.7,100,40600
20240223,14:41:34,0.7,500,40600
20240223,14:43:19,0.65,750,40700
20240223,14:43:39,0.65,750,40700
20240223,14:46:35,0.65,250,39950
20240223,14:50:53,0.65,50,40200
20240223,15:01:43,0.7,200,40200
20240223,15:06:18,0.7,250,40150
20240223,15:06:36,0.7,50,40150
20240223,15:06:52,0.7,300,40150
20240223,15:11:55,0.65,5450,40450
20240223,15:13:01,0.65,250,40450
20240223,15:18:26,0.7,50,42400
20240223,15:19:34,0.7,100,42400
20240223,15:24:29,0.6,750,42400
20240223,15:25:00,0.6,500,42450
20240223,15:25:25,0.6,100,42450
20240223,15:25:31,0.6,100,42450
20240223,15:25:34,0.6,1100,42450
20240223,15:25:45,0.55,100,42450
20240223,15:25:46,0.55,50,40300
20240223,15:26:01,0.55,250,40300
20240223,15:26:20,0.55,250,40300
20240223,15:26:51,0.55,400,40300
20240223,15:29:37,0.55,50,40300
20240226,09:15:03,0.65,1,39900
20240226,09:15:03,0.7,1900,39900
20240226,09:15:04,0.75,300,39900
20240226,09:15:12,0.7,300,39900
20240226,09:15:29,0.7,600,39900
20240226,09:16:14,0.6,50,41100
20240226,09:17:12,0.45,3600,41100
20240226,09:18:46,0.45,250,38950
20240226,09:18:47,0.55,50,38950
20240226,09:20:09,0.5,200,38950
20240226,09:22:52,0.5,50,38650
20240226,09:23:14,0.5,50,38650
20240226,09:23:27,0.5,1000,38650
20240226,09:23:48,0.5,1000,38650
20240226,09:25:40,0.45,600,40100
20240226,09:26:28,0.5,50,40100
20240226,09:26:44,0.45,250,40100
20240226,09:26:50,0.4,3600,40100
20240226,09:26:51,0.4,3800,40100
20240226,09:26:52,0.4,800,40100
20240226,09:26:53,0.45,3450,40100
20240226,09:28:49,0.5,250,34750
20240226,09:31:26,0.45,600,34750
20240226,09:31:46,0.45,50,34750
20240226,09:31:47,0.45,50,34750
20240226,09:33:05,0.45,200,34750
20240226,09:34:49,0.45,50,34750
20240226,09:35:11,0.45,1800,33950
20240226,09:35:40,0.4,250,33950
20240226,09:37:42,0.45,100,33950
20240226,09:37:53,0.4,50,34800
20240226,09:38:29,0.45,50,34800
20240226,09:40:27,0.45,50,34950
20240226,09:44:10,0.4,2400,34950
20240226,09:44:11,0.35,1800,35000
20240226,09:44:12,0.35,9000,35000
20240226,09:44:22,0.35,1100,35000
20240226,09:44:28,0.4,100,35000
20240226,09:44:29,0.4,50,35000
20240226,09:44:30,0.4,50,35000
20240226,09:45:03,0.35,2050,35000
20240226,09:46:14,0.4,100,35000
20240226,09:46:15,0.4,100,34100
20240226,09:46:16,0.4,500,34100
20240226,09:52:09,0.35,250,34100
20240226,09:52:32,0.35,1000,34100
20240226,09:53:02,0.35,250,34100
20240226,09:53:06,0.3,3700,34100
20240226,09:58:53,0.3,250,36500
20240226,09:59:29,0.3,500,36500
20240226,10:00:02,0.35,100,36500
20240226,10:00:25,0.3,250,36500
20240226,10:00:46,0.35,250,36500
20240226,10:00:50,0.3,3600,36500
20240226,10:01:04,0.35,200,36250
20240226,10:05:04,0.35,1150,36250
20240226,10:05:18,0.35,350,39850
20240226,10:08:41,0.3,300,39850
20240226,10:13:12,0.35,200,39700
20240226,10:34:22,0.3,50,39700
20240226,10:39:31,0.35,1800,39700
20240226,10:39:42,0.3,1800,39700
20240226,10:57:24,0.3,1850,39700
20240226,11:01:10,0.3,1800,41500
20240226,11:01:48,0.35,250,41500
20240226,11:02:31,0.35,250,41500
20240226,11:15:27,0.3,1800,43300
20240226,11:23:39,0.35,50,43300
20240226,11:24:12,0.35,250,45100
20240226,11:28:02,0.35,450,45100
20240226,11:28:14,0.35,250,45350
20240226,11:29:48,0.3,450,45350
20240226,11:39:07,0.35,800,45350
20240226,11:44:18,0.3,1800,45950
20240226,11:47:51,0.3,1800,47750
20240226,11:47:52,0.3,1800,47750
20240226,11:54:42,0.3,1800,47750
20240226,11:56:01,0.35,50,53050
20240226,11:57:04,0.3,1800,53050
20240226,11:58:25,0.3,2000,53050
20240226,11:58:38,0.35,200,54850
20240226,11:59:15,0.3,700,54850
20240226,11:59:20,0.3,6400,54850
20240226,11:59:21,0.3,1800,54850
20240226,11:59:24,0.3,600,54850
20240226,11:59:24,0.3,850,54850
20240226,12:05:48,0.35,200,54850
20240226,12:13:52,0.3,1800,53900
20240226,12:13:58,0.3,1450,53900
20240226,12:16:25,0.3,50,55700
20240226,12:19:47,0.3,50,55700
20240226,12:24:55,0.3,50,55700
20240226,12:27:03,0.25,1800,55700
20240226,12:27:04,0.25,1800,55700
20240226,12:27:17,0.25,50,55700
20240226,12:31:11,0.25,1900,55700
20240226,12:31:12,0.25,3200,59300
20240226,12:31:22,0.25,100,59300
20240226,12:31:31,0.3,400,59300
20240226,12:31:32,0.25,1050,59300
20240226,12:32:24,0.25,1750,59300
20240226,12:33:10,0.25,50,59300
20240226,12:38:06,0.3,50,59300
20240226,12:39:09,0.25,50,60650
20240226,12:43:49,0.3,50,60650
20240226,12:44:17,0.25,50,60650
20240226,12:44:25,0.3,500,60650
20240226,12:47:31,0.3,200,61150
20240226,12:57:30,0.3,50,61250
20240226,13:07:39,0.3,200,61300
20240226,13:11:11,0.3,250,61500
20240226,13:12:10,0.3,450,61500
20240226,13:14:57,0.25,450,61500
20240226,13:14:57,0.25,800,61750
20240226,13:17:17,0.3,1800,61200
20240226,13:17:17,0.3,4500,61200
20240226,13:17:47,0.3,50,61200
20240226,13:21:23,0.3,50,60350
20240226,13:21:37,0.3,50,60350
20240226,13:23:01,0.3,250,60250
20240226,13:23:25,0.3,100,60250
20240226,13:23:44,0.3,1900,60250
20240226,13:28:23,0.3,50,60250
20240226,13:29:05,0.3,50,59800
20240226,13:33:29,0.25,50,59900
20240226,13:35:26,0.25,50,59900
20240226,13:38:15,0.3,200,59900
20240226,13:39:03,0.3,200,59900
20240226,13:41:12,0.3,500,59900
20240226,13:41:58,0.3,1800,59900
20240226,13:45:58,0.25,1800,59900
20240226,14:07:56,0.25,50,59900
20240226,14:09:23,0.3,2300,59900
20240226,14:20:41,0.25,500,60300
20240226,14:21:18,0.3,700,60300
20240226,14:21:18,0.3,1800,60300
20240226,14:24:17,0.3,1600,60650
20240226,14:24:40,0.3,50,60650
20240226,14:24:57,0.35,50,60650
20240226,14:28:06,0.3,1300,60750
20240226,14:48:47,0.25,250,59450
20240226,14:50:40,0.25,250,59450
20240226,14:51:11,0.25,250,59450
20240226,14:57:58,0.3,300,59450
20240226,15:00:41,0.25,100,59450
20240226,15:00:59,0.35,50,59450
20240226,15:03:53,0.25,50,59450
20240226,15:04:43,0.25,50,59450
20240226,15:05:00,0.25,50,59450
20240226,15:05:11,0.25,2650,59450
20240226,15:05:12,0.25,50,59450
20240226,15:05:36,0.25,100,59450
20240226,15:07:35,0.35,50,59450
20240226,15:07:45,0.25,50,59450
20240226,15:12:05,0.3,1000,59450
20240226,15:12:58,0.25,50,59450
20240226,15:19:38,0.35,150,59450
20240226,15:19:39,0.25,100,59450
20240226,15:20:54,0.3,12550,59450
20240226,15:23:00,0.3,1800,59450
20240226,15:27:46,0.25,400,61200
20240226,15:28:36,0.3,250,61200
20240226,15:28:42,0.3,1100,61200
20240226,15:28:43,0.25,500,61200
20240226,15:29:32,0.25,100,61200
20240227,09:15:03,0.25,1,61200
20240227,09:15:03,0.25,800,61200
20240227,09:15:05,0.3,200,61200
20240227,09:16:03,0.3,50,61200
20240227,09:20:07,0.3,50,61200
20240227,09:20:27,0.3,50,61200
20240227,09:21:19,0.3,250,61200
20240227,09:21:51,0.25,1800,61000
20240227,09:22:23,0.3,100,61000
20240227,09:23:09,0.3,250,61000
20240227,09:23:36,0.25,50,61000
20240227,09:24:47,0.25,50,61000
20240227,09:26:22,0.25,50,61000
20240227,09:26:53,0.25,700,61000
20240227,09:28:37,0.25,200,61000
20240227,09:29:27,0.3,50,61000
20240227,09:32:45,0.3,250,61000
20240227,09:36:21,0.3,250,61000
20240227,09:37:46,0.25,250,61000
20240227,09:40:36,0.3,250,61000
20240227,09:41:57,0.3,250,61000
20240227,09:50:11,0.3,250,61000
20240227,09:58:13,0.3,50,61050
20240227,09:58:37,0.25,200,61300
20240227,10:10:57,0.3,300,61150
20240227,10:11:10,0.2,10000,61150
20240227,10:11:43,0.2,5800,61150
20240227,10:11:44,0.3,900,61150
20240227,10:11:47,0.3,200,61150
20240227,10:18:25,0.25,1350,61150
20240227,10:33:35,0.3,200,61500
20240227,10:36:42,0.25,50,61100
20240227,10:42:04,0.3,500,61100
20240227,10:45:21,0.3,500,61100
20240227,10:51:30,0.3,1800,61100
20240227,10:52:46,0.25,100,61100
20240227,10:52:50,0.25,50,61100
20240227,11:05:10,0.25,50,61100
20240227,11:12:05,0.25,50,61100
20240227,11:39:54,0.3,250,61100
20240227,11:40:17,0.3,250,61100
20240227,11:40:32,0.3,250,61100
20240227,11:41:20,0.3,250,61100
20240227,11:41:57,0.3,50,61100
20240227,11:43:40,0.3,50,61100
20240227,11:44:26,0.3,250,61100
20240227,11:44:32,0.3,50,61100
20240227,11:45:21,0.3,50,61100
20240227,11:47:44,0.3,250,61100
20240227,11:48:33,0.25,250,61100
20240227,11:48:41,0.3,50,61100
20240227,11:48:43,0.3,50,61100
20240227,11:51:16,0.25,50,61100
20240227,11:51:33,0.25,200,61100
20240227,11:53:33,0.25,500,61100
20240227,11:54:15,0.25,50,61100
20240227,11:56:18,0.25,500,61100
20240227,12:00:14,0.3,300,61100
20240227,12:03:57,0.25,200,61100
20240227,12:04:00,0.3,100,61100
20240227,12:05:15,0.3,50,61100
20240227,12:08:45,0.25,250,61100
20240227,12:25:25,0.25,200,61100
20240227,12:25:33,0.25,1750,61100
20240227,12:27:08,0.25,50,61100
20240227,12:31:12,0.25,1800,59800
20240227,12:31:13,0.25,500,59800
20240227,12:32:18,0.3,1800,61100
20240227,12:34:59,0.3,50,62900
20240227,12:40:37,0.3,1800,62900
20240227,12:40:40,0.3,1800,62950
20240227,12:40:41,0.3,2600,62950
20240227,12:40:43,0.3,450,62950
20240227,12:40:53,0.3,100,62950
20240227,12:47:05,0.3,200,62950
20240227,12:49:38,0.35,50,62800
20240227,12:50:48,0.35,700,62800
20240227,12:50:48,0.3,1800,62800
20240227,12:55:21,0.35,300,62800
20240227,12:56:05,0.35,250,61450
20240227,12:57:01,0.35,250,61450
20240227,12:57:19,0.35,1900,61450
20240227,12:59:15,0.35,300,61450
20240227,13:00:40,0.35,250,61450
20240227,13:00:52,0.35,50,61450
20240227,13:01:00,0.35,100,61450
20240227,13:01:34,0.35,250,61450
20240227,13:01:40,0.35,250,61450
20240227,13:01:41,0.35,50,61450
20240227,13:01:42,0.35,1800,61450
20240227,13:02:13,0.35,600,61450
20240227,13:03:21,0.4,500,61450
20240227,13:04:47,0.4,100,60200
20240227,13:05:18,0.4,100,60200
20240227,13:08:16,0.4,50,60100
20240227,13:10:45,0.35,1000,60100
20240227,13:16:08,0.4,250,59200
20240227,13:16:11,0.4,3600,59200
20240227,13:17:31,0.3,300,59200
20240227,13:26:48,0.3,50,59050
20240227,13:29:48,0.4,500,59050
20240227,13:29:49,0.35,450,59050
20240227,13:34:42,0.35,100,59050
20240227,13:40:13,0.3,100,59500
20240227,13:42:52,0.3,250,59500
20240227,13:46:01,0.3,250,59150
20240227,13:47:56,0.3,250,59150
20240227,13:50:18,0.35,100,58900
20240227,13:53:23,0.3,650,58750
20240227,13:53:30,0.35,50,58750
20240227,13:56:28,0.3,50,58750
20240227,13:56:42,0.3,500,59450
20240227,13:57:08,0.3,50,59450
20240227,13:57:41,0.3,50,59450
20240227,13:58:13,0.3,200,59450
20240227,14:03:43,0.3,50,59450
20240227,14:04:15,0.3,100,59450
20240227,14:04:19,0.3,100,59450
20240227,14:04:34,0.3,50,59450
20240227,14:08:29,0.3,300,59450
20240227,14:08:42,0.3,1800,59450
20240227,14:08:55,0.3,1800,59450
20240227,14:08:58,0.3,900,59450
20240227,14:09:04,0.35,1800,59450
20240227,14:11:58,0.35,100,60250
20240227,14:12:50,0.3,50,60250
20240227,14:13:31,0.3,50,60250
20240227,14:14:34,0.35,300,60250
20240227,14:14:44,0.35,1800,60250
20240227,14:14:45,0.35,1800,60250
20240227,14:14:46,0.35,1800,60250
20240227,14:14:47,0.35,50,60250
20240227,14:14:48,0.35,100,60250
20240227,14:14:51,0.35,50,60250
20240227,14:14:56,0.35,3100,60250
20240227,14:14:57,0.3,5400,60250
20240227,14:15:27,0.4,3200,60250
20240227,14:15:27,0.4,1800,60250
20240227,14:15:31,0.4,100,60250
20240227,14:15:39,0.3,5000,60250
20240227,14:15:52,0.4,250,60250
20240227,14:15:53,0.35,1250,60250
20240227,14:16:02,0.4,100,60250
20240227,14:16:26,0.35,50,60250
20240227,14:17:44,0.4,400,60250
20240227,14:18:00,0.35,100,58000
20240227,14:25:02,0.35,250,58000
20240227,14:30:20,0.35,250,58000
20240227,14:31:00,0.35,250,58000
20240227,14:32:41,0.4,50,58000
20240227,14:32:51,0.4,50,57750
20240227,14:32:52,0.4,50,57750
20240227,14:33:03,0.4,50,57750
20240227,14:33:12,0.35,50,57750
20240227,14:33:18,0.35,50,57750
20240227,14:33:21,0.35,50,57750
20240227,14:33:25,0.35,50,57750
20240227,14:34:27,0.35,100,57750
20240227,14:36:03,0.35,100,57750
20240227,14:37:09,0.4,50,57650
20240227,14:37:18,0.4,50,57650
20240227,14:38:51,0.35,50,57650
20240227,14:42:17,0.4,50,57650
20240227,14:44:12,0.35,50,57600
20240227,14:45:30,0.4,150,57650
20240227,14:45:49,0.35,1800,57650
20240227,14:50:18,0.4,50,57650
20240227,14:50:26,0.4,50,57600
20240227,14:50:34,0.4,500,57600
20240227,14:52:14,0.35,100,57600
20240227,14:54:06,0.4,50,57600
20240227,14:56:18,0.4,50,58150
20240227,14:56:41,0.4,1850,58150
20240227,14:56:46,0.4,500,58150
20240227,14:56:53,0.4,500,58150
20240227,14:57:01,0.4,50,58150
20240227,14:57:03,0.4,100,58150
20240227,14:57:08,0.4,50,58150
20240227,14:57:09,0.4,100,58150
20240227,14:57:21,0.4,500,58150
20240227,14:57:56,0.4,300,58150
20240227,14:58:04,0.4,150,58150
20240227,14:58:28,0.4,100,58150
20240227,14:58:35,0.35,50,58150
20240227,14:58:36,0.4,350,58150
20240227,14:59:54,0.4,500,58150
20240227,15:00:07,0.4,750,56300
20240227,15:00:11,0.4,250,56300
20240227,15:00:30,0.4,250,56300
20240227,15:01:56,0.4,250,56300
20240227,15:02:31,0.4,250,56300
20240227,15:03:10,0.4,50,56300
20240227,15:03:39,0.35,50,56300
20240227,15:03:49,0.4,200,56300
20240227,15:03:49,0.4,50,56300
20240227,15:03:50,0.4,300,56300
20240227,15:03:54,0.4,900,56300
20240227,15:04:11,0.4,350,56300
20240227,15:04:21,0.4,250,56300
20240227,15:04:35,0.4,250,56300
20240227,15:04:48,0.4,1800,56300
20240227,15:04:51,0.4,850,56800
20240227,15:04:52,0.45,500,56800
20240227,15:05:03,0.45,50,56800
20240227,15:05:08,0.45,50,56800
20240227,15:05:09,0.4,50,56800
20240227,15:05:28,0.4,50,56800
20240227,15:05:48,0.4,50,56800
20240227,15:06:14,0.4,100,56800
20240227,15:07:14,0.45,150,56800
20240227,15:07:28,0.45,500,56800
20240227,15:07:30,0.4,250,56800
20240227,15:09:22,0.45,50,57350
20240227,15:10:04,0.45,50,57350
20240227,15:10:13,0.4,50,57350
20240227,15:10:40,0.45,50,57350
20240227,15:12:59,0.45,50,57350
20240227,15:13:07,0.45,100,57350
20240227,15:13:16,0.45,250,57350
20240227,15:13:32,0.4,50,57350
20240227,15:15:09,0.45,250,57350
20240227,15:15:14,0.4,900,57350
20240227,15:16:08,0.45,600,57350
20240227,15:16:11,0.45,50,57350
20240227,15:16:34,0.4,300,57350
20240227,15:16:47,0.45,50,57350
20240227,15:16:52,0.4,300,57200
20240227,15:16:54,0.45,50,57200
20240227,15:17:04,0.45,450,57200
20240227,15:17:06,0.45,50,57200
20240227,15:17:30,0.4,50,57200
20240227,15:17:36,0.4,1000,57200
20240227,15:18:27,0.4,50,57200
20240227,15:18:50,0.45,50,57200
20240227,15:18:57,0.45,100,57200
20240227,15:18:58,0.45,50,57200
20240227,15:19:01,0.45,50,57200
20240227,15:19:55,0.45,450,57200
20240227,15:20:02,0.4,1800,56500
20240227,15:20:03,0.45,250,56500
20240227,15:20:09,0.45,100,56500
20240227,15:20:48,0.4,50,56500
20240227,15:20:57,0.4,600,56500
20240227,15:21:22,0.4,800,56500
20240227,15:21:48,0.4,50,56500
20240227,15:23:39,0.4,50,56500
20240227,15:23:48,0.4,550,57100
20240227,15:23:53,0.4,250,57100
20240227,15:24:03,0.4,500,57100
20240227,15:24:28,0.35,50,57100
20240227,15:24:47,0.4,500,57100
20240227,15:25:11,0.3,100,57100
20240227,15:25:17,0.4,600,57100
20240227,15:25:20,0.3,50,57100
20240227,15:25:26,0.45,500,57100
20240227,15:26:13,0.3,100,58000
20240227,15:26:16,0.35,400,58000
20240227,15:27:19,0.3,50,58000
20240227,15:27:24,0.35,100,58000
20240227,15:27:39,0.35,250,58000
20240227,15:28:21,0.3,1800,58000
20240227,15:28:23,0.3,1800,58000
20240227,15:28:28,0.3,50,58000
20240227,15:28:29,0.25,1800,58000
20240227,15:28:30,0.3,1200,58000
20240227,15:28:32,0.25,1850,58000
20240227,15:28:37,0.25,1050,58000
20240227,15:28:42,0.25,50,58000
20240227,15:28:44,0.3,1200,58000
20240227,15:29:07,0.3,50,57400
20240227,15:29:15,0.3,250,57400
20240227,15:29:31,0.3,800,57400
20240227,15:29:32,0.35,950,57400
20240227,15:30:00,0.3,250,57400
20240228,09:15:04,0.45,1,55650
20240228,09:15:04,0.4,1,55650
20240228,09:15:04,0.45,650,55650
20240228,09:15:05,0.4,500,55650
20240228,09:15:07,0.45,1000,55650
20240228,09:15:15,0.4,1300,55650
20240228,09:15:16,0.45,550,55650
20240228,09:15:18,0.4,550,55650
20240228,09:15:21,0.4,50,55650
20240228,09:15:27,0.4,100,55650
20240228,09:15:32,0.4,150,55650
20240228,09:15:35,0.35,200,55650
20240228,09:15:47,0.35,200,55650
20240228,09:16:04,0.35,50,55700
20240228,09:16:16,0.4,100,55700
20240228,09:16:47,0.35,200,55700
20240228,09:16:52,0.4,100,55700
20240228,09:16:56,0.4,1800,55700
20240228,09:16:58,0.4,1900,55700
20240228,09:17:07,0.35,50,55700
20240228,09:17:10,0.4,900,55700
20240228,09:17:11,0.4,250,55700
20240228,09:17:32,0.4,50,55700
20240228,09:17:34,0.4,50,55700
20240228,09:17:35,0.45,250,55700
20240228,09:17:37,0.4,50,55700
20240228,09:18:00,0.45,50,55700
20240228,09:18:09,0.4,50,55700
20240228,09:18:14,0.4,50,55700
20240228,09:18:17,0.45,450,55700
20240228,09:18:19,0.4,50,55700
20240228,09:18:40,0.4,250,55700
20240228,09:18:56,0.45,500,55700
20240228,09:19:11,0.4,400,55950
20240228,09:19:17,0.4,50,55950
20240228,09:20:09,0.35,50,55950
20240228,09:20:30,0.4,300,55950
20240228,09:20:33,0.35,450,55950
20240228,09:21:09,0.4,400,55950
20240228,09:21:34,0.4,250,55950
20240228,09:22:04,0.35,50,56150
20240228,09:22:25,0.4,500,56150
20240228,09:22:45,0.4,50,56150
20240228,09:23:50,0.35,200,56150
20240228,09:24:02,0.35,50,56150
20240228,09:24:03,0.35,1300,56150
20240228,09:25:08,0.35,1000,55650
20240228,09:25:54,0.3,50,55650
20240228,09:26:04,0.3,50,55650
20240228,09:26:30,0.3,50,55650
20240228,09:26:42,0.3,100,55650
20240228,09:26:43,0.35,50,55650
20240228,09:27:01,0.3,250,55650
20240228,09:27:13,0.3,50,55650
20240228,09:27:24,0.35,50,55650
20240228,09:30:33,0.3,1050,56150
20240228,09:30:44,0.25,50,56150
20240228,09:31:04,0.25,50,55650
20240228,09:31:17,0.3,200,55650
20240228,09:33:25,0.35,900,55650
20240228,09:33:59,0.3,250,56150
20240228,09:34:10,0.35,1500,56150
20240228,09:42:56,0.3,700,57100
20240228,09:42:56,0.3,500,57100
20240228,09:43:15,0.3,250,57100
20240228,09:43:17,0.3,600,57100
20240228,09:44:02,0.3,200,57100
20240228,09:45:34,0.3,50,57100
20240228,09:49:36,0.25,900,56800
20240228,09:49:49,0.3,300,56800
20240228,09:50:31,0.3,50,56800
20240228,09:52:37,0.3,100,56800
20240228,09:58:06,0.25,250,56800
20240228,09:58:43,0.25,50,56800
20240228,10:00:42,0.3,50,56800
20240228,10:01:02,0.25,50,56800
20240228,10:03:27,0.25,400,56800
20240228,10:03:47,0.3,50,56800
20240228,10:04:04,0.25,300,56800
20240228,10:04:31,0.25,600,56800
20240228,10:04:34,0.25,350,56800
20240228,10:10:18,0.25,250,56800
20240228,10:11:17,0.25,200,56800
20240228,10:13:33,0.3,400,56800
20240228,10:18:59,0.3,100,56800
20240228,10:19:15,0.25,2450,56800
20240228,10:19:16,0.25,100,56800
20240228,10:20:39,0.3,50,56800
20240228,10:20:53,0.3,50,56800
20240228,10:23:07,0.2,400,55750
20240228,10:23:36,0.2,50,55750
20240228,10:26:52,0.2,150,55650
20240228,10:27:02,0.25,150,55650
20240228,10:30:09,0.25,50,55650
20240228,10:37:04,0.2,1800,55650
20240228,10:38:19,0.2,1800,55650
20240228,10:41:17,0.2,1300,55650
20240228,10:42:40,0.2,1800,59250
20240228,10:44:46,0.2,1000,59250
20240228,10:46:18,0.2,50,61050
20240228,10:47:05,0.2,50,61050
20240228,10:49:01,0.2,950,61050
20240228,10:51:28,0.2,1800,61050
20240228,10:52:02,0.2,250,61050
20240228,10:53:07,0.2,250,62850
20240228,10:54:05,0.2,250,62850
20240228,10:55:14,0.2,200,62850
20240228,10:55:14,0.2,1250,62850
20240228,10:56:19,0.2,250,62850
20240228,10:59:34,0.2,50,62850
20240228,11:00:17,0.2,600,62850
20240228,11:01:50,0.15,5400,62850
20240228,11:04:58,0.15,50,68250
20240228,11:08:55,0.15,4950,68250
20240228,11:09:04,0.15,250,68250
20240228,11:09:09,0.15,1700,68250
20240228,11:12:34,0.15,950,68250
20240228,11:12:35,0.15,50,68250
20240228,11:14:38,0.2,1800,68250
20240228,12:00:05,0.2,100,68250
20240228,12:01:00,0.15,100,68300
20240228,12:01:05,0.15,2050,68300
20240228,12:02:28,0.15,100,70050
20240228,12:10:28,0.2,600,70050
20240228,12:25:16,0.15,300,70050
20240228,12:27:19,0.2,200,70050
20240228,12:55:00,0.2,50,70050
20240228,12:55:08,0.2,50,70050
20240228,12:56:36,0.15,50,70050
20240228,12:59:09,0.15,50,70050
20240228,12:59:55,0.2,250,70050
20240228,13:04:11,0.2,50,70050
20240228,13:08:40,0.15,1800,70050
20240228,13:09:45,0.15,50,70050
20240228,13:09:55,0.2,50,70050
20240228,13:11:16,0.2,250,71850
20240228,13:15:50,0.15,50,71850
20240228,13:16:56,0.2,100,71850
20240228,13:16:57,0.2,50,71850
20240228,13:20:45,0.15,650,71850
20240228,13:20:56,0.15,600,71850
20240228,13:21:02,0.15,150,71850
20240228,13:22:41,0.15,50,71850
20240228,13:23:48,0.15,250,71850
20240228,13:24:22,0.15,900,71850
20240228,13:25:49,0.1,50,71850
20240228,13:26:16,0.1,1150,71850
20240228,13:26:25,0.1,1800,71850
20240228,13:27:44,0.1,1800,71850
20240228,13:27:54,0.15,1800,71850
20240228,13:28:08,0.15,1800,71850
20240228,13:28:43,0.15,450,71850
20240228,13:28:48,0.15,600,71250
20240228,13:29:09,0.2,450,71250
20240228,13:29:38,0.2,1800,71250
20240228,13:29:44,0.2,950,71250
20240228,13:31:46,0.15,300,71250
20240228,13:32:51,0.15,300,72600
20240228,13:33:21,0.15,50,72600
20240228,13:34:34,0.2,50,72600
20240228,13:34:47,0.15,250,72600
20240228,13:39:04,0.2,250,72600
20240228,13:44:59,0.15,250,72650
20240228,13:49:17,0.15,650,72650
20240228,13:58:26,0.1,50,72900
20240228,14:03:45,0.2,250,72650
20240228,14:09:22,0.15,50,72650
20240228,14:13:38,0.2,1800,72650
20240228,14:15:01,0.1,1800,72650
20240228,14:15:20,0.15,300,72650
20240228,14:15:56,0.15,1250,72650
20240228,14:17:06,0.15,250,72650
20240228,14:17:25,0.15,1550,72250
20240228,14:27:00,0.2,750,72250
20240228,14:32:36,0.2,500,72250
20240228,14:33:32,0.15,250,72250
20240228,14:33:36,0.2,50,72250
20240228,14:34:14,0.15,250,72250
20240228,14:36:17,0.2,50,72600
20240228,14:37:06,0.15,250,72600
20240228,14:37:44,0.15,250,72600
20240228,14:37:56,0.15,300,72650
20240228,14:38:02,0.2,250,72650
20240228,14:40:33,0.2,250,72650
20240228,14:41:08,0.15,150,72650
20240228,14:43:34,0.15,450,72600
20240228,14:45:31,0.15,50,72600
20240228,14:47:31,0.2,100,72600
20240228,14:50:46,0.1,250,72600
20240228,14:58:03,0.15,50,72850
20240228,14:58:28,0.15,300,72850
20240228,14:59:33,0.1,50,72850
20240228,15:03:51,0.1,1250,72850
20240228,15:06:13,0.1,250,74100
20240228,15:08:06,0.1,250,74100
20240228,15:08:56,0.1,250,74100
20240228,15:09:48,0.1,250,74100
20240228,15:10:02,0.1,250,74100
20240228,15:10:05,0.1,250,74100
20240228,15:10:12,0.1,250,74100
20240228,15:10:21,0.1,300,74100
20240228,15:10:24,0.1,300,74100
20240228,15:10:26,0.1,400,74100
20240228,15:10:36,0.1,100,74100
20240228,15:10:36,0.1,50,74100
20240228,15:10:37,0.1,250,74100
20240228,15:10:45,0.1,250,74100
20240228,15:10:57,0.1,250,74100
20240228,15:11:07,0.1,250,76350
20240228,15:11:28,0.1,250,76350
20240228,15:11:30,0.1,100,76350
20240228,15:11:31,0.1,600,76350
20240228,15:12:30,0.1,50,76350
20240228,15:13:44,0.1,50,76350
20240228,15:14:55,0.1,250,76850
20240228,15:15:05,0.1,200,76850
20240228,15:15:12,0.1,50,76850
20240228,15:16:39,0.1,350,76850
20240228,15:16:44,0.1,1800,76850
20240228,15:17:01,0.1,50,79250
20240228,15:17:16,0.1,650,79250
20240228,15:17:20,0.1,450,79250
20240228,15:18:07,0.1,500,79250
20240228,15:19:24,0.1,50,79250
20240228,15:19:25,0.1,1050,79250
20240228,15:19:48,0.1,250,79250
20240228,15:19:52,0.1,250,79250
20240228,15:19:55,0.1,250,79500
20240228,15:19:55,0.1,450,79500
20240228,15:20:17,0.1,500,79500
20240228,15:20:37,0.1,50,79500
20240228,15:20:54,0.1,500,79500
20240228,15:21:21,0.1,250,79500
20240228,15:21:22,0.1,50,79500
20240228,15:22:35,0.1,100,79500
20240228,15:23:35,0.1,350,79500
20240228,15:23:38,0.1,50,80450
20240228,15:23:51,0.1,250,80450
20240228,15:24:06,0.1,1800,80450
20240228,15:24:07,0.1,400,80450
20240228,15:24:08,0.1,1800,80450
20240228,15:24:29,0.1,300,80450
20240228,15:24:42,0.1,50,80450
20240228,15:25:04,0.1,100,80450
20240228,15:25:34,0.1,250,80450
20240228,15:25:39,0.1,100,80450
20240228,15:25:41,0.1,100,80450
20240228,15:25:42,0.1,2550,80450
20240228,15:25:53,0.1,250,80450
20240228,15:27:38,0.1,300,79900
20240228,15:27:43,0.1,600,79900
20240228,15:28:13,0.1,500,79900
20240228,15:28:16,0.1,250,79900
20240228,15:28:46,0.1,400,79900
20240228,15:29:15,0.1,50,81050
20240228,15:29:30,0.1,1850,81050
20240228,15:29:31,0.1,2250,81050
20240229,09:15:00,0.15,1,81050
20240229,09:15:00,0.15,350,81050
20240229,09:15:01,0.1,700,81050
20240229,09:15:03,0.1,550,81050
20240229,09:15:07,0.1,1000,81050
20240229,09:15:22,0.15,500,81050
20240229,09:15:38,0.15,100,81050
20240229,09:15:39,0.1,1900,81050
20240229,09:15:40,0.1,1800,81050
20240229,09:15:53,0.15,1850,81050
20240229,09:16:03,0.1,100,78400
20240229,09:16:07,0.15,50,78400
20240229,09:16:08,0.1,100,78400
20240229,09:16:10,0.1,100,78400
20240229,09:16:20,0.15,1450,78400
20240229,09:16:20,0.15,1150,78400
20240229,09:16:21,0.15,600,78400
20240229,09:16:23,0.1,150,78400
20240229,09:16:32,0.15,300,78400
20240229,09:16:34,0.15,200,78400
20240229,09:16:37,0.15,1900,78400
20240229,09:16:45,0.15,400,78400
20240229,09:17:00,0.1,50,78400
20240229,09:17:30,0.15,400,78400
20240229,09:17:42,0.15,700,78400
20240229,09:18:02,0.15,1800,78400
20240229,09:18:12,0.15,1800,78400
20240229,09:18:17,0.15,1800,78400
20240229,09:18:18,0.15,1800,78400
20240229,09:18:19,0.2,5400,78400
20240229,09:18:20,0.2,1800,78400
20240229,09:18:21,0.2,1800,78400
20240229,09:18:25,0.2,1800,78400
20240229,09:18:27,0.2,1900,78400
20240229,09:18:28,0.15,850,78400
20240229,09:18:30,0.25,1800,78400
20240229,09:18:31,0.25,300,78400
20240229,09:18:32,0.25,1800,78400
20240229,09:18:38,0.25,1800,78400
20240229,09:18:38,0.2,3600,78400
20240229,09:18:44,0.2,1800,78400
20240229,09:18:47,0.25,50,78400
20240229,09:18:48,0.1,50,78400
20240229,09:18:52,0.25,3000,78400
20240229,09:18:55,0.2,850,78400
20240229,09:19:09,0.25,600,45950
20240229,09:19:24,0.2,3050,45950
20240229,09:19:25,0.15,50,45950
20240229,09:19:28,0.3,4100,45950
20240229,09:19:29,0.25,1800,45950
20240229,09:19:31,0.2,3600,45950
20240229,09:19:32,0.2,2500,45950
20240229,09:19:51,0.2,1000,45950
20240229,09:20:18,0.2,50,45950
20240229,09:20:36,0.2,350,45950
20240229,09:21:07,0.15,100,45950
20240229,09:21:46,0.15,600,45950
20240229,09:22:08,0.15,650,48750
20240229,09:22:30,0.15,200,48750
20240229,09:23:15,0.2,300,48750
20240229,09:23:40,0.15,200,48750
20240229,09:23:57,0.15,50,48750
20240229,09:24:29,0.2,50,48750
20240229,09:24:57,0.15,200,48750
20240229,09:25:18,0.15,1800,48750
20240229,09:25:41,0.15,3600,48100
20240229,09:26:24,0.1,1800,48100
20240229,09:27:16,0.2,150,48100
20240229,09:27:27,0.15,1800,48100
20240229,09:27:55,0.2,450,48100
20240229,09:28:07,0.15,1800,48100
20240229,09:28:27,0.15,50,44100
20240229,09:29:15,0.2,500,44100
20240229,09:30:04,0.15,50,44100
20240229,09:31:03,0.2,1000,44100
20240229,09:31:19,0.15,450,44100
20240229,09:32:18,0.2,50,44100
20240229,09:39:02,0.2,50,44100
20240229,09:40:09,0.2,800,44100
20240229,09:40:54,0.15,50,44100
20240229,09:41:30,0.2,100,44100
20240229,09:41:38,0.2,900,44100
20240229,09:42:25,0.2,50,44100
20240229,09:44:28,0.15,700,44100
20240229,09:45:47,0.15,250,44100
20240229,09:45:55,0.2,1800,44100
20240229,09:46:03,0.15,1000,44100
20240229,09:46:27,0.2,1800,44100
20240229,09:47:31,0.2,350,44800
20240229,09:47:46,0.15,200,44800
20240229,09:48:00,0.2,200,44800
20240229,09:48:08,0.15,550,44800
20240229,09:50:26,0.2,200,45000
20240229,09:51:11,0.2,50,45000
20240229,09:51:43,0.15,900,45000
20240229,09:51:49,0.2,50,45000
20240229,09:52:30,0.15,50,45150
20240229,09:52:52,0.15,600,45150
20240229,09:53:25,0.2,100,45150
20240229,09:54:51,0.2,1500,45150
20240229,09:54:52,0.2,2000,45150
20240229,09:54:53,0.2,650,45150
20240229,09:54:54,0.2,2600,45150
20240229,09:54:57,0.2,50,45150
20240229,09:55:00,0.2,850,45150
20240229,09:55:21,0.2,8550,45150
20240229,09:56:58,0.15,1250,50000
20240229,09:56:59,0.15,550,50000
20240229,09:57:00,0.15,300,50000
20240229,09:57:33,0.15,1800,50000
20240229,09:57:39,0.15,100,50000
20240229,09:57:40,0.15,1800,50000
20240229,09:58:23,0.25,1800,50000
20240229,09:58:24,0.35,7800,41950
20240229,09:58:26,0.35,1550,41950
20240229,09:58:29,0.25,3000,41950
20240229,09:58:34,0.25,700,41950
20240229,09:58:39,0.25,1500,41950
20240229,09:58:44,0.3,900,41950
20240229,09:58:56,0.25,1250,41950
20240229,10:00:05,0.25,3600,41950
20240229,10:00:41,0.3,200,41950
20240229,10:02:13,0.25,150,44650
20240229,10:02:49,0.25,1800,44650
20240229,10:05:00,0.25,50,45450
20240229,10:06:28,0.2,200,45450
20240229,10:07:19,0.2,1500,45450
20240229,10:07:20,0.2,1850,45300
20240229,10:07:23,0.2,500,45300
20240229,10:08:03,0.15,2900,45300
20240229,10:08:19,0.25,50,45300
20240229,10:08:27,0.2,600,45300
20240229,10:08:30,0.2,250,45300
20240229,10:08:31,0.15,3000,45300
20240229,10:10:25,0.2,50,45300
20240229,10:10:25,0.2,50,42250
20240229,10:10:28,0.15,150,42250
20240229,10:10:34,0.2,1800,42250
20240229,10:10:35,0.2,3450,42250
20240229,10:11:15,0.2,400,42250
20240229,10:11:22,0.2,350,42250
20240229,10:12:11,0.2,250,42250
20240229,10:13:47,0.2,50,42250
20240229,10:14:26,0.2,200,45350
20240229,10:15:15,0.2,250,45350
20240229,10:15:24,0.2,600,45350
20240229,10:16:04,0.2,150,45350
20240229,10:16:08,0.2,100,45350
20240229,10:16:15,0.2,100,45950
20240229,10:16:34,0.2,2250,45950
20240229,10:16:35,0.2,1350,45950
20240229,10:17:33,0.2,50,45950
20240229,10:17:35,0.2,250,45950
20240229,10:19:09,0.25,250,45950
20240229,10:19:21,0.25,850,45650
20240229,10:19:46,0.25,100,45650
20240229,10:20:17,0.15,5400,45650
20240229,10:20:26,0.2,2500,45650
20240229,10:20:54,0.25,250,45650
20240229,10:21:50,0.15,4450,45650
20240229,10:25:19,0.2,100,39400
20240229,10:25:21,0.2,50,39400
20240229,10:25:41,0.2,700,39400
20240229,10:28:08,0.15,50,39400
20240229,10:28:40,0.2,50,39450
20240229,10:31:26,0.2,50,39450
20240229,10:31:51,0.2,50,39400
20240229,10:34:23,0.15,50,39400
20240229,10:39:01,0.2,50,39400
20240229,10:39:33,0.2,50,39400
20240229,10:40:59,0.2,50,39400
20240229,10:44:41,0.15,50,39400
20240229,10:52:55,0.15,50,39400
20240229,10:57:12,0.15,50,39400
20240229,10:57:47,0.15,50,39400
20240229,11:02:49,0.15,50,39400
20240229,11:06:05,0.15,800,39400
20240229,11:06:10,0.15,100,39400
20240229,11:09:29,0.15,500,39400
20240229,11:09:47,0.2,50,39400
20240229,11:14:36,0.15,50,39350
20240229,11:16:10,0.2,600,39350
20240229,11:16:28,0.2,100,38700
20240229,11:16:35,0.2,2800,38700
20240229,11:17:01,0.2,50,38700
20240229,11:18:47,0.2,50,38700
20240229,11:20:33,0.15,100,38800
20240229,11:20:45,0.2,600,38800
20240229,11:22:16,0.15,450,38800
20240229,11:22:21,0.15,50,38800
20240229,11:22:22,0.15,300,38750
20240229,11:24:25,0.2,50,38750
20240229,11:35:57,0.2,200,38750
20240229,11:36:55,0.15,50,38750
20240229,11:38:39,0.2,50,38600
20240229,11:42:17,0.15,100,38600
20240229,11:43:35,0.15,50,38600
20240229,11:45:39,0.15,150,38500
20240229,11:46:30,0.15,50,38300
20240229,11:46:36,0.2,50,38300
20240229,11:46:59,0.2,50,38300
20240229,11:54:21,0.15,600,38300
20240229,11:54:23,0.2,50,38250
20240229,11:56:02,0.2,50,37600
20240229,11:56:21,0.2,50,37600
20240229,11:57:32,0.2,50,37600
20240229,11:57:36,0.15,50,37600
20240229,11:57:36,0.2,50,37600
20240229,11:57:54,0.2,50,37600
20240229,12:01:42,0.15,50,37500
20240229,12:03:25,0.15,200,37500
20240229,12:03:30,0.2,50,37500
20240229,12:04:23,0.2,50,37500
20240229,12:20:24,0.15,50,37500
20240229,12:20:37,0.2,50,37500
20240229,12:26:55,0.2,950,37500
20240229,12:29:37,0.2,50,37500
20240229,12:38:33,0.15,50,37950
20240229,12:40:00,0.25,1800,37950
20240229,12:41:25,0.15,550,39250
20240229,12:41:56,0.2,50,39250
20240229,12:42:24,0.2,150,39250
20240229,12:42:40,0.15,50,39250
20240229,12:44:33,0.2,50,39350
20240229,12:46:39,0.15,1800,39350
20240229,12:49:07,0.2,50,39400
20240229,12:50:14,0.15,700,39400
20240229,12:50:28,0.2,50,39450
20240229,12:51:22,0.2,50,39450
20240229,12:51:37,0.15,100,39450
20240229,12:54:32,0.2,150,39550
20240229,12:54:58,0.15,50,39550
20240229,12:55:02,0.15,150,39550
20240229,12:55:10,0.2,450,39550
20240229,13:00:37,0.15,50,39550
20240229,13:14:07,0.2,1800,39550
20240229,13:15:04,0.15,50,39550
20240229,13:15:14,0.15,100,39550
20240229,13:18:57,0.2,50,40100
20240229,13:30:32,0.2,1000,40150
20240229,13:44:45,0.15,300,40550
20240229,13:55:22,0.15,1200,40250
20240229,13:57:07,0.2,200,40250
20240229,14:03:39,0.15,50,39050
20240229,14:08:16,0.15,1500,39000
20240229,14:10:18,0.2,1050,39000
20240229,14:10:27,0.15,2000,39000
20240229,14:11:01,0.2,1050,40200
20240229,14:11:17,0.15,50,40200
20240229,14:11:27,0.2,50,40200
20240229,14:12:02,0.15,50,40200
20240229,14:13:53,0.15,50,41200
20240229,14:14:00,0.15,100,41200
20240229,14:14:01,0.15,50,41200
20240229,14:15:11,0.15,1000,41200
20240229,14:15:18,0.15,50,41200
20240229,14:17:23,0.15,400,41100
20240229,14:18:47,0.15,100,41100
20240229,14:20:14,0.2,50,41250
20240229,14:20:33,0.15,550,41250
20240229,14:21:26,0.15,250,41250
20240229,14:21:51,0.15,50,41250
20240229,14:26:40,0.1,250,41250
20240229,14:26:55,0.1,50,41750
20240229,14:27:00,0.15,100,41750
20240229,14:27:06,0.1,1000,41750
20240229,14:27:13,0.1,1100,41750
20240229,14:27:20,0.15,250,41750
20240229,14:27:31,0.15,600,41750
20240229,14:27:39,0.1,50,41750
20240229,14:28:52,0.1,200,41950
20240229,14:29:35,0.1,400,41950
20240229,14:31:36,0.05,9000,41950
20240229,14:31:37,0.05,600,41950
20240229,14:31:50,0.05,1650,41950
20240229,14:32:06,0.05,1800,40700
20240229,14:33:58,0.05,50,40700
20240229,14:34:04,0.1,250,40700
20240229,14:34:30,0.05,950,40700
20240229,14:37:28,0.05,150,38800
20240229,14:40:04,0.1,300,38800
20240229,14:42:23,0.05,950,38800
20240229,14:43:09,0.1,100,38500
20240229,14:48:22,0.05,150,38500
20240229,14:48:27,0.1,50,38500
20240229,14:48:53,0.05,50,38500
20240229,14:50:23,0.1,50,38500
20240229,14:50:38,0.1,50,38500
20240229,14:51:11,0.1,50,38500
20240229,14:51:12,0.05,50,38500
20240229,14:53:28,0.05,50,38500
20240229,14:53:51,0.05,2750,38400
20240229,14:53:52,0.05,150,38400
20240229,14:53:55,0.05,1050,38400
20240229,14:53:57,0.05,100,38400
20240229,14:54:05,0.05,600,38400
20240229,14:54:10,0.05,450,38400
20240229,14:54:38,0.05,100,38400
20240229,14:55:41,0.05,900,38400
20240229,14:55:50,0.05,50,38400
20240229,14:55:57,0.05,100,37050
20240229,14:57:42,0.05,100,37050
20240229,14:58:10,0.05,150,37050
20240229,14:58:43,0.05,300,37050
20240229,14:58:51,0.05,1100,37050
20240229,14:59:51,0.05,900,36850
20240229,14:59:52,0.05,900,36850
20240229,15:00:10,0.05,550,36850
20240229,15:00:19,0.05,100,36850
20240229,15:07:34,0.05,100,36850
20240229,15:13:09,0.05,200,36850
