date,time,tick_price,volume,open_interest
20240123,09:15:49,2.5,700,1300
20240123,09:15:57,2.95,250,1300
20240123,09:16:10,2.65,200,1300
20240123,09:16:38,2.6,100,1300
20240123,09:16:40,2.65,50,1300
20240123,09:17:19,2.75,50,1300
20240123,09:17:58,2.9,100,1300
20240123,09:18:11,2.85,50,1300
20240123,09:19:05,2.85,50,1300
20240123,09:20:24,2.8,50,1300
20240123,09:20:28,2.8,350,1300
20240123,09:25:57,2.7,250,1300
20240123,09:26:03,2.7,150,1250
20240123,09:26:38,2.7,250,850
20240123,09:26:48,2.7,600,850
20240123,09:30:19,2.8,50,550
20240123,09:30:34,2.75,150,550
20240123,09:44:05,2.95,50,750
20240123,09:49:40,3.0,100,750
20240123,09:49:54,3.05,50,750
20240123,09:52:12,3.1,50,850
20240123,10:07:03,3.25,50,850
20240123,10:08:53,3.2,50,900
20240123,10:11:10,3.15,350,900
20240123,10:12:03,3.3,700,900
20240123,10:12:09,3.35,650,900
20240123,10:17:37,3.3,250,2200
20240123,10:21:00,3.2,550,2450
20240123,10:33:55,3.4,300,3000
20240123,10:36:04,3.4,500,2700
20240123,11:43:45,4.85,150,3100
20240123,11:43:54,4.8,200,3100
20240123,11:44:05,4.9,100,3100
20240123,11:44:34,4.9,50,3100
20240123,11:49:04,4.95,50,3250
20240123,11:49:56,4.7,100,3250
20240123,11:50:05,4.7,650,3250
20240123,11:52:05,4.55,200,3100
20240123,11:53:50,4.8,100,3100
20240123,11:54:35,4.9,350,3150
20240123,11:54:56,4.8,100,3150
20240123,11:57:57,4.95,100,3500
20240123,11:58:37,5.15,50,3500
20240123,11:58:53,5.05,50,3500
20240123,12:00:33,5.2,50,3500
20240123,12:02:13,5.4,500,3500
20240123,12:02:45,5.4,50,3500
20240123,12:02:51,5.45,50,3500
20240123,12:03:24,5.5,100,3000
20240123,12:03:30,5.55,100,3000
20240123,12:03:47,5.75,100,3000
20240123,12:04:14,5.75,150,3000
20240123,12:04:30,5.65,50,3000
20240123,12:05:43,5.65,50,3000
20240123,12:06:17,5.55,150,2950
20240123,12:07:05,5.95,100,2950
20240123,12:07:18,6.05,50,2950
20240123,12:07:31,6.15,850,2950
20240123,12:07:44,6.3,500,2950
20240123,12:07:58,6.2,550,2950
20240123,12:08:09,6.45,300,2950
20240123,12:08:27,6.3,200,2950
20240123,12:09:02,6.05,450,4550
20240123,12:09:15,6.1,450,4550
20240123,12:09:26,6.0,1000,4550
20240123,12:09:40,6.2,450,4550
20240123,12:09:51,6.1,100,4550
20240123,12:09:54,6.1,50,4550
20240123,12:10:10,5.9,50,4550
20240123,12:11:12,6.1,250,4550
20240123,12:11:51,6.1,100,4550
20240123,12:12:00,6.2,200,4800
20240123,12:12:24,6.15,100,4800
20240123,12:12:29,6.05,150,4800
20240123,12:15:15,6.3,100,4700
20240123,12:15:21,6.4,1000,4700
20240123,12:15:38,6.15,50,4700
20240123,12:15:51,6.15,300,4700
20240123,12:16:30,5.15,400,4700
20240123,12:16:43,5.0,200,4700
20240123,12:16:51,5.25,800,4700
20240123,12:17:45,5.35,200,4700
20240123,12:18:21,5.5,100,5150
20240123,12:18:28,5.55,100,5150
20240123,12:19:27,5.85,100,5150
20240123,12:19:37,5.8,500,5150
20240123,12:19:45,5.8,350,5150
20240123,12:19:59,5.9,50,5150
20240123,12:20:20,5.7,50,5150
20240123,12:20:44,5.9,100,5150
20240123,12:21:00,5.85,200,5550
20240123,12:21:07,5.85,150,5550
20240123,12:23:27,5.7,100,5550
20240123,12:24:48,5.95,200,5550
20240123,12:24:56,6.0,50,5550
20240123,12:25:28,5.95,100,5550
20240123,12:25:39,6.0,100,5550
20240123,12:26:49,6.0,200,5550
20240123,12:28:02,6.0,50,5350
20240123,12:28:47,5.85,50,5350
20240123,12:33:28,5.65,350,5400
20240123,12:37:09,5.6,100,5600
20240123,12:38:09,5.6,150,5600
20240123,12:46:22,6.15,250,5650
20240123,12:48:18,6.45,50,5850
20240123,12:48:28,6.4,50,5850
20240123,12:48:37,6.35,50,5850
20240123,12:49:16,6.1,100,5850
20240123,12:49:55,5.95,100,5850
20240123,12:50:19,6.0,50,5850
20240123,12:52:35,6.05,150,5800
20240123,12:53:18,6.2,50,5800
20240123,12:55:08,6.3,50,5950
20240123,12:55:32,6.45,100,5950
20240123,12:55:43,6.45,150,5950
20240123,12:55:49,6.5,50,5950
20240123,12:56:16,6.35,100,5950
20240123,12:58:16,6.75,100,6300
20240123,13:01:00,6.8,100,6250
20240123,13:01:04,6.85,100,6250
20240123,13:01:31,6.5,50,6250
20240123,13:01:58,6.6,50,6250
20240123,13:02:24,6.8,300,6250
20240123,13:04:12,6.45,50,6450
20240123,13:04:43,6.45,1000,6450
20240123,13:04:57,6.5,350,6450
20240123,13:05:07,6.5,50,6450
20240123,13:05:28,6.65,350,6450
20240123,13:05:44,6.6,800,6450
20240123,13:06:29,6.65,250,6600
20240123,13:07:03,6.75,100,6600
20240123,13:07:33,6.65,250,6600
20240123,13:08:29,6.7,50,6600
20240123,13:10:16,6.85,50,6450
20240123,13:11:00,6.95,300,6450
20240123,13:11:09,6.9,900,6450
20240123,13:11:47,6.7,100,6450
20240123,13:12:21,6.7,200,6750
20240123,13:12:43,6.5,200,6750
20240123,13:13:06,6.45,100,6750
20240123,13:16:19,6.65,400,6550
20240123,13:16:55,6.6,50,6550
20240123,13:18:16,6.6,50,6150
20240123,13:19:21,6.6,1100,6150
20240123,13:19:26,6.55,50,6150
20240123,13:21:23,6.5,250,6950
20240123,13:22:35,6.85,50,6950
20240123,13:23:48,6.65,50,6950
20240123,13:27:31,7.25,100,6950
20240123,13:27:49,7.15,50,6950
20240123,13:27:59,7.15,200,6950
20240123,13:28:45,7.0,200,6950
20240123,13:29:04,6.95,100,6950
20240123,13:29:49,7.0,100,6950
20240123,13:31:05,6.9,250,7000
20240123,13:31:18,6.95,600,7000
20240123,13:32:05,7.05,50,7000
20240123,13:33:58,7.15,350,6200
20240123,13:34:04,7.2,50,6200
20240123,13:35:00,7.2,250,6200
20240123,13:35:17,7.25,50,6200
20240123,13:38:02,7.15,100,6650
20240123,13:48:12,6.6,250,6550
20240123,13:50:34,6.55,200,6550
20240123,13:52:30,6.8,200,6300
20240123,13:52:37,6.85,550,6300
20240123,13:57:14,6.9,1050,6350
20240123,13:57:29,6.85,100,6350
20240123,13:57:51,6.75,1000,6350
20240123,13:59:10,6.8,500,6350
20240123,13:59:58,6.8,150,6350
20240123,14:00:08,6.85,150,6350
20240123,14:00:31,6.75,150,6150
20240123,14:01:24,6.9,100,6150
20240123,14:02:03,6.75,50,6150
20240123,14:03:04,6.55,50,6150
20240123,14:03:56,6.5,800,6100
20240123,14:04:24,6.45,50,6100
20240123,14:04:39,6.35,500,6100
20240123,14:05:21,6.35,50,6100
20240123,14:05:48,6.1,50,6100
20240123,14:12:07,6.35,50,5900
20240123,14:13:00,6.65,200,5950
20240123,14:13:45,6.3,100,5950
20240123,14:14:54,6.6,50,5950
20240123,14:15:27,6.55,50,5900
20240123,14:15:54,6.6,50,5900
20240123,14:16:00,6.65,200,5900
20240123,14:16:15,6.8,400,5900
20240123,14:18:01,6.65,50,5900
20240123,14:18:42,6.7,400,6550
20240123,14:18:55,6.7,400,6550
20240123,14:19:22,6.75,50,6550
20240123,14:19:36,6.7,50,6550
20240123,14:20:35,6.85,100,6550
20240123,14:20:53,6.8,300,6550
20240123,14:22:09,7.15,200,7600
20240123,14:22:09,7.15,100,7600
20240123,14:22:44,7.2,1000,7600
20240123,14:22:47,7.25,100,7600
20240123,14:23:08,7.2,550,7600
20240123,14:23:22,7.05,100,7600
20240123,14:25:32,7.7,100,8700
20240123,14:25:42,7.7,50,8700
20240123,14:25:59,7.65,50,8700
20240123,14:26:25,7.65,50,8700
20240123,14:27:01,8.35,150,8700
20240123,14:27:13,8.35,150,8700
20240123,14:27:19,8.3,50,8800
20240123,14:27:50,8.0,50,8800
20240123,14:28:01,8.1,750,8800
20240123,14:28:15,8.2,1550,8800
20240123,14:28:22,8.15,50,8800
20240123,14:28:34,7.95,100,8800
20240123,14:28:46,8.0,200,8800
20240123,14:29:09,8.0,100,8800
20240123,14:30:14,8.15,50,8800
20240123,14:30:27,8.0,50,10150
20240123,14:30:44,7.7,1900,10150
20240123,14:30:52,7.6,100,10150
20240123,14:31:09,7.5,500,10150
20240123,14:31:49,7.0,50,10150
20240123,14:31:53,7.1,50,10150
20240123,14:32:14,7.2,800,10150
20240123,14:32:17,7.35,200,10150
20240123,14:32:45,7.35,100,10150
20240123,14:33:07,7.4,700,10150
20240123,14:34:25,7.65,200,9700
20240123,14:34:37,7.85,550,9700
20240123,14:35:15,7.9,250,9700
20240123,14:35:23,8.05,50,9700
20240123,14:35:34,8.1,400,9700
20240123,14:36:01,8.05,400,9700
20240123,14:36:19,8.15,1350,10300
20240123,14:36:40,8.05,450,10300
20240123,14:36:52,8.15,450,10300
20240123,14:37:44,8.1,50,10300
20240123,14:38:33,8.25,50,10300
20240123,14:38:53,8.3,50,10300
20240123,14:39:14,8.6,450,10300
20240123,14:40:00,8.6,50,11000
20240123,14:40:17,8.65,50,11000
20240123,14:40:40,8.5,450,11000
20240123,14:41:49,8.3,750,11000
20240123,14:42:33,8.35,600,10900
20240123,14:42:53,8.45,50,10900
20240123,14:43:04,8.55,1150,10900
20240123,14:43:27,8.65,600,10900
20240123,14:43:33,8.7,50,10900
20240123,14:43:43,8.65,350,10900
20240123,14:44:07,8.7,950,10900
20240123,14:45:04,8.8,450,10900
20240123,14:45:40,8.35,3250,11150
20240123,14:45:59,8.55,1300,11150
20240123,14:46:01,8.6,1000,11150
20240123,14:47:00,8.55,400,11150
20240123,14:47:23,8.55,3300,11150
20240123,14:47:41,8.6,50,11150
20240123,14:48:41,8.2,400,10950
20240123,14:48:56,7.9,100,10950
20240123,14:49:06,7.8,50,10950
20240123,14:50:18,7.5,250,10950
20240123,14:50:30,7.45,600,10950
20240123,14:50:56,7.3,50,10950
20240123,14:51:08,7.1,50,10950
20240123,14:51:19,7.15,100,10350
20240123,14:51:31,7.15,150,10350
20240123,14:51:48,7.2,750,10350
20240123,14:52:04,7.2,450,10350
20240123,14:53:15,7.35,1250,10350
20240123,14:53:16,7.45,2200,10350
20240123,14:53:31,7.55,650,10350
20240123,14:54:08,7.75,150,10350
20240123,14:54:24,7.9,100,12400
20240123,14:54:36,7.95,50,12400
20240123,14:54:45,7.9,50,12400
20240123,14:55:05,7.95,100,12400
20240123,14:55:58,7.95,250,12400
20240123,14:56:53,8.0,500,12400
20240123,14:57:09,8.0,50,12400
20240123,14:57:34,8.0,500,13200
20240123,14:57:57,8.1,400,13200
20240123,14:58:08,8.0,200,13200
20240123,14:58:20,8.15,50,13200
20240123,14:58:30,8.2,50,13200
20240123,14:58:47,8.2,400,13200
20240123,14:58:59,8.35,800,13200
20240123,14:59:23,8.3,50,13200
20240123,15:00:02,8.0,250,13200
20240123,15:00:39,8.2,100,13450
20240123,15:01:14,7.55,650,13450
20240123,15:01:50,7.8,400,13450
20240123,15:02:13,8.05,50,13450
20240123,15:02:36,7.9,100,13450
20240123,15:03:59,8.1,150,13500
20240123,15:04:10,8.1,100,13500
20240123,15:04:33,7.8,150,13500
20240123,15:04:47,7.95,50,13500
20240123,15:05:15,8.0,200,13500
20240123,15:06:25,7.95,300,13250
20240123,15:06:44,7.95,1000,13250
20240123,15:08:03,7.65,50,13250
20240123,15:08:32,7.6,250,13250
20240123,15:08:42,7.5,150,13250
20240123,15:09:08,7.4,150,13250
20240123,15:09:11,7.5,50,13250
20240123,15:09:29,7.65,50,13150
20240123,15:10:01,7.65,100,13150
20240123,15:10:27,7.6,250,13150
20240123,15:10:36,7.5,350,13150
20240123,15:10:45,7.55,650,13150
20240123,15:11:04,7.6,500,13150
20240123,15:12:36,7.9,350,13050
20240123,15:13:03,7.9,600,13050
20240123,15:13:14,7.9,150,13050
20240123,15:13:19,7.95,50,13050
20240123,15:13:42,7.8,50,13050
20240123,15:14:36,7.65,100,13050
20240123,15:15:07,8.0,50,13050
20240123,15:15:28,7.95,400,13450
20240123,15:15:36,8.0,100,13450
20240123,15:16:38,7.75,100,13450
20240123,15:17:13,7.85,200,13450
20240123,15:17:45,7.8,100,13450
20240123,15:18:01,7.8,50,13450
20240123,15:18:28,7.8,150,13450
20240123,15:18:58,7.85,100,13450
20240123,15:19:07,7.8,100,13450
20240123,15:19:42,7.75,100,13450
20240123,15:20:00,7.8,100,13450
20240123,15:20:45,7.9,50,13450
20240123,15:21:01,7.8,50,13450
20240123,15:21:15,7.7,100,13450
20240123,15:22:25,7.3,50,13450
20240123,15:23:34,7.25,50,13450
20240123,15:23:47,7.25,150,13450
20240123,15:24:02,7.25,50,13450
20240123,15:25:49,7.05,350,13300
20240123,15:25:56,6.9,250,13300
20240123,15:26:04,6.85,200,13300
20240123,15:26:18,6.8,250,13300
20240123,15:26:50,6.95,50,13300
20240123,15:27:00,7.0,550,13300
20240123,15:27:14,7.1,100,13300
20240123,15:28:37,7.3,50,13550
20240123,15:29:18,7.55,50,13550
20240123,15:29:59,7.7,1,13450
20240124,09:15:09,7.9,1,13450
20240124,09:15:09,9.65,550,13450
20240124,09:15:21,8.45,50,13450
20240124,09:15:32,8.3,1700,13450
20240124,09:15:43,8.6,300,13450
20240124,09:16:04,8.2,150,13450
20240124,09:16:25,8.2,50,13450
20240124,09:17:06,9.4,50,13450
20240124,09:17:17,9.25,600,13450
20240124,09:17:38,9.4,250,13450
20240124,09:17:47,9.5,100,13900
20240124,09:17:57,9.45,550,13900
20240124,09:18:06,9.55,1100,13900
20240124,09:18:15,9.6,550,13900
20240124,09:18:24,9.9,250,13900
20240124,09:18:33,10.0,450,13900
20240124,09:18:42,10.25,350,13900
20240124,09:18:51,10.55,50,13900
20240124,09:19:00,10.65,100,13900
20240124,09:19:08,11.05,600,13900
20240124,09:19:17,10.75,1100,13900
20240124,09:19:26,10.8,400,13900
20240124,09:19:45,11.55,1200,13900
20240124,09:19:54,11.65,1100,13900
20240124,09:20:02,11.65,100,13900
20240124,09:20:11,11.8,200,13900
20240124,09:20:18,11.85,50,13900
20240124,09:20:27,11.85,50,13900
20240124,09:20:36,11.95,550,13900
20240124,09:20:46,11.5,200,14700
20240124,09:20:55,11.25,450,14700
20240124,09:21:04,11.6,1400,14700
20240124,09:21:12,12.1,250,14700
20240124,09:21:22,12.15,350,14700
20240124,09:21:31,12.25,650,14700
20240124,09:21:40,11.9,350,14700
20240124,09:21:49,11.6,200,14700
20240124,09:21:59,11.3,100,14700
20240124,09:22:08,10.35,3100,14700
20240124,09:22:17,10.55,1200,14700
20240124,09:22:27,10.65,150,14700
20240124,09:22:36,10.65,400,14700
20240124,09:22:46,10.6,800,14700
20240124,09:22:55,10.65,250,14700
20240124,09:23:04,10.75,450,14700
20240124,09:23:14,10.45,300,14700
20240124,09:23:23,10.6,1200,14700
20240124,09:23:41,10.5,50,14700
20240124,09:23:50,10.45,50,15200
20240124,09:23:58,10.3,1800,15200
20240124,09:24:08,10.2,550,15200
20240124,09:24:17,10.35,50,15200
20240124,09:24:26,10.55,150,15200
20240124,09:24:35,10.45,50,15200
20240124,09:24:43,10.35,100,15200
20240124,09:24:53,10.35,50,15200
20240124,09:25:11,10.45,50,15200
20240124,09:25:20,10.35,1250,15200
20240124,09:25:30,10.6,2050,15200
20240124,09:25:39,10.8,1400,15200
20240124,09:25:49,10.75,300,15200
20240124,09:25:58,10.8,250,15200
20240124,09:26:07,10.65,100,15200
20240124,09:26:17,10.65,600,15200
20240124,09:26:26,10.7,100,15200
20240124,09:26:36,10.5,200,15200
20240124,09:26:45,10.15,750,15600
20240124,09:26:54,10.25,200,15600
20240124,09:27:03,9.9,900,15600
20240124,09:27:13,9.95,300,15600
20240124,09:27:22,9.75,250,15600
20240124,09:27:31,10.05,1550,15600
20240124,09:27:41,10.05,50,15600
20240124,09:27:50,10.1,300,15600
20240124,09:28:09,10.15,200,15600
20240124,09:28:18,10.1,200,15600
20240124,09:28:36,10.15,50,15600
20240124,09:29:03,9.7,150,15600
20240124,09:29:29,9.65,100,15600
20240124,09:29:38,9.65,100,15600
20240124,09:29:56,9.4,250,16300
20240124,09:30:05,9.4,500,16300
20240124,09:30:14,9.45,100,16300
20240124,09:30:41,9.35,50,16300
20240124,09:30:51,9.45,50,16300
20240124,09:31:00,9.2,500,16300
20240124,09:31:09,9.15,450,16300
20240124,09:31:17,9.0,50,16300
20240124,09:31:25,9.0,100,16300
20240124,09:31:34,9.05,200,16300
20240124,09:31:44,8.95,50,16300
20240124,09:31:53,8.55,600,16300
20240124,09:32:03,8.55,100,16300
20240124,09:32:12,8.3,350,16300
20240124,09:32:21,8.3,2950,16300
20240124,09:32:30,8.35,100,16300
20240124,09:33:06,8.3,400,18300
20240124,09:33:15,8.15,100,18300
20240124,09:33:23,8.25,50,18300
20240124,09:33:32,8.1,100,18300
20240124,09:33:40,8.2,50,18300
20240124,09:33:48,8.2,1150,18300
20240124,09:33:58,8.3,500,18300
20240124,09:34:07,8.25,50,18300
20240124,09:34:25,8.55,1350,18300
20240124,09:34:34,8.6,550,18300
20240124,09:34:43,8.65,250,18300
20240124,09:35:01,8.65,550,18300
20240124,09:35:10,8.55,150,18300
20240124,09:35:19,8.45,150,18300
20240124,09:35:45,8.9,50,18300
20240124,09:35:54,8.95,150,18200
20240124,09:36:02,9.0,1450,18200
20240124,09:36:11,8.95,100,18200
20240124,09:36:28,8.9,550,18200
20240124,09:36:45,9.0,50,18200
20240124,09:36:53,8.9,50,18200
20240124,09:37:10,8.75,350,18200
20240124,09:37:18,8.85,400,18200
20240124,09:37:27,8.8,1000,18200
20240124,09:37:43,8.65,50,18200
20240124,09:37:52,8.4,100,18200
20240124,09:38:02,8.45,600,18200
20240124,09:38:11,8.5,100,18200
20240124,09:38:20,8.25,100,18200
20240124,09:38:37,8.1,150,18200
20240124,09:38:46,8.05,300,18100
20240124,09:38:54,8.1,300,18100
20240124,09:39:03,8.15,150,18100
20240124,09:39:11,8.05,300,18100
20240124,09:39:56,7.75,250,18100
20240124,09:40:04,7.75,500,18100
20240124,09:40:12,7.8,600,18100
20240124,09:40:22,7.65,50,18100
20240124,09:40:30,7.5,2450,18100
20240124,09:40:40,7.5,400,18100
20240124,09:40:49,7.55,150,18100
20240124,09:40:58,7.55,900,18100
20240124,09:41:06,7.65,200,18100
20240124,09:41:15,7.65,1050,18100
20240124,09:41:25,7.55,600,18100
20240124,09:41:34,7.6,950,18100
20240124,09:41:42,7.6,550,18100
20240124,09:41:51,7.7,500,18300
20240124,09:42:00,7.75,50,18300
20240124,09:42:18,7.7,1550,18300
20240124,09:42:27,7.55,550,18300
20240124,09:42:44,7.65,100,18300
20240124,09:43:44,7.75,50,18300
20240124,09:43:53,7.8,200,18300
20240124,09:44:01,7.8,50,18300
20240124,09:44:33,7.75,200,18300
20240124,09:44:42,7.75,850,18300
20240124,09:44:59,7.65,50,19650
20240124,09:45:08,7.45,50,19650
20240124,09:45:17,7.35,1400,19650
20240124,09:45:33,7.35,900,19650
20240124,09:45:42,7.25,50,19650
20240124,09:46:01,7.15,100,19650
20240124,09:46:10,7.2,300,19650
20240124,09:46:19,7.1,100,19650
20240124,09:46:27,6.95,700,19650
20240124,09:46:36,6.9,150,19650
20240124,09:46:54,6.65,650,19650
20240124,09:47:03,6.65,50,19650
20240124,09:47:21,6.65,200,19650
20240124,09:47:57,6.45,50,19250
20240124,09:48:24,6.45,150,19250
20240124,09:48:40,6.45,50,19250
20240124,09:48:48,6.65,500,19250
20240124,09:48:56,6.6,100,19250
20240124,09:49:04,6.65,200,19250
20240124,09:49:14,6.85,650,19250
20240124,09:49:23,6.9,150,19250
20240124,09:51:16,7.05,50,19600
20240124,09:51:41,6.95,500,19600
20240124,09:52:16,7.1,300,19600
20240124,09:52:25,7.1,300,19600
20240124,09:52:34,7.2,750,19600
20240124,09:52:43,7.25,500,19600
20240124,09:53:00,7.05,50,19600
20240124,09:54:21,7.05,500,20450
20240124,09:54:55,6.85,500,20450
20240124,09:55:32,6.6,200,20450
20240124,09:55:41,6.55,200,20450
20240124,09:56:25,6.55,200,20450
20240124,09:56:52,6.5,150,20450
20240124,09:57:01,6.45,150,20100
20240124,09:57:19,6.25,1150,20100
20240124,09:57:29,6.25,200,20100
20240124,09:57:37,6.55,750,20100
20240124,09:57:55,6.65,250,20100
20240124,09:58:03,6.7,300,20100
20240124,09:58:20,6.85,50,20100
20240124,09:58:36,6.75,250,20100
20240124,09:58:54,6.75,150,20100
20240124,09:59:03,6.85,3050,20100
20240124,09:59:45,6.85,400,20100
20240124,10:00:01,6.85,350,18550
20240124,10:00:29,6.1,1300,18550
20240124,10:00:38,6.15,700,18550
20240124,10:00:48,6.2,600,18550
20240124,10:01:41,6.5,400,18550
20240124,10:01:57,6.6,300,18550
20240124,10:02:07,6.8,400,18550
20240124,10:02:16,6.9,1250,18550
20240124,10:02:33,6.95,300,18550
20240124,10:02:41,7.0,1250,18550
20240124,10:02:51,7.05,600,17550
20240124,10:03:09,7.1,700,17550
20240124,10:03:27,7.2,150,17550
20240124,10:03:44,7.4,100,17550
20240124,10:03:54,7.3,150,17550
20240124,10:04:12,7.2,950,17550
20240124,10:04:30,7.45,200,17550
20240124,10:04:48,7.75,250,17550
20240124,10:05:07,7.55,1650,17550
20240124,10:05:16,7.55,100,17550
20240124,10:05:25,7.25,350,17550
20240124,10:05:35,7.5,650,17550
20240124,10:05:44,7.35,450,17550
20240124,10:05:53,7.25,50,17950
20240124,10:06:03,7.15,500,17950
20240124,10:06:27,7.05,350,17950
20240124,10:06:37,6.9,100,17950
20240124,10:06:55,6.65,50,17950
20240124,10:07:04,6.65,1200,17950
20240124,10:07:13,6.55,2500,17950
20240124,10:07:23,6.45,650,17950
20240124,10:07:32,6.5,700,17950
20240124,10:07:41,6.6,300,17950
20240124,10:07:50,6.6,100,17950
20240124,10:07:58,6.55,50,17950
20240124,10:08:15,6.65,50,17950
20240124,10:08:23,6.55,50,17950
20240124,10:08:32,6.7,100,17950
20240124,10:08:41,6.85,450,17950
20240124,10:08:50,6.95,350,17950
20240124,10:09:27,6.9,100,18000
20240124,10:09:35,6.75,50,18000
20240124,10:09:43,6.8,150,18000
20240124,10:09:51,6.7,200,18000
20240124,10:09:59,6.8,250,18000
20240124,10:10:08,6.75,450,18000
20240124,10:10:17,6.95,50,18000
20240124,10:10:27,6.9,400,18000
20240124,10:10:36,7.1,550,18000
20240124,10:10:44,7.1,650,18000
20240124,10:10:53,7.55,1100,18000
20240124,10:11:02,7.7,950,18000
20240124,10:11:12,8.15,900,18000
20240124,10:11:20,8.2,1200,18000
20240124,10:11:29,8.4,400,18000
20240124,10:11:38,8.35,300,18000
20240124,10:11:56,8.5,1850,20800
20240124,10:12:14,8.3,50,20800
20240124,10:12:32,8.65,300,20800
20240124,10:12:41,8.6,100,20800
20240124,10:13:32,8.45,50,20800
20240124,10:13:41,8.7,500,20800
20240124,10:14:32,8.2,200,20800
20240124,10:14:57,8.25,50,21650
20240124,10:15:06,8.05,650,21650
20240124,10:15:23,8.05,150,21650
20240124,10:15:40,7.75,250,21650
20240124,10:15:50,7.55,100,21650
20240124,10:15:58,7.5,900,21650
20240124,10:16:24,7.7,300,21650
20240124,10:16:59,7.7,500,21650
20240124,10:17:42,7.45,150,21650
20240124,10:17:59,7.3,50,20950
20240124,10:18:16,7.45,150,20950
20240124,10:18:24,7.4,250,20950
20240124,10:18:48,7.45,100,20950
20240124,10:19:06,7.4,150,20950
20240124,10:19:31,7.35,50,20950
20240124,10:19:56,7.1,150,20950
20240124,10:20:05,7.05,300,20950
20240124,10:20:14,7.0,150,20950
20240124,10:21:05,6.65,550,20600
20240124,10:21:15,6.6,150,20600
20240124,10:21:32,6.6,300,20600
20240124,10:21:41,6.65,200,20600
20240124,10:21:49,6.6,200,20600
20240124,10:22:07,6.6,500,20600
20240124,10:22:40,6.6,250,20600
20240124,10:22:49,6.55,1200,20600
20240124,10:23:07,6.55,1100,20600
20240124,10:23:14,6.5,250,20600
20240124,10:23:30,6.55,250,20600
20240124,10:24:41,6.7,350,21800
20240124,10:25:21,6.65,200,21800
20240124,10:25:30,6.65,50,21800
20240124,10:25:46,6.6,250,21800
20240124,10:25:54,6.65,100,21800
20240124,10:26:02,6.65,250,21800
20240124,10:26:36,6.8,350,21800
20240124,10:27:36,6.55,50,21400
20240124,10:27:45,6.45,1500,21400
20240124,10:28:19,6.4,150,21400
20240124,10:28:45,6.5,350,21400
20240124,10:29:01,6.6,500,21400
20240124,10:29:33,6.65,50,21400
20240124,10:29:41,6.7,50,21400
20240124,10:29:50,6.8,100,21400
20240124,10:29:59,6.75,150,21400
20240124,10:30:15,6.8,150,22900
20240124,10:30:40,7.0,50,22900
20240124,10:30:49,6.95,50,22900
20240124,10:30:57,6.9,400,22900
20240124,10:31:06,6.8,800,22900
20240124,10:31:24,6.8,100,22900
20240124,10:31:31,6.8,50,22900
20240124,10:31:49,6.65,50,22900
20240124,10:32:07,6.75,250,22900
20240124,10:32:15,6.8,300,22900
20240124,10:32:47,6.9,50,22900
20240124,10:33:11,6.95,50,21400
20240124,10:33:18,7.05,150,21400
20240124,10:33:34,7.0,300,21400
20240124,10:33:50,6.85,250,21400
20240124,10:34:15,6.75,50,21400
20240124,10:34:46,6.75,50,21400
20240124,10:34:54,6.7,100,21400
20240124,10:35:17,6.5,2250,21400
20240124,10:35:25,6.5,3700,21400
20240124,10:35:34,6.5,1900,21400
20240124,10:35:41,6.4,2600,21400
20240124,10:35:49,6.4,4400,21400
20240124,10:36:13,6.4,300,32650
20240124,10:36:21,6.25,300,32650
20240124,10:36:44,6.25,250,32650
20240124,10:36:52,6.25,250,32650
20240124,10:37:39,6.2,300,32650
20240124,10:37:55,6.1,50,32650
20240124,10:38:03,6.1,500,32650
20240124,10:38:11,6.15,1000,32650
20240124,10:38:36,6.15,50,32650
20240124,10:39:15,6.25,550,32700
20240124,10:39:48,6.25,150,32700
20240124,10:40:05,6.2,1650,32700
20240124,10:40:13,6.4,3050,32700
20240124,10:40:30,6.6,300,32700
20240124,10:40:39,6.7,1050,32700
20240124,10:40:48,6.85,50,32700
20240124,10:40:57,6.95,200,32700
20240124,10:41:05,6.9,1150,32700
20240124,10:41:22,6.95,1300,32700
20240124,10:41:30,6.9,50,32700
20240124,10:41:38,7.0,150,32700
20240124,10:41:54,7.1,100,34450
20240124,10:42:01,7.15,950,34450
20240124,10:42:09,7.15,300,34450
20240124,10:43:04,6.95,50,34450
20240124,10:43:43,6.9,50,34450
20240124,10:44:23,7.0,50,34450
20240124,10:44:59,7.1,100,33450
20240124,10:45:08,7.05,50,33450
20240124,10:45:26,7.35,200,33450
20240124,10:45:35,7.35,200,33450
20240124,10:45:44,7.35,250,33450
20240124,10:45:53,7.1,350,33450
20240124,10:46:03,7.0,400,33450
20240124,10:46:21,7.15,100,33450
20240124,10:46:30,7.2,900,33450
20240124,10:46:56,7.15,150,33450
20240124,10:47:05,7.15,1250,33450
20240124,10:47:13,7.05,450,33450
20240124,10:48:10,7.0,150,33650
20240124,10:48:28,6.8,400,33650
20240124,10:49:23,6.8,150,33650
20240124,10:50:22,6.5,100,33650
20240124,10:50:31,6.5,100,33650
20240124,10:50:38,6.45,100,33650
20240124,10:50:47,6.35,1200,33650
20240124,10:50:56,6.45,250,33650
20240124,10:51:22,6.85,2050,34600
20240124,10:52:05,6.7,400,34600
20240124,10:52:13,6.7,150,34600
20240124,10:52:21,6.75,50,34600
20240124,10:52:29,6.75,100,34600
20240124,10:52:37,6.8,100,34600
20240124,10:53:01,6.85,400,34600
20240124,10:53:26,6.95,1250,34600
20240124,10:53:42,6.8,100,34600
20240124,10:53:51,6.75,250,34600
20240124,10:54:00,6.65,100,33350
20240124,10:54:09,6.6,1100,33350
20240124,10:54:18,6.55,50,33350
20240124,10:54:26,6.5,250,33350
20240124,10:54:35,6.5,50,33350
20240124,10:54:44,6.5,400,33350
20240124,10:56:07,6.4,50,33350
20240124,10:56:32,6.35,50,33350
20240124,10:59:31,6.7,50,33050
20240124,11:00:05,6.75,300,32900
20240124,11:01:20,6.55,50,32900
20240124,11:01:43,6.55,100,32900
20240124,11:02:07,6.6,100,32900
20240124,11:02:38,6.55,850,32900
20240124,11:03:10,6.5,50,32750
20240124,11:03:50,6.5,50,32750
20240124,11:04:52,6.5,50,32750
20240124,11:05:08,6.45,600,32750
20240124,11:06:36,6.5,50,32900
20240124,11:08:03,6.5,50,32900
20240124,11:08:42,6.5,350,32900
20240124,11:09:08,6.55,100,32900
20240124,11:09:51,6.6,150,32900
20240124,11:10:24,6.45,50,32900
20240124,11:10:40,6.4,50,32900
20240124,11:11:04,6.45,50,32900
20240124,11:11:12,6.4,100,32900
20240124,11:12:18,6.55,50,32850
20240124,11:12:49,6.65,100,32850
20240124,11:13:50,6.7,50,32850
20240124,11:14:15,6.8,200,32850
20240124,11:14:29,6.8,200,32850
20240124,11:18:30,6.7,500,32700
20240124,11:18:58,6.55,50,32700
20240124,11:19:33,6.7,150,32700
20240124,11:21:06,6.55,150,33100
20240124,11:21:19,6.7,50,33100
20240124,11:22:15,6.7,100,33100
20240124,11:23:31,6.9,250,33100
20240124,11:23:39,6.9,600,33100
20240124,11:24:02,6.95,450,33250
20240124,11:24:08,6.9,50,33250
20240124,11:24:47,7.0,50,33250
20240124,11:25:05,7.1,150,33250
20240124,11:25:14,7.0,50,33250
20240124,11:26:02,7.45,200,33250
20240124,11:26:20,7.6,50,33250
20240124,11:26:38,7.65,50,33250
20240124,11:26:47,7.65,50,33250
20240124,11:26:56,7.55,50,33250
20240124,11:27:05,7.7,100,33300
20240124,11:27:13,7.75,350,33300
20240124,11:27:21,7.85,1000,33300
20240124,11:27:29,8.05,100,33300
20240124,11:27:37,8.0,50,33300
20240124,11:28:03,8.05,150,33300
20240124,11:28:12,7.8,100,33300
20240124,11:28:21,7.85,250,33300
20240124,11:28:29,7.9,800,33300
20240124,11:29:09,7.85,50,33300
20240124,11:29:18,7.75,100,33300
20240124,11:29:35,7.85,1400,33300
20240124,11:29:44,7.8,200,33300
20240124,11:29:53,7.75,50,33300
20240124,11:30:10,7.75,200,32900
20240124,11:30:18,7.9,650,32900
20240124,11:30:54,8.15,50,32900
20240124,11:31:02,8.25,200,32900
20240124,11:31:11,8.35,150,32900
20240124,11:31:20,8.65,50,32900
20240124,11:31:29,8.65,500,32900
20240124,11:31:55,8.75,50,32900
20240124,11:32:03,8.95,750,32900
20240124,11:32:12,8.95,850,32900
20240124,11:32:21,9.1,1250,32900
20240124,11:32:30,9.35,650,32900
20240124,11:32:40,9.15,50,32900
20240124,11:32:58,9.05,200,32900
20240124,11:33:07,9.2,300,33650
20240124,11:33:16,8.55,3050,33650
20240124,11:33:25,8.9,250,33650
20240124,11:33:43,8.75,100,33650
20240124,11:33:51,8.85,1000,33650
20240124,11:34:08,8.6,900,33650
20240124,11:34:18,8.65,50,33650
20240124,11:34:27,8.9,50,33650
20240124,11:34:36,8.9,50,33650
20240124,11:34:45,9.25,250,33650
20240124,11:34:53,9.3,250,33650
20240124,11:35:01,9.4,350,33650
20240124,11:35:09,9.35,650,33650
20240124,11:35:18,9.15,150,33650
20240124,11:35:27,9.25,150,33650
20240124,11:35:36,9.2,150,33650
20240124,11:35:44,9.05,50,33650
20240124,11:35:52,9.15,100,33650
20240124,11:36:10,8.5,50,32500
20240124,11:36:19,8.0,250,32500
20240124,11:36:56,7.2,100,32500
20240124,11:37:05,7.35,50,32500
20240124,11:37:15,7.55,800,32500
20240124,11:37:33,7.7,50,32500
20240124,11:37:49,7.75,50,32500
20240124,11:38:07,8.05,150,32500
20240124,11:38:23,8.65,300,32500
20240124,11:38:32,8.65,150,32500
20240124,11:38:41,8.7,100,32500
20240124,11:39:08,8.7,50,32400
20240124,11:39:17,8.8,150,32400
20240124,11:39:34,8.55,50,32400
20240124,11:39:43,8.5,50,32400
20240124,11:39:51,8.35,100,32400
20240124,11:40:23,8.25,50,32400
20240124,11:40:50,8.85,600,32400
20240124,11:40:59,8.95,100,32400
20240124,11:41:08,8.7,50,32400
20240124,11:41:17,8.7,50,32400
20240124,11:41:26,8.85,50,32400
20240124,11:41:43,8.45,650,32400
20240124,11:41:52,8.65,200,32400
20240124,11:42:10,8.65,1000,32300
20240124,11:42:18,8.5,50,32300
20240124,11:42:35,8.25,250,32300
20240124,11:42:52,8.1,50,32300
20240124,11:44:20,8.15,200,32300
20240124,11:44:36,8.1,50,32300
20240124,11:45:48,8.05,50,33100
20240124,11:47:13,8.35,50,33100
20240124,11:47:31,8.6,600,33100
20240124,11:47:47,8.6,100,33100
20240124,11:48:37,8.6,150,33600
20240124,11:48:55,8.8,150,33600
20240124,11:49:11,8.6,550,33600
20240124,11:49:20,8.65,150,33600
20240124,11:49:35,8.7,150,33600
20240124,11:50:43,8.25,100,33600
20240124,11:51:09,8.4,50,33000
20240124,11:51:25,8.3,50,33000
20240124,11:51:33,8.2,250,33000
20240124,11:51:41,8.35,50,33000
20240124,11:51:57,8.35,200,33000
20240124,11:53:07,8.35,50,33000
20240124,11:54:01,8.3,600,33000
20240124,11:54:34,8.15,200,33350
20240124,11:54:42,8.05,450,33350
20240124,11:54:59,7.9,50,33350
20240124,11:55:53,8.0,50,33350
20240124,11:56:16,8.2,50,33350
20240124,11:58:30,8.55,150,33100
20240124,11:58:39,8.4,50,33100
20240124,11:58:55,8.5,50,33100
20240124,11:59:18,8.2,50,33100
20240124,11:59:26,8.05,50,33100
20240124,12:00:07,8.25,50,33100
20240124,12:00:23,8.05,50,33050
20240124,12:01:11,8.05,100,33050
20240124,12:02:38,8.15,100,33050
20240124,12:02:55,8.25,50,33050
20240124,12:03:28,8.3,100,32900
20240124,12:04:04,8.4,50,32900
20240124,12:05:55,8.7,150,32900
20240124,12:06:11,8.9,100,32900
20240124,12:06:20,8.65,100,32900
20240124,12:06:29,8.1,50,32900
20240124,12:07:47,8.65,650,32900
20240124,12:07:55,8.5,400,32900
20240124,12:08:04,8.45,50,32900
20240124,12:08:19,8.3,50,32900
20240124,12:08:28,8.55,50,32900
20240124,12:09:22,8.35,50,33100
20240124,12:10:01,8.45,100,33100
20240124,12:10:18,8.3,100,33100
20240124,12:11:16,8.35,50,33100
20240124,12:11:24,8.4,300,33100
20240124,12:11:33,8.25,150,33100
20240124,12:11:42,8.25,100,33100
20240124,12:11:58,8.35,200,33100
20240124,12:12:21,8.5,800,33650
20240124,12:12:45,8.85,50,33650
20240124,12:12:54,8.95,50,33650
20240124,12:13:43,8.95,250,33650
20240124,12:13:50,8.95,50,33650
20240124,12:13:57,8.95,50,33650
20240124,12:14:12,8.9,150,33650
20240124,12:14:20,8.9,150,33650
20240124,12:14:37,8.7,50,33650
20240124,12:15:10,8.6,300,34900
20240124,12:15:26,8.6,150,34900
20240124,12:15:33,8.6,750,34900
20240124,12:15:50,8.6,50,34900
20240124,12:16:30,8.65,50,34900
20240124,12:16:46,8.65,200,34900
20240124,12:19:22,8.55,150,35750
20240124,12:19:31,8.4,50,35750
20240124,12:19:50,8.0,2350,35750
20240124,12:20:08,7.55,100,35750
20240124,12:20:52,8.2,250,35750
20240124,12:21:01,8.05,100,35750
20240124,12:21:25,8.35,50,35750
20240124,12:21:33,8.55,100,35750
20240124,12:21:50,8.6,100,35750
20240124,12:22:33,8.75,1550,35750
20240124,12:23:21,8.9,50,35750
20240124,12:23:38,8.65,200,35750
20240124,12:25:05,9.05,50,36000
20240124,12:25:13,9.0,50,36000
20240124,12:25:51,9.05,1250,36000
20240124,12:26:07,9.1,200,36000
20240124,12:26:15,9.1,100,36000
20240124,12:26:37,8.95,100,36000
20240124,12:26:43,9.15,50,36000
20240124,12:26:50,9.2,100,36000
20240124,12:27:13,9.05,100,35250
20240124,12:27:28,9.15,750,35250
20240124,12:28:16,9.6,100,35250
20240124,12:28:31,9.85,350,35250
20240124,12:28:40,9.65,450,35250
20240124,12:28:49,9.75,100,35250
20240124,12:28:57,9.65,100,35250
20240124,12:29:06,8.95,50,35250
20240124,12:29:15,9.15,450,35250
20240124,12:29:32,8.95,300,35250
20240124,12:29:41,8.75,150,35250
20240124,12:29:50,8.7,450,35250
20240124,12:30:07,8.5,200,35250
20240124,12:30:16,8.55,950,35900
20240124,12:30:24,8.65,150,35900
20240124,12:30:33,8.7,650,35900
20240124,12:30:41,8.5,300,35900
20240124,12:30:57,8.5,100,35900
20240124,12:31:13,8.55,100,35900
20240124,12:31:21,8.75,50,35900
20240124,12:31:44,8.75,400,35900
20240124,12:32:00,8.75,100,35900
20240124,12:32:16,8.95,50,35900
20240124,12:33:44,9.3,100,35700
20240124,12:33:58,9.45,200,35700
20240124,12:34:07,9.45,100,35700
20240124,12:34:22,9.4,50,35700
20240124,12:34:29,9.55,1800,35700
20240124,12:34:45,9.25,50,35700
20240124,12:35:01,9.05,800,35700
20240124,12:36:36,9.5,500,36850
20240124,12:36:45,9.55,50,36850
20240124,12:37:01,9.25,200,36850
20240124,12:38:04,9.55,250,36850
20240124,12:38:19,9.4,650,36850
20240124,12:38:26,9.45,50,36850
20240124,12:38:34,9.45,50,36850
20240124,12:38:42,9.6,50,36850
20240124,12:38:57,9.65,50,36850
20240124,12:39:21,9.65,500,37900
20240124,12:39:29,9.65,50,37900
20240124,12:39:43,9.75,50,37900
20240124,12:39:51,9.7,600,37900
20240124,12:40:00,9.85,50,37900
20240124,12:40:08,9.7,100,37900
20240124,12:40:42,9.25,50,37900
20240124,12:41:13,9.2,500,37900
20240124,12:41:35,9.25,50,37900
20240124,12:41:51,9.3,150,37900
20240124,12:43:11,8.85,300,37000
20240124,12:43:19,8.85,500,37000
20240124,12:43:51,8.85,750,37000
20240124,12:43:59,8.95,200,37000
20240124,12:44:06,9.2,1050,37000
20240124,12:44:14,9.15,50,37000
20240124,12:44:31,9.2,50,37000
20240124,12:45:17,9.35,200,36600
20240124,12:45:41,9.1,200,36600
20240124,12:45:48,9.0,50,36600
20240124,12:45:56,9.0,100,36600
20240124,12:46:27,8.6,100,36600
20240124,12:46:36,8.6,150,36600
20240124,12:46:45,8.75,250,36600
20240124,12:47:01,8.7,200,36600
20240124,12:47:24,8.65,100,36600
20240124,12:47:31,8.7,300,36600
20240124,12:47:47,8.7,300,36600
20240124,12:47:55,8.65,150,36600
20240124,12:48:03,8.65,200,36600
20240124,12:48:25,8.4,100,37750
20240124,12:48:33,8.6,500,37750
20240124,12:49:06,8.7,200,37750
20240124,12:49:14,8.55,50,37750
20240124,12:49:29,8.45,500,37750
20240124,12:49:46,8.0,250,37750
20240124,12:49:55,8.05,350,37750
20240124,12:50:03,8.1,500,37750
20240124,12:50:11,8.15,500,37750
20240124,12:50:19,8.1,450,37750
20240124,12:50:26,8.05,1050,37750
20240124,12:50:35,7.85,100,37750
20240124,12:50:43,7.8,100,37750
20240124,12:50:52,7.65,50,37750
20240124,12:51:00,7.6,1800,37750
20240124,12:51:09,7.65,550,37750
20240124,12:51:34,7.35,700,38000
20240124,12:51:43,7.35,300,38000
20240124,12:51:52,7.35,50,38000
20240124,12:52:00,7.2,350,38000
20240124,12:52:09,7.35,200,38000
20240124,12:52:27,7.45,200,38000
20240124,12:52:36,7.4,250,38000
20240124,12:52:43,7.45,400,38000
20240124,12:52:51,7.45,250,38000
20240124,12:53:00,7.4,300,38000
20240124,12:53:09,7.55,50,38000
20240124,12:53:17,7.55,300,38000
20240124,12:53:25,7.6,550,38000
20240124,12:53:50,7.85,300,38000
20240124,12:53:58,7.8,100,38000
20240124,12:54:06,7.8,150,38000
20240124,12:54:14,7.95,200,36600
20240124,12:54:22,8.0,100,36600
20240124,12:54:38,8.15,50,36600
20240124,12:54:47,8.25,50,36600
20240124,12:54:55,8.45,500,36600
20240124,12:55:03,8.3,50,36600
20240124,12:55:11,8.25,150,36600
20240124,12:55:27,8.2,150,36600
20240124,12:55:51,8.1,350,36600
20240124,12:56:32,7.95,50,36600
20240124,12:56:49,7.9,400,36600
20240124,12:57:04,7.85,50,36600
20240124,12:57:18,7.9,100,36750
20240124,12:57:26,7.8,150,36750
20240124,12:58:27,7.55,100,36750
20240124,12:58:36,7.65,250,36750
20240124,12:59:07,7.6,350,36750
20240124,12:59:22,7.7,50,36750
20240124,13:00:03,7.5,100,36750
20240124,13:00:12,7.5,50,36750
20240124,13:00:28,7.6,50,37250
20240124,13:00:36,7.5,100,37250
20240124,13:00:44,7.4,150,37250
20240124,13:00:53,7.35,250,37250
20240124,13:01:02,7.2,850,37250
20240124,13:01:12,6.95,350,37250
20240124,13:01:29,6.9,300,37250
20240124,13:01:37,6.8,100,37250
20240124,13:02:42,7.0,150,37250
20240124,13:02:50,6.95,250,37250
20240124,13:03:13,7.0,250,37250
20240124,13:03:29,6.95,100,37750
20240124,13:03:37,7.05,150,37750
20240124,13:03:46,7.05,50,37750
20240124,13:04:08,7.2,300,37750
20240124,13:05:19,7.05,100,37750
20240124,13:05:53,7.35,50,37750
20240124,13:06:18,7.6,100,37750
20240124,13:06:53,7.3,100,37800
20240124,13:07:01,7.35,50,37800
20240124,13:07:10,7.4,250,37800
20240124,13:07:24,7.5,50,37800
20240124,13:07:57,8.0,50,37800
20240124,13:08:05,8.05,50,37800
20240124,13:09:06,8.05,50,37800
20240124,13:09:47,8.1,150,38000
20240124,13:10:26,8.05,150,38000
20240124,13:10:43,7.65,300,38000
20240124,13:10:52,7.5,550,38000
20240124,13:11:10,7.7,50,38000
20240124,13:11:26,7.75,100,38000
20240124,13:11:35,7.9,200,38000
20240124,13:11:44,7.9,50,38000
20240124,13:12:08,7.85,100,38000
20240124,13:12:31,7.75,150,38600
20240124,13:12:40,7.6,150,38600
20240124,13:13:04,7.75,100,38600
20240124,13:15:19,7.8,50,38650
20240124,13:17:42,8.0,250,38650
20240124,13:17:50,8.05,50,38650
20240124,13:18:20,8.25,200,38600
20240124,13:19:01,7.45,100,38600
20240124,13:19:10,7.4,150,38600
20240124,13:19:16,7.45,100,38600
20240124,13:19:24,7.25,250,38600
20240124,13:19:33,7.15,100,38600
20240124,13:19:42,7.15,100,38600
20240124,13:20:49,7.15,700,38600
20240124,13:20:58,7.1,200,38600
20240124,13:21:16,7.15,250,38600
20240124,13:22:32,7.45,200,38250
20240124,13:22:40,7.4,100,38250
20240124,13:23:03,7.5,400,38250
20240124,13:23:20,7.5,300,38250
20240124,13:23:37,7.45,150,38250
20240124,13:23:44,7.35,800,38250
20240124,13:24:08,7.4,650,38250
20240124,13:24:46,7.55,50,38750
20240124,13:25:03,7.6,100,38750
20240124,13:25:28,7.7,900,38750
20240124,13:26:50,7.55,250,38750
20240124,13:27:35,7.2,100,39350
20240124,13:27:44,7.15,50,39350
20240124,13:27:53,7.05,50,39350
20240124,13:29:32,7.35,50,39350
20240124,13:30:17,7.45,350,39350
20240124,13:30:24,7.45,200,38950
20240124,13:30:46,7.4,50,38950
20240124,13:31:01,7.35,400,38950
20240124,13:31:24,7.55,1550,38950
20240124,13:31:40,7.55,600,38950
20240124,13:31:47,7.65,50,38950
20240124,13:32:04,7.7,50,38950
20240124,13:32:19,7.8,50,38950
20240124,13:33:01,7.6,700,38950
20240124,13:33:22,7.65,50,40850
20240124,13:34:05,7.35,700,40850
20240124,13:34:27,7.6,50,40850
20240124,13:35:12,7.3,50,40850
20240124,13:36:03,7.5,350,40850
20240124,13:37:16,7.55,50,40800
20240124,13:37:24,7.5,600,40800
20240124,13:37:31,7.55,700,40800
20240124,13:38:29,7.15,50,40800
20240124,13:38:51,7.3,550,40800
20240124,13:39:07,7.15,200,40800
20240124,13:39:14,7.25,250,40800
20240124,13:39:21,7.2,350,41550
20240124,13:39:28,7.2,200,41550
20240124,13:39:42,7.25,50,41550
20240124,13:39:50,7.2,50,41550
20240124,13:40:10,7.3,50,41550
20240124,13:41:09,7.2,150,41550
20240124,13:42:05,7.35,50,41550
20240124,13:44:37,7.35,50,41800
20240124,13:46:10,7.25,50,41850
20240124,13:46:44,7.45,200,41850
20240124,13:47:36,7.15,300,41850
20240124,13:47:49,7.1,50,41850
20240124,13:48:11,6.95,50,41850
20240124,13:49:25,6.95,100,41450
20240124,13:49:34,7.05,50,41450
20240124,13:49:42,7.0,100,41450
20240124,13:50:18,7.05,50,41450
20240124,13:50:25,7.1,200,41450
20240124,13:50:51,7.05,100,41450
20240124,13:52:52,7.25,150,41050
20240124,13:58:12,6.95,800,40900
20240124,13:59:03,6.9,800,40900
20240124,13:59:51,7.15,150,40900
20240124,14:00:24,6.9,1800,40250
20240124,14:00:32,6.85,150,40250
20240124,14:00:39,6.85,50,40250
20240124,14:00:46,6.85,50,40250
20240124,14:01:11,6.9,200,40250
20240124,14:01:33,6.8,1200,40250
20240124,14:01:40,6.85,50,40250
20240124,14:01:58,6.8,100,40250
20240124,14:02:14,6.85,50,40250
20240124,14:03:42,6.65,50,42800
20240124,14:03:50,6.55,50,42800
20240124,14:04:58,6.3,300,42800
20240124,14:05:21,6.35,100,42800
20240124,14:05:30,6.35,450,42800
20240124,14:05:39,6.45,600,42800
20240124,14:05:47,6.2,200,42800
20240124,14:05:56,6.2,200,42800
20240124,14:06:12,6.05,1400,42800
20240124,14:06:34,6.05,100,42800
20240124,14:07:21,6.4,500,42800
20240124,14:10:30,6.6,50,42900
20240124,14:10:54,6.8,100,42900
20240124,14:11:24,6.8,550,42900
20240124,14:11:57,6.65,100,42900
20240124,14:12:12,6.6,100,42900
20240124,14:12:28,6.6,500,42900
20240124,14:13:22,6.5,100,42900
20240124,14:13:30,6.6,100,42900
20240124,14:14:29,6.4,50,42900
20240124,14:16:05,6.25,100,42900
20240124,14:16:29,6.45,50,42900
20240124,14:17:21,6.6,1750,42900
20240124,14:17:57,6.7,50,42900
20240124,14:18:20,6.6,4850,42900
20240124,14:18:38,6.6,900,44100
20240124,14:19:02,6.35,1500,44100
20240124,14:19:17,6.55,400,44100
20240124,14:19:31,6.55,1800,44100
20240124,14:19:39,6.6,500,44100
20240124,14:19:47,6.7,300,44100
20240124,14:20:02,6.5,250,44100
20240124,14:20:09,6.4,1750,44100
20240124,14:20:31,6.55,500,44100
20240124,14:20:39,6.35,250,44100
20240124,14:20:48,6.35,50,44100
20240124,14:20:56,6.4,200,44100
20240124,14:21:05,6.25,50,44100
20240124,14:21:13,6.25,100,44100
20240124,14:21:21,6.4,200,44100
20240124,14:21:29,6.25,350,46950
20240124,14:21:52,6.2,100,46950
20240124,14:22:01,6.2,550,46950
20240124,14:22:16,6.2,500,46950
20240124,14:22:41,6.4,100,46950
20240124,14:22:58,6.4,50,46950
20240124,14:23:31,6.25,150,46950
20240124,14:25:16,6.35,100,46550
20240124,14:26:56,6.4,200,46550
20240124,14:27:51,6.3,50,46300
20240124,14:28:00,6.2,1000,46300
20240124,14:28:08,6.1,100,46300
20240124,14:28:51,6.15,50,46300
20240124,14:29:25,6.25,1000,46300
20240124,14:29:33,6.2,1050,46300
20240124,14:29:41,6.1,150,46300
20240124,14:30:12,5.9,650,46300
20240124,14:30:28,6.0,50,46300
20240124,14:30:45,5.95,500,47150
20240124,14:30:54,5.95,1000,47150
20240124,14:31:02,5.9,500,47150
20240124,14:31:11,5.9,100,47150
20240124,14:31:19,5.85,300,47150
20240124,14:31:36,5.85,500,47150
20240124,14:31:43,5.95,700,47150
20240124,14:31:52,5.85,300,47150
20240124,14:32:01,5.95,250,47150
20240124,14:32:09,6.05,100,47150
20240124,14:32:47,5.95,50,47150
20240124,14:32:55,5.95,100,47150
20240124,14:33:19,6.0,50,47150
20240124,14:33:27,5.95,300,48500
20240124,14:34:55,5.8,200,48500
20240124,14:35:04,5.75,50,48500
20240124,14:35:20,5.75,1350,48500
20240124,14:35:28,5.75,250,48500
20240124,14:35:36,5.75,100,48500
20240124,14:36:04,5.6,50,48500
20240124,14:36:12,5.6,350,48500
20240124,14:36:30,5.65,100,48500
20240124,14:36:38,5.8,50,49200
20240124,14:36:46,5.8,300,49200
20240124,14:36:54,5.75,50,49200
20240124,14:37:17,5.55,1800,49200
20240124,14:37:34,5.55,150,49200
20240124,14:37:43,5.65,100,49200
20240124,14:38:00,5.65,50,49200
20240124,14:38:31,5.65,250,49200
20240124,14:39:16,5.7,100,49200
20240124,14:39:25,5.65,100,49200
20240124,14:39:49,5.6,50,47950
20240124,14:39:57,5.65,1000,47950
20240124,14:40:05,5.6,500,47950
20240124,14:40:13,5.6,50,47950
20240124,14:40:21,5.55,50,47950
20240124,14:40:53,5.4,50,47950
20240124,14:41:10,5.4,50,47950
20240124,14:41:19,5.3,50,47950
20240124,14:41:45,5.3,50,47950
20240124,14:42:34,5.1,900,48850
20240124,14:42:50,5.25,100,48850
20240124,14:43:06,5.05,1900,48850
20240124,14:43:15,5.0,1500,48850
20240124,14:43:33,4.95,450,48850
20240124,14:43:42,4.95,100,48850
20240124,14:43:51,4.95,50,48850
20240124,14:44:31,4.95,50,48850
20240124,14:44:48,4.9,150,48850
20240124,14:44:57,5.0,250,48850
20240124,14:45:05,4.95,100,48850
20240124,14:46:28,5.15,250,47100
20240124,14:46:37,5.1,550,47100
20240124,14:46:46,5.2,600,47100
20240124,14:46:55,5.25,350,47100
20240124,14:47:37,5.25,200,47100
20240124,14:47:45,5.25,250,47100
20240124,14:48:18,5.45,100,47100
20240124,14:48:45,5.55,50,47200
20240124,14:48:53,5.6,100,47200
20240124,14:49:02,5.45,600,47200
20240124,14:49:11,5.5,1000,47200
20240124,14:49:19,5.5,400,47200
20240124,14:49:28,5.55,200,47200
20240124,14:49:46,5.4,100,47200
20240124,14:49:56,5.2,250,47200
20240124,14:50:05,5.25,450,47200
20240124,14:50:14,5.25,50,47200
20240124,14:50:23,5.3,300,47200
20240124,14:51:30,5.2,200,45750
20240124,14:51:39,5.25,150,45750
20240124,14:51:47,5.25,100,45750
20240124,14:52:12,5.2,100,45750
20240124,14:52:21,5.25,50,45750
20240124,14:53:11,5.25,150,45750
20240124,14:53:36,5.25,250,45750
20240124,14:54:32,5.2,50,45600
20240124,14:54:40,5.2,150,45600
20240124,14:54:49,5.2,250,45600
20240124,14:54:57,5.15,500,45600
20240124,14:55:22,5.0,500,45600
20240124,14:55:46,5.0,650,45600
20240124,14:56:11,5.1,150,45600
20240124,14:56:20,5.05,50,45600
20240124,14:56:28,5.05,50,45600
20240124,14:56:35,5.1,50,45600
20240124,14:57:05,5.15,50,45600
20240124,14:57:37,5.05,100,45800
20240124,14:57:45,5.15,50,45800
20240124,14:58:01,5.15,2600,45800
20240124,14:59:14,5.1,50,45800
20240124,14:59:54,4.8,800,45800
20240124,15:00:03,4.8,300,45800
20240124,15:00:11,4.65,1000,45800
20240124,15:00:20,4.65,100,45800
20240124,15:00:28,4.6,500,43900
20240124,15:00:37,4.45,1000,43900
20240124,15:00:47,4.4,1450,43900
20240124,15:00:56,4.4,200,43900
20240124,15:01:05,4.6,600,43900
20240124,15:01:22,4.55,100,43900
20240124,15:01:38,4.4,200,43900
20240124,15:01:46,4.45,50,43900
20240124,15:01:54,4.45,50,43900
20240124,15:02:02,4.55,100,43900
20240124,15:02:37,4.55,50,43900
20240124,15:02:46,4.5,50,43900
20240124,15:02:55,4.65,50,43900
20240124,15:03:05,4.7,450,43900
20240124,15:03:14,4.6,400,43900
20240124,15:03:23,4.75,450,43900
20240124,15:03:32,4.85,150,43750
20240124,15:03:41,4.85,200,43750
20240124,15:03:49,4.9,600,43750
20240124,15:03:58,4.85,50,43750
20240124,15:04:06,4.75,250,43750
20240124,15:04:15,4.6,150,43750
20240124,15:04:25,4.4,150,43750
20240124,15:04:34,4.5,150,43750
20240124,15:04:51,4.45,50,43750
20240124,15:05:00,4.55,50,43750
20240124,15:05:09,4.45,250,43750
20240124,15:05:26,4.55,50,43750
20240124,15:05:42,4.5,100,43750
20240124,15:06:15,4.4,50,43750
20240124,15:06:24,4.35,750,43750
20240124,15:06:40,4.35,250,43200
20240124,15:06:49,4.4,100,43200
20240124,15:07:04,4.35,350,43200
20240124,15:07:21,4.4,50,43200
20240124,15:07:29,4.4,100,43200
20240124,15:07:37,4.45,100,43200
20240124,15:08:19,4.5,50,43200
20240124,15:08:27,4.45,50,43200
20240124,15:08:35,4.35,150,43200
20240124,15:08:59,4.45,200,43200
20240124,15:09:07,4.45,50,43200
20240124,15:09:16,4.5,1050,43200
20240124,15:09:24,4.5,50,43200
20240124,15:10:13,4.4,100,43700
20240124,15:10:21,4.35,100,43700
20240124,15:10:28,4.3,200,43700
20240124,15:10:36,4.35,900,43700
20240124,15:10:44,4.3,300,43700
20240124,15:11:00,4.25,900,43700
20240124,15:11:15,4.25,50,43700
20240124,15:11:23,4.3,50,43700
20240124,15:11:31,4.35,100,43700
20240124,15:11:46,4.3,450,43700
20240124,15:12:02,4.2,700,43700
20240124,15:12:48,4.2,50,45150
20240124,15:13:03,4.25,250,45150
20240124,15:13:11,4.25,50,45150
20240124,15:14:53,4.2,200,45150
20240124,15:15:00,4.15,100,45150
20240124,15:15:08,4.1,300,45150
20240124,15:15:16,4.1,550,45150
20240124,15:15:24,4.0,1350,45150
20240124,15:15:33,3.95,550,43450
20240124,15:15:41,3.85,650,43450
20240124,15:15:50,3.85,200,43450
20240124,15:15:59,3.85,200,43450
20240124,15:16:07,3.75,600,43450
20240124,15:16:15,3.7,600,43450
20240124,15:16:24,3.7,1100,43450
20240124,15:16:32,3.65,300,43450
20240124,15:16:40,3.65,400,43450
20240124,15:17:05,3.75,350,43450
20240124,15:17:13,3.7,450,43450
20240124,15:17:21,3.6,3750,43450
20240124,15:17:29,3.15,8400,43450
20240124,15:17:36,3.6,700,43450
20240124,15:17:44,3.7,1800,43450
20240124,15:17:52,3.65,50,43450
20240124,15:17:59,3.6,1850,43450
20240124,15:18:16,3.6,50,43450
20240124,15:18:32,3.5,2500,54200
20240124,15:18:39,3.5,8250,54200
20240124,15:18:47,3.4,5550,54200
20240124,15:19:02,3.45,1550,54200
20240124,15:19:09,3.35,300,54200
20240124,15:19:25,3.4,300,54200
20240124,15:19:33,3.4,50,54200
20240124,15:19:41,3.45,300,54200
20240124,15:19:49,3.45,50,54200
20240124,15:19:57,3.45,550,54200
20240124,15:20:06,3.45,550,54200
20240124,15:20:37,3.5,450,54200
20240124,15:20:45,3.45,50,54200
20240124,15:20:52,3.45,450,54200
20240124,15:21:00,3.45,100,54200
20240124,15:21:08,3.5,200,54200
20240124,15:21:16,3.45,300,54200
20240124,15:21:24,3.45,150,54200
20240124,15:21:32,3.45,100,54200
20240124,15:21:40,3.45,350,69600
20240124,15:21:48,3.5,600,69600
20240124,15:21:56,3.5,550,69600
20240124,15:22:05,3.45,450,69600
20240124,15:22:13,3.45,50,69600
20240124,15:22:29,3.45,350,69600
20240124,15:22:37,3.4,200,69600
20240124,15:23:00,3.4,200,69600
20240124,15:23:16,3.4,50,69600
20240124,15:23:31,3.5,250,69600
20240124,15:23:47,3.45,50,69600
20240124,15:23:55,3.5,450,69600
20240124,15:24:03,3.55,1200,69600
20240124,15:24:28,3.55,2050,69600
20240124,15:24:52,3.55,1350,70400
20240124,15:24:59,3.45,600,70400
20240124,15:25:07,3.45,100,70400
20240124,15:25:23,3.45,50,70400
20240124,15:25:38,3.45,600,70400
20240124,15:25:46,3.3,1550,70400
20240124,15:25:54,3.35,750,70400
20240124,15:26:02,3.45,350,70400
20240124,15:26:10,3.35,250,70400
20240124,15:26:17,3.4,1000,70400
20240124,15:26:24,3.45,300,70400
20240124,15:26:31,3.45,450,70400
20240124,15:26:39,3.35,50,70400
20240124,15:26:54,3.3,800,70400
20240124,15:27:03,3.15,800,70400
20240124,15:27:11,3.25,50,70400
20240124,15:27:28,3.4,700,70400
20240124,15:27:54,3.25,150,67050
20240124,15:28:02,3.35,500,67050
20240124,15:28:10,3.35,100,67050
20240124,15:28:19,3.35,50,67050
20240124,15:28:35,3.35,150,67050
20240124,15:28:51,3.4,100,67050
20240124,15:29:08,3.2,1350,67050
20240124,15:29:16,3.25,50,67050
20240124,15:29:25,3.35,650,67050
20240124,15:29:34,3.25,850,67050
20240124,15:29:42,3.4,1000,67050
20240124,15:29:51,3.4,300,67050
20240125,09:15:07,3.5,1,67050
20240125,09:15:07,3.5,100,67050
20240125,09:15:18,3.65,600,67050
20240125,09:16:05,3.65,50,67050
20240125,09:16:23,3.65,50,67050
20240125,09:16:41,3.35,350,67050
20240125,09:16:50,3.55,100,67050
20240125,09:16:58,3.35,50,67050
20240125,09:17:08,3.25,50,67050
20240125,09:17:16,3.25,500,67050
20240125,09:17:24,3.25,100,67050
20240125,09:17:41,3.3,50,67050
20240125,09:18:00,3.4,100,67000
20240125,09:18:10,3.45,200,67000
20240125,09:19:04,3.6,50,67000
20240125,09:19:13,3.6,450,67000
20240125,09:19:23,3.7,850,67000
20240125,09:19:32,3.7,50,67000
20240125,09:19:49,3.65,50,67000
20240125,09:19:57,3.75,100,67000
20240125,09:20:05,3.75,800,67000
20240125,09:20:33,3.6,50,67000
20240125,09:20:51,3.65,550,67000
20240125,09:21:00,3.65,50,66450
20240125,09:21:08,3.6,200,66450
20240125,09:21:26,3.65,150,66450
20240125,09:21:34,3.65,300,66450
20240125,09:21:41,3.7,500,66450
20240125,09:21:56,3.75,50,66450
20240125,09:22:05,3.8,1950,66450
20240125,09:22:13,3.8,650,66450
20240125,09:22:21,3.85,1250,66450
20240125,09:22:56,3.9,50,66450
20240125,09:23:05,4.0,50,66450
20240125,09:23:22,4.1,1300,66450
20240125,09:23:29,4.1,500,66450
20240125,09:23:38,4.25,1550,66450
20240125,09:23:47,4.35,1100,66450
20240125,09:23:57,4.4,1750,66550
20240125,09:24:07,4.45,500,66550
20240125,09:24:26,4.65,50,66550
20240125,09:24:33,4.75,100,66550
20240125,09:24:40,4.75,100,66550
20240125,09:24:49,4.75,2050,66550
20240125,09:24:58,4.8,250,66550
20240125,09:25:07,4.95,1750,66550
20240125,09:25:26,4.9,1150,66550
20240125,09:25:36,4.85,850,66550
20240125,09:25:45,4.8,550,66550
20240125,09:25:52,4.8,50,66550
20240125,09:26:28,4.65,50,66550
20240125,09:26:36,4.65,200,66550
20240125,09:26:45,4.65,950,66550
20240125,09:26:54,4.65,1100,66550
20240125,09:27:04,4.6,1900,67000
20240125,09:27:13,4.6,3350,67000
20240125,09:27:23,4.55,150,67000
20240125,09:27:32,4.5,150,67000
20240125,09:27:58,4.35,1200,67000
20240125,09:28:08,4.25,1250,67000
20240125,09:28:27,4.25,250,67000
20240125,09:28:54,4.25,350,67000
20240125,09:29:04,4.2,1200,67000
20240125,09:29:13,4.2,50,67000
20240125,09:29:30,4.15,100,67000
20240125,09:29:52,4.15,150,67000
20240125,09:30:07,4.15,500,66250
20240125,09:30:24,4.2,500,66250
20240125,09:30:48,4.15,500,66250
20240125,09:31:26,4.1,400,66250
20240125,09:31:35,4.15,200,66250
20240125,09:31:54,4.25,100,66250
20240125,09:32:12,4.3,550,66250
20240125,09:32:21,4.35,1100,66250
20240125,09:32:30,4.35,1000,66250
20240125,09:32:38,4.4,1000,66250
20240125,09:32:47,4.5,250,66250
20240125,09:32:56,4.65,8150,68600
20240125,09:33:05,4.65,2200,68600
20240125,09:33:22,4.7,250,68600
20240125,09:33:29,4.75,350,68600
20240125,09:33:36,4.7,150,68600
20240125,09:33:44,4.75,150,68600
20240125,09:33:52,4.75,650,68600
20240125,09:33:59,4.85,250,68600
20240125,09:34:07,4.9,850,68600
20240125,09:34:15,5.0,550,68600
20240125,09:34:24,5.2,6700,68600
20240125,09:34:33,5.0,3050,68600
20240125,09:34:42,5.0,1600,68600
20240125,09:34:51,5.05,50,68600
20240125,09:35:00,5.1,500,68600
20240125,09:35:09,5.05,500,68600
20240125,09:35:18,5.0,950,68600
20240125,09:35:28,5.0,50,68600
20240125,09:35:37,4.95,50,68600
20240125,09:35:45,4.9,200,68600
20240125,09:36:01,4.75,200,69600
20240125,09:36:09,4.75,750,69600
20240125,09:36:16,4.7,450,69600
20240125,09:36:25,4.75,650,69600
20240125,09:36:33,4.65,450,69600
20240125,09:36:42,4.7,1400,69600
20240125,09:36:50,4.65,100,69600
20240125,09:37:08,4.6,150,69600
20240125,09:37:16,4.6,1200,69600
20240125,09:37:24,4.6,350,69600
20240125,09:37:33,4.6,650,69600
20240125,09:37:42,4.6,300,69600
20240125,09:38:13,4.55,500,69600
20240125,09:38:21,4.45,950,69600
20240125,09:38:29,4.45,300,69600
20240125,09:38:46,4.6,700,69600
20240125,09:38:54,4.6,50,69600
20240125,09:39:02,4.55,350,68850
20240125,09:39:26,4.6,250,68850
20240125,09:40:00,4.7,450,68850
20240125,09:40:08,4.7,100,68850
20240125,09:40:23,4.7,50,68850
20240125,09:40:41,4.65,100,68850
20240125,09:41:06,4.7,750,68850
20240125,09:41:14,4.65,150,68850
20240125,09:41:21,4.75,100,68850
20240125,09:41:37,4.65,1200,68850
20240125,09:41:45,4.6,600,68850
20240125,09:41:54,4.6,350,68850
20240125,09:42:03,4.8,1150,71050
20240125,09:42:13,4.8,350,71050
20240125,09:42:30,4.75,350,71050
20240125,09:42:40,4.75,50,71050
20240125,09:42:56,4.65,250,71050
20240125,09:43:18,4.75,500,71050
20240125,09:43:26,4.7,50,71050
20240125,09:43:41,4.75,100,71050
20240125,09:43:50,4.75,50,71050
20240125,09:43:58,4.8,50,71050
20240125,09:44:14,4.75,50,71050
20240125,09:44:22,4.75,50,71050
20240125,09:44:30,4.8,200,71050
20240125,09:44:40,4.8,100,71050
20240125,09:44:50,4.9,2700,71050
20240125,09:45:08,4.9,100,71550
20240125,09:45:17,4.95,100,71550
20240125,09:45:43,4.95,100,71550
20240125,09:46:01,5.0,50,71550
20240125,09:46:19,4.9,50,71550
20240125,09:46:38,4.85,4300,71550
20240125,09:46:57,4.75,400,71550
20240125,09:47:41,4.9,300,71550
20240125,09:48:24,4.9,50,74250
20240125,09:49:08,4.8,400,74250
20240125,09:49:17,4.85,250,74250
20240125,09:49:36,4.85,200,74250
20240125,09:50:25,4.95,100,74250
20240125,09:50:34,4.95,250,74250
20240125,09:50:41,5.0,100,74250
20240125,09:50:49,4.95,50,74250
20240125,09:51:29,5.1,1100,74200
20240125,09:51:37,5.1,200,74200
20240125,09:51:44,5.1,300,74200
20240125,09:51:53,4.95,1900,74200
20240125,09:52:01,5.0,3200,74200
20240125,09:52:08,4.95,1000,74200
20240125,09:52:24,5.05,50,74200
20240125,09:52:33,5.05,950,74200
20240125,09:52:42,5.15,550,74200
20240125,09:52:58,5.15,900,74200
20240125,09:53:06,5.1,500,74200
20240125,09:53:14,5.05,300,74200
20240125,09:53:31,5.25,800,74200
20240125,09:53:47,5.25,450,74200
20240125,09:53:55,5.25,100,74200
20240125,09:54:25,5.2,50,77250
20240125,09:54:32,5.2,450,77250
20240125,09:54:49,5.15,1000,77250
20240125,09:54:57,5.25,200,77250
20240125,09:55:06,5.25,200,77250
20240125,09:55:15,5.25,100,77250
20240125,09:55:24,5.2,100,77250
20240125,09:55:42,5.1,100,77250
20240125,09:55:51,5.2,300,77250
20240125,09:56:15,5.25,100,77250
20240125,09:56:23,5.3,100,77250
20240125,09:56:54,5.3,650,77250
20240125,09:57:02,5.3,5700,78700
20240125,09:57:09,5.3,50,78700
20240125,09:57:16,5.25,300,78700
20240125,09:57:24,5.25,1000,78700
20240125,09:57:32,5.25,1150,78700
20240125,09:57:40,5.25,50,78700
20240125,09:57:48,5.3,200,78700
20240125,09:57:55,5.25,50,78700
20240125,09:58:11,5.25,50,78700
20240125,09:58:25,5.25,2150,78700
20240125,09:58:33,5.25,2350,78700
20240125,09:58:41,5.25,1200,78700
20240125,09:58:49,5.25,1000,78700
20240125,09:58:57,5.25,50,78700
20240125,09:59:05,5.25,2350,78700
20240125,09:59:15,5.2,3000,78700
20240125,09:59:30,5.3,100,78700
20240125,09:59:39,5.3,300,78700
20240125,09:59:47,5.3,50,78700
20240125,09:59:55,5.25,750,78700
20240125,10:00:03,5.35,50,81200
20240125,10:00:12,5.35,500,81200
20240125,10:00:19,5.3,950,81200
20240125,10:00:26,5.2,50,81200
20240125,10:00:41,5.25,1550,81200
20240125,10:00:56,5.2,150,81200
20240125,10:02:00,5.3,250,81200
20240125,10:02:08,5.2,100,81200
20240125,10:02:24,5.2,50,81200
20240125,10:02:31,5.2,650,81200
20240125,10:02:47,5.2,250,81200
20240125,10:02:55,5.2,500,81200
20240125,10:03:02,5.2,3600,82200
20240125,10:04:14,5.1,100,82200
20240125,10:04:30,5.1,950,82200
20240125,10:05:02,5.1,300,82200
20240125,10:05:10,5.1,1150,82200
20240125,10:05:34,5.05,250,82200
20240125,10:05:58,5.05,50,82200
20240125,10:06:07,5.05,50,79650
20240125,10:06:16,5.1,50,79650
20240125,10:06:23,5.1,300,79650
20240125,10:06:40,5.1,300,79650
20240125,10:07:38,5.0,300,79650
20240125,10:07:52,4.95,50,79650
20240125,10:08:13,4.9,50,79650
20240125,10:08:20,4.9,50,79650
20240125,10:08:27,4.9,50,79650
20240125,10:08:57,5.0,100,79650
20240125,10:09:28,5.0,200,79250
20240125,10:09:49,5.05,50,79250
20240125,10:09:58,5.05,1700,79250
20240125,10:10:08,5.05,200,79250
20240125,10:10:17,4.95,50,79250
20240125,10:10:26,4.9,50,79250
20240125,10:10:35,4.9,250,79250
20240125,10:10:43,4.95,100,79250
20240125,10:10:51,4.95,100,79250
20240125,10:10:59,4.95,100,79250
20240125,10:11:07,4.95,1300,79250
20240125,10:11:24,4.95,150,79250
20240125,10:12:07,4.95,550,77550
20240125,10:12:15,4.9,500,77550
20240125,10:12:23,4.9,900,77550
20240125,10:12:32,4.95,50,77550
20240125,10:13:27,4.8,100,77550
20240125,10:15:17,4.8,250,77550
20240125,10:15:33,4.8,300,77550
20240125,10:15:55,4.85,750,77550
20240125,10:16:04,4.8,250,77550
20240125,10:16:13,4.9,150,77550
20240125,10:16:22,4.9,50,77550
20240125,10:16:40,4.9,50,77550
20240125,10:16:49,4.8,1350,77550
20240125,10:16:58,4.8,450,77550
20240125,10:17:07,4.8,50,77550
20240125,10:17:24,4.85,50,77550
20240125,10:17:40,4.8,50,77550
20240125,10:18:07,4.8,100,76550
20240125,10:18:15,4.85,150,76550
20240125,10:18:38,4.8,150,76550
20240125,10:18:46,4.85,50,76550
20240125,10:19:33,4.95,50,76550
20240125,10:19:48,5.0,50,76550
20240125,10:20:31,5.05,3950,76550
20240125,10:20:40,5.1,150,76550
20240125,10:20:58,4.95,1350,76550
20240125,10:21:07,5.05,900,76650
20240125,10:21:16,4.95,1550,76650
20240125,10:21:25,4.9,950,76650
20240125,10:21:35,4.9,1700,76650
20240125,10:21:44,4.85,550,76650
20240125,10:21:54,4.7,300,76650
20240125,10:22:03,4.7,50,76650
20240125,10:22:11,4.7,1050,76650
20240125,10:22:29,4.6,550,76650
20240125,10:22:45,4.65,650,76650
20240125,10:22:54,4.7,1250,76650
20240125,10:23:03,4.75,250,76650
20240125,10:23:12,4.7,150,76650
20240125,10:23:20,4.75,50,76650
20240125,10:23:29,4.75,100,76650
20240125,10:23:38,4.75,450,76650
20240125,10:23:46,4.75,200,76650
20240125,10:23:56,4.75,250,76650
20240125,10:24:22,4.75,1200,79100
20240125,10:24:46,4.75,300,79100
20240125,10:25:04,4.75,300,79100
20240125,10:25:20,4.85,400,79100
20240125,10:25:37,4.85,50,79100
20240125,10:25:53,4.85,300,79100
20240125,10:26:03,4.7,550,79100
20240125,10:26:12,4.65,2100,79100
20240125,10:26:48,4.55,150,79100
20240125,10:26:57,4.55,150,79100
20240125,10:27:05,4.55,150,79100
20240125,10:27:22,4.55,50,78750
20240125,10:27:31,4.55,600,78750
20240125,10:27:39,4.5,250,78750
20240125,10:27:46,4.5,1100,78750
20240125,10:27:54,4.6,150,78750
20240125,10:28:18,4.4,550,78750
20240125,10:28:26,4.5,50,78750
20240125,10:29:00,4.45,50,78750
20240125,10:29:34,4.35,150,78750
20240125,10:29:51,4.35,250,78750
20240125,10:29:59,4.35,250,78750
20240125,10:30:24,4.25,50,77300
20240125,10:30:34,4.3,900,77300
20240125,10:30:42,4.3,450,77300
20240125,10:30:59,4.4,400,77300
20240125,10:31:31,4.4,50,77300
20240125,10:31:39,4.35,300,77300
20240125,10:31:48,4.35,400,77300
20240125,10:31:56,4.35,550,77300
20240125,10:32:13,4.25,200,77300
20240125,10:32:22,4.25,100,77300
20240125,10:32:48,4.2,50,77300
20240125,10:32:57,4.15,300,77300
20240125,10:33:14,4.2,100,77300
20240125,10:33:23,4.25,1100,77950
20240125,10:33:41,4.3,150,77950
20240125,10:33:49,4.3,50,77950
20240125,10:33:58,4.35,300,77950
20240125,10:34:07,4.25,250,77950
20240125,10:34:24,4.4,700,77950
20240125,10:34:33,4.35,350,77950
20240125,10:34:41,4.45,800,77950
20240125,10:34:49,4.4,50,77950
20240125,10:34:58,4.5,650,77950
20240125,10:35:08,4.35,850,77950
20240125,10:35:42,4.45,100,77950
20240125,10:35:57,4.45,200,77950
20240125,10:36:06,4.6,3100,78900
20240125,10:36:15,4.6,700,78900
20240125,10:36:23,4.6,100,78900
20240125,10:36:31,4.65,450,78900
20240125,10:36:39,4.6,250,78900
20240125,10:36:47,4.65,2200,78900
20240125,10:37:12,4.7,750,78900
20240125,10:37:20,4.7,300,78900
20240125,10:38:12,4.45,500,78900
20240125,10:38:21,4.45,300,78900
20240125,10:38:30,4.5,1250,78900
20240125,10:38:38,4.55,400,78900
20240125,10:38:46,4.65,2550,78900
20240125,10:38:54,4.65,250,78900
20240125,10:39:18,4.7,250,81350
20240125,10:39:26,4.75,1400,81350
20240125,10:39:34,4.9,1600,81350
20240125,10:39:41,4.85,50,81350
20240125,10:39:50,4.8,1800,81350
20240125,10:40:06,4.85,400,81350
20240125,10:40:14,4.85,200,81350
20240125,10:40:30,4.85,250,81350
20240125,10:40:38,4.8,500,81350
20240125,10:40:46,4.85,250,81350
20240125,10:40:55,4.8,900,81350
20240125,10:41:03,4.85,300,81350
20240125,10:41:12,4.8,650,81350
20240125,10:41:21,4.75,50,81350
20240125,10:41:37,4.75,300,81350
20240125,10:42:03,4.75,100,81250
20240125,10:42:12,4.75,200,81250
20240125,10:42:20,4.8,50,81250
20240125,10:42:46,5.05,700,81250
20240125,10:42:56,5.1,850,81250
20240125,10:43:05,5.05,200,81250
20240125,10:43:13,5.0,300,81250
20240125,10:43:47,5.25,1150,81250
20240125,10:44:06,5.15,400,81250
20240125,10:44:15,5.05,400,81250
20240125,10:44:32,5.1,100,81250
20240125,10:45:31,5.05,200,82250
20240125,10:45:40,5.0,300,82250
20240125,10:45:48,5.05,2100,82250
20240125,10:46:12,5.05,2050,82250
20240125,10:46:21,5.1,50,82250
20240125,10:46:30,5.1,50,82250
20240125,10:46:56,5.05,500,82250
20240125,10:47:04,5.1,950,82250
20240125,10:47:21,5.1,250,82250
20240125,10:47:37,5.1,500,82250
20240125,10:47:53,5.1,150,82250
20240125,10:48:00,5.15,400,82250
20240125,10:48:29,5.05,200,86050
20240125,10:48:36,5.05,200,86050
20240125,10:48:43,5.05,1000,86050
20240125,10:48:57,4.9,450,86050
20240125,10:49:26,5.0,100,86050
20240125,10:49:33,5.05,150,86050
20240125,10:49:39,5.0,50,86050
20240125,10:49:47,5.0,100,86050
20240125,10:50:16,5.0,250,86050
20240125,10:50:23,5.0,750,86050
20240125,10:50:31,4.95,5000,86050
20240125,10:51:09,5.0,250,87750
20240125,10:51:30,5.1,350,87750
20240125,10:51:45,5.05,350,87750
20240125,10:52:21,5.0,1800,87750
20240125,10:52:50,4.95,50,87750
20240125,10:53:24,5.05,350,87750
20240125,10:53:32,5.05,400,87750
20240125,10:54:08,5.05,1700,87550
20240125,10:54:15,5.05,300,87550
20240125,10:54:24,5.1,50,87550
20240125,10:54:34,5.2,150,87550
20240125,10:54:51,5.25,2250,87550
20240125,10:54:59,5.3,1650,87550
20240125,10:55:08,5.3,300,87550
20240125,10:55:16,5.3,400,87550
20240125,10:55:25,5.35,150,87550
20240125,10:55:51,5.35,1800,87550
20240125,10:56:00,5.45,2050,87550
20240125,10:56:17,5.45,1600,87550
20240125,10:56:26,5.55,2050,87550
20240125,10:56:43,5.35,50,87550
20240125,10:57:22,5.35,50,88000
20240125,10:57:30,5.55,5000,88000
20240125,10:58:02,5.5,100,88000
20240125,10:58:09,5.55,100,88000
20240125,10:58:18,5.45,400,88000
20240125,10:58:27,5.5,2000,88000
20240125,10:58:50,5.55,1800,88000
20240125,10:58:58,5.6,800,88000
20240125,10:59:06,5.6,1000,88000
20240125,10:59:14,5.55,100,88000
20240125,10:59:37,5.55,50,88000
20240125,11:00:34,5.55,500,92850
20240125,11:00:43,5.6,550,92850
20240125,11:00:52,5.55,2750,92850
20240125,11:01:00,5.55,200,92850
20240125,11:01:08,5.55,200,92850
20240125,11:01:16,5.55,300,92850
20240125,11:01:41,5.6,150,92850
20240125,11:01:50,5.65,600,92850
20240125,11:01:58,5.5,150,92850
20240125,11:02:07,5.6,200,92850
20240125,11:02:16,5.6,550,92850
20240125,11:02:34,5.55,50,92850
20240125,11:02:42,5.55,50,92850
20240125,11:02:51,5.55,300,92850
20240125,11:03:08,5.5,50,92850
20240125,11:03:17,5.45,100,94250
20240125,11:03:26,5.35,150,94250
20240125,11:03:36,5.35,550,94250
20240125,11:03:44,5.3,100,94250
20240125,11:03:53,5.3,1050,94250
20240125,11:04:02,5.25,700,94250
20240125,11:04:10,5.35,250,94250
20240125,11:04:19,5.5,300,94250
20240125,11:04:27,5.5,300,94250
20240125,11:04:35,5.45,1250,94250
20240125,11:04:45,5.5,750,94250
20240125,11:05:02,5.6,250,94250
20240125,11:05:10,5.6,250,94250
20240125,11:05:51,5.5,650,94250
20240125,11:06:17,5.55,50,96650
20240125,11:06:25,5.55,50,96650
20240125,11:06:33,5.5,50,96650
20240125,11:06:49,5.5,200,96650
20240125,11:06:58,5.55,3000,96650
20240125,11:07:54,5.55,50,96650
20240125,11:09:02,5.5,1000,96650
20240125,11:09:17,5.45,450,96250
20240125,11:09:33,5.35,250,96250
20240125,11:10:04,5.3,700,96250
20240125,11:10:21,5.3,150,96250
20240125,11:10:28,5.25,150,96250
20240125,11:10:52,5.2,150,96250
20240125,11:11:08,5.15,1800,96250
20240125,11:11:16,5.15,50,96250
20240125,11:11:23,5.1,50,96250
20240125,11:11:30,5.15,1000,96250
20240125,11:11:45,5.1,50,96250
20240125,11:11:54,5.0,300,96250
20240125,11:12:02,4.9,100,96250
20240125,11:12:11,4.9,900,96250
20240125,11:12:19,4.85,1800,95200
20240125,11:12:28,4.95,1800,95200
20240125,11:12:49,4.9,100,95200
20240125,11:13:04,4.95,2300,95200
20240125,11:13:53,5.2,1800,95200
20240125,11:14:10,5.3,250,95200
20240125,11:14:18,5.3,50,95200
20240125,11:14:33,5.25,200,95200
20240125,11:14:48,5.25,200,95200
20240125,11:14:56,5.2,950,95200
20240125,11:15:26,5.25,200,98700
20240125,11:15:41,5.3,50,98700
20240125,11:16:03,5.2,450,98700
20240125,11:16:12,5.2,100,98700
20240125,11:16:50,5.1,600,98700
20240125,11:16:59,5.05,250,98700
20240125,11:17:14,5.15,1150,98700
20240125,11:17:46,5.1,50,98700
20240125,11:18:26,5.0,100,100100
20240125,11:18:52,4.9,100,100100
20240125,11:19:08,4.85,250,100100
20240125,11:19:40,4.85,50,100100
20240125,11:20:11,4.85,50,100100
20240125,11:20:37,4.8,50,100100
20240125,11:20:53,4.8,200,100100
20240125,11:21:01,4.85,1050,100100
20240125,11:21:09,4.7,50,100100
20240125,11:21:25,4.45,300,100300
20240125,11:21:42,4.55,2750,100300
20240125,11:22:09,4.5,300,100300
20240125,11:22:27,4.55,250,100300
20240125,11:23:39,4.75,1000,100300
20240125,11:23:55,4.85,350,100300
20240125,11:24:28,4.85,1800,101500
20240125,11:24:43,4.85,50,101500
20240125,11:24:51,4.8,50,101500
20240125,11:25:08,4.9,250,101500
20240125,11:25:17,4.85,250,101500
20240125,11:25:25,4.75,100,101500
20240125,11:26:43,4.75,1400,101500
20240125,11:26:52,4.8,250,101500
20240125,11:27:09,4.9,1100,101500
20240125,11:27:18,4.95,150,100000
20240125,11:27:27,5.0,300,100000
20240125,11:27:46,5.0,50,100000
20240125,11:27:55,5.0,200,100000
20240125,11:28:11,5.05,300,100000
20240125,11:29:24,5.1,900,100000
20240125,11:30:05,4.95,50,100000
20240125,11:30:30,4.85,50,100050
20240125,11:31:37,4.95,150,100050
20240125,11:31:46,4.9,200,100050
20240125,11:31:54,4.9,200,100050
20240125,11:32:10,4.8,650,100050
20240125,11:33:28,4.75,100,100800
20240125,11:33:35,4.7,100,100800
20240125,11:34:08,4.8,500,100800
20240125,11:34:25,4.75,200,100800
20240125,11:34:34,4.75,200,100800
20240125,11:34:49,4.7,250,100800
20240125,11:34:58,4.75,700,100800
20240125,11:35:06,4.75,50,100800
20240125,11:35:14,4.75,1300,100800
20240125,11:35:23,4.75,1850,100800
20240125,11:35:31,4.75,50,100800
20240125,11:35:40,4.65,50,100800
20240125,11:35:58,4.6,50,100800
20240125,11:36:30,4.6,200,101000
20240125,11:36:39,4.6,400,101000
20240125,11:36:59,4.65,100,101000
20240125,11:37:24,4.55,400,101000
20240125,11:37:41,4.5,250,101000
20240125,11:38:04,4.5,1800,101000
20240125,11:38:53,4.4,50,101000
20240125,11:39:11,4.15,750,99050
20240125,11:39:20,4.2,850,99050
20240125,11:39:39,4.4,300,99050
20240125,11:39:48,4.45,50,99050
20240125,11:39:57,4.35,300,99050
20240125,11:40:06,4.2,400,99050
20240125,11:40:15,4.25,400,99050
20240125,11:40:44,3.95,100,99050
20240125,11:40:53,4.0,100,99050
20240125,11:41:02,4.0,800,99050
20240125,11:41:29,3.95,50,99050
20240125,11:42:11,4.1,100,99050
20240125,11:42:38,4.05,50,99000
20240125,11:43:19,3.95,100,99000
20240125,11:43:46,3.8,250,99000
20240125,11:44:39,3.75,50,99000
20240125,11:45:47,3.8,800,98950
20240125,11:46:12,3.8,100,98950
20240125,11:46:28,3.85,200,98950
20240125,11:46:45,3.9,350,98950
20240125,11:47:01,3.9,50,98950
20240125,11:47:10,3.9,50,98950
20240125,11:47:28,3.9,100,98950
20240125,11:49:00,3.95,450,99750
20240125,11:49:16,4.0,150,99750
20240125,11:49:25,3.95,2050,99750
20240125,11:49:34,3.85,1050,99750
20240125,11:49:43,3.9,300,99750
20240125,11:50:07,3.85,100,99750
20240125,11:50:16,3.95,800,99750
20240125,11:50:25,3.95,900,99750
20240125,11:50:34,3.9,700,99750
20240125,11:50:42,3.95,100,99750
20240125,11:50:51,3.95,650,99750
20240125,11:51:00,3.9,250,99750
20240125,11:51:08,3.9,100,99750
20240125,11:51:17,3.85,250,99750
20240125,11:51:25,3.85,400,102350
20240125,11:51:42,3.85,400,102350
20240125,11:52:07,3.9,2600,102350
20240125,11:52:15,3.85,1150,102350
20240125,11:52:23,3.9,1850,102350
20240125,11:52:32,3.95,50,102350
20240125,11:52:39,3.95,700,102350
20240125,11:52:48,3.85,250,102350
20240125,11:52:56,3.85,250,102350
20240125,11:53:35,3.8,850,102350
20240125,11:53:43,3.8,3650,102350
20240125,11:53:52,3.75,250,102350
20240125,11:54:01,3.8,150,102350
20240125,11:54:24,3.8,3050,100050
20240125,11:54:33,3.85,50,100050
20240125,11:54:42,3.8,50,100050
20240125,11:54:50,3.75,650,100050
20240125,11:54:58,3.7,800,100050
20240125,11:55:06,3.8,1550,100050
20240125,11:55:13,3.8,650,100050
20240125,11:55:21,3.8,50,100050
20240125,11:55:30,3.75,2150,100050
20240125,11:55:39,3.8,1550,100050
20240125,11:55:47,3.85,3150,100050
20240125,11:55:54,3.85,250,100050
20240125,11:56:02,3.85,550,100050
20240125,11:56:10,3.8,400,100050
20240125,11:56:41,3.8,550,100050
20240125,11:57:07,3.85,50,100050
20240125,11:57:16,3.85,450,100050
20240125,11:57:25,3.85,50,100850
20240125,11:57:58,3.85,50,100850
20240125,11:58:22,3.85,100,100850
20240125,11:58:37,3.8,450,100850
20240125,11:58:45,3.85,50,100850
20240125,11:59:26,3.7,350,100850
20240125,11:59:35,3.65,1100,100850
20240125,11:59:50,3.7,50,100850
20240125,12:00:05,3.65,300,100850
20240125,12:00:13,3.55,900,100850
20240125,12:00:21,3.55,100,100850
20240125,12:00:46,3.7,2500,102300
20240125,12:00:54,3.7,50,102300
20240125,12:01:03,3.75,150,102300
20240125,12:02:18,3.6,900,102300
20240125,12:02:43,3.6,2500,102300
20240125,12:02:50,3.6,150,102300
20240125,12:03:53,3.6,400,105250
20240125,12:04:00,3.65,200,105250
20240125,12:04:08,3.6,150,105250
20240125,12:04:16,3.65,1300,105250
20240125,12:04:49,3.65,850,105250
20240125,12:04:56,3.65,50,105250
20240125,12:05:25,3.65,100,105250
20240125,12:05:41,3.65,300,105250
20240125,12:06:26,3.6,50,107100
20240125,12:07:21,3.7,50,107100
20240125,12:07:53,3.65,50,107100
20240125,12:08:17,3.6,100,107100
20240125,12:08:26,3.6,50,107100
20240125,12:08:34,3.55,800,107100
20240125,12:08:51,3.45,600,107100
20240125,12:09:38,3.55,250,107000
20240125,12:10:17,3.5,50,107000
20240125,12:10:33,3.55,50,107000
20240125,12:10:41,3.5,750,107000
20240125,12:10:48,3.55,100,107000
20240125,12:11:04,3.5,100,107000
20240125,12:11:19,3.45,50,107000
20240125,12:11:41,3.4,100,107000
20240125,12:12:12,3.45,50,107000
20240125,12:13:04,3.5,300,106950
20240125,12:14:05,3.5,100,106950
20240125,12:15:24,3.55,200,107050
20240125,12:15:32,3.55,100,107050
20240125,12:15:49,3.6,50,107050
20240125,12:16:04,3.65,100,107050
20240125,12:17:31,3.75,50,107050
20240125,12:18:58,3.65,650,107050
20240125,12:19:14,3.65,100,107050
20240125,12:19:38,3.65,300,107050
20240125,12:19:54,3.55,900,107050
20240125,12:20:09,3.55,50,107050
20240125,12:20:17,3.55,100,107050
20240125,12:20:32,3.55,50,107050
20240125,12:22:27,3.55,50,107700
20240125,12:23:10,3.5,50,107700
20240125,12:23:25,3.55,100,107700
20240125,12:23:54,3.6,100,107700
20240125,12:24:01,3.55,650,107700
20240125,12:24:08,3.55,350,107700
20240125,12:24:15,3.55,350,107700
20240125,12:24:23,3.5,300,107700
20240125,12:24:47,3.35,100,107700
20240125,12:25:01,3.35,50,107700
20240125,12:25:47,3.25,3150,107700
20240125,12:26:11,3.25,250,107700
20240125,12:27:20,3.2,1900,107700
20240125,12:27:29,3.2,800,108000
20240125,12:27:37,3.2,50,108000
20240125,12:27:59,3.2,50,108000
20240125,12:28:51,3.0,2300,108000
20240125,12:29:11,3.0,1050,108000
20240125,12:29:26,3.2,700,108000
20240125,12:29:33,3.2,3700,108000
20240125,12:30:10,3.15,100,108000
20240125,12:30:17,3.15,500,108000
20240125,12:31:15,3.1,350,104100
20240125,12:31:23,3.2,3900,104100
20240125,12:31:31,3.15,750,104100
20240125,12:34:15,3.3,100,106600
20240125,12:35:44,3.1,750,106600
20240125,12:35:52,3.15,50,106600
20240125,12:36:22,3.2,400,106600
20240125,12:36:36,3.25,300,106350
20240125,12:37:03,3.2,50,106350
20240125,12:37:23,3.15,250,106350
20240125,12:37:35,3.15,1100,106350
20240125,12:38:09,3.05,50,106350
20240125,12:38:17,3.05,50,106350
20240125,12:38:39,3.1,50,106350
20240125,12:39:25,3.1,100,106350
20240125,12:39:47,3.05,1800,108050
20240125,12:39:53,3.05,550,108050
20240125,12:40:09,3.05,100,108050
20240125,12:40:54,3.15,550,108050
20240125,12:41:02,3.2,650,108050
20240125,12:41:10,3.25,400,108050
20240125,12:41:33,3.25,50,108050
20240125,12:41:41,3.25,400,108050
20240125,12:41:48,3.2,1600,108050
20240125,12:41:55,3.2,250,108050
20240125,12:42:09,3.2,250,108050
20240125,12:42:55,3.2,50,108750
20240125,12:43:28,3.15,100,108750
20240125,12:43:55,3.2,750,108750
20240125,12:44:09,3.2,50,108750
20240125,12:44:50,3.1,100,108750
20240125,12:44:57,3.15,50,108750
20240125,12:45:53,3.15,400,108750
20240125,12:46:13,3.25,500,108750
20240125,12:47:14,3.1,150,108750
20240125,12:48:54,3.05,50,109450
20240125,12:49:01,3.1,700,109450
20240125,12:49:23,3.1,50,109450
20240125,12:50:13,3.1,1000,109450
20240125,12:51:16,3.1,300,109450
20240125,12:52:05,3.15,50,109450
20240125,12:52:36,3.15,100,109450
20240125,12:52:42,3.1,300,109450
20240125,12:52:48,3.1,50,109450
20240125,12:53:04,3.1,400,109450
20240125,12:53:10,3.1,50,109450
20240125,12:53:16,3.05,1800,109450
20240125,12:53:45,3.15,950,109450
20240125,12:53:51,3.1,350,109450
20240125,12:55:28,3.1,50,110700
20240125,12:56:16,3.15,150,110700
20240125,12:56:24,3.15,300,110700
20240125,12:56:32,3.15,150,110700
20240125,12:56:47,3.15,50,110700
20240125,12:56:55,3.15,500,110700
20240125,12:57:44,3.1,50,111050
20240125,12:57:52,3.1,350,111050
20240125,12:57:59,3.1,350,111050
20240125,12:58:37,3.15,50,111050
20240125,12:59:02,3.15,100,111050
20240125,12:59:11,3.15,900,111050
20240125,12:59:19,3.15,350,111050
20240125,12:59:27,3.15,800,111050
20240125,12:59:36,3.15,650,111050
20240125,12:59:44,3.05,400,111050
20240125,12:59:52,3.1,100,111050
20240125,12:59:59,3.15,650,111050
20240125,13:00:15,3.15,200,111050
20240125,13:00:23,3.25,1800,111050
20240125,13:00:32,3.1,900,113650
20240125,13:00:40,3.15,50,113650
20240125,13:01:03,3.15,50,113650
20240125,13:02:29,3.1,150,113650
20240125,13:02:43,3.1,300,113650
20240125,13:02:52,3.1,500,113650
20240125,13:05:58,3.0,200,113650
20240125,13:06:06,2.95,50,113650
20240125,13:06:14,2.9,1300,113650
20240125,13:06:21,2.9,200,113650
20240125,13:06:27,2.9,500,113950
20240125,13:07:52,2.9,18400,113950
20240125,13:07:58,2.9,250,113950
20240125,13:08:05,2.9,4350,113950
20240125,13:09:01,3.0,50,113950
20240125,13:09:09,2.95,300,113950
20240125,13:09:22,3.0,50,113950
20240125,13:09:28,3.05,500,112550
20240125,13:10:01,3.0,50,112550
20240125,13:10:33,2.95,250,112550
20240125,13:10:40,2.9,800,112550
20240125,13:11:25,3.05,750,112550
20240125,13:11:42,3.05,250,112550
20240125,13:11:49,3.1,2150,112550
20240125,13:11:55,3.25,500,112550
20240125,13:12:02,3.25,650,112550
20240125,13:12:09,3.3,3250,112550
20240125,13:12:15,3.35,1850,112550
20240125,13:12:21,3.35,1500,112550
20240125,13:12:28,3.5,2200,112950
20240125,13:12:36,3.45,250,112950
20240125,13:12:45,3.45,250,112950
20240125,13:12:52,3.4,50,112950
20240125,13:13:05,3.35,250,112950
20240125,13:13:12,3.35,100,112950
20240125,13:13:19,3.4,2300,112950
20240125,13:13:25,3.4,250,112950
20240125,13:13:31,3.35,100,112950
20240125,13:13:58,3.3,50,112950
20240125,13:14:41,3.2,1850,112950
20240125,13:14:48,3.2,50,112950
20240125,13:14:55,3.15,400,112950
20240125,13:15:18,3.15,250,112950
20240125,13:15:25,3.1,50,112950
20240125,13:15:33,3.15,150,115150
20240125,13:15:49,3.1,350,115150
20240125,13:17:12,3.1,50,115150
20240125,13:17:34,2.95,350,115150
20240125,13:17:41,3.0,1100,115150
20240125,13:18:02,3.05,500,115150
20240125,13:18:10,3.0,1850,115150
20240125,13:18:47,3.0,600,118150
20240125,13:19:41,2.95,2200,118150
20240125,13:19:48,2.9,1200,118150
20240125,13:19:55,2.95,250,118150
20240125,13:20:02,2.95,150,118150
20240125,13:20:34,2.95,400,118150
20240125,13:20:41,2.95,900,118150
20240125,13:22:03,3.05,50,121100
20240125,13:23:04,2.95,50,121100
20240125,13:23:19,3.0,50,121100
20240125,13:24:06,3.05,300,121100
20240125,13:24:13,3.05,50,121100
20240125,13:24:33,3.05,50,120750
20240125,13:24:59,3.05,1150,120750
20240125,13:25:13,3.05,1800,120750
20240125,13:25:21,3.0,1250,120750
20240125,13:25:29,3.05,50,120750
20240125,13:25:37,3.1,300,120750
20240125,13:25:59,3.05,50,120750
20240125,13:26:13,3.05,450,120750
20240125,13:26:33,3.1,100,120750
20240125,13:26:46,3.1,400,120750
20240125,13:27:35,3.2,550,120050
20240125,13:27:43,3.2,100,120050
20240125,13:27:58,3.15,150,120050
20240125,13:28:05,3.15,50,120050
20240125,13:28:26,3.15,100,120050
20240125,13:28:39,3.2,300,120050
20240125,13:30:34,3.05,600,119350
20240125,13:30:41,3.0,150,119350
20240125,13:31:25,3.05,850,119350
20240125,13:31:32,3.05,150,119350
20240125,13:31:39,3.05,2200,119350
20240125,13:31:47,3.1,450,119350
20240125,13:32:04,3.1,750,119350
20240125,13:33:59,3.05,650,118400
20240125,13:34:15,3.1,300,118400
20240125,13:34:50,3.1,1800,118400
20240125,13:35:49,3.1,250,118400
20240125,13:36:23,3.1,400,118400
20240125,13:36:29,3.1,100,118550
20240125,13:36:55,3.1,600,118550
20240125,13:37:01,3.1,100,118550
20240125,13:37:30,3.1,100,118550
20240125,13:38:31,3.1,100,118550
20240125,13:38:37,3.1,50,118550
20240125,13:39:03,3.1,100,118550
20240125,13:39:17,3.1,50,118550
20240125,13:39:25,3.05,300,118550
20240125,13:39:32,3.05,100,117750
20240125,13:39:40,3.0,250,117750
20240125,13:39:54,3.1,400,117750
20240125,13:40:00,3.1,400,117750
20240125,13:40:07,3.05,300,117750
20240125,13:40:13,3.05,50,117750
20240125,13:40:26,3.1,2100,117750
20240125,13:40:46,3.15,200,117750
20240125,13:40:59,3.15,50,117750
20240125,13:41:44,3.15,350,117750
20240125,13:41:51,3.15,450,117750
20240125,13:41:58,3.2,2100,117750
20240125,13:42:37,3.15,250,117500
20240125,13:42:43,3.15,350,117500
20240125,13:42:54,3.15,50,117500
20240125,13:43:07,3.15,50,117500
20240125,13:44:01,3.2,200,117500
20240125,13:44:41,3.15,350,117500
20240125,13:45:01,3.15,200,117500
20240125,13:45:50,3.15,1900,116800
20240125,13:46:48,3.15,450,116800
20240125,13:47:56,3.15,1000,116800
20240125,13:48:03,3.15,50,116800
20240125,13:48:11,3.2,2100,116800
20240125,13:48:19,3.15,250,116800
20240125,13:48:27,3.2,50,116800
20240125,13:48:48,3.2,200,117250
20240125,13:50:00,3.2,50,117250
20240125,13:50:31,3.15,500,117250
20240125,13:50:46,3.25,100,117250
20240125,13:50:53,3.25,200,117250
20240125,13:51:01,3.25,100,117250
20240125,13:51:09,3.2,50,117250
20240125,13:51:32,3.2,250,116900
20240125,13:53:01,3.3,800,116900
20240125,13:53:09,3.35,850,116900
20240125,13:54:15,3.4,50,116900
20240125,13:55:50,3.45,800,117750
20240125,13:56:05,3.4,50,117750
20240125,13:56:13,3.4,50,117750
20240125,13:56:20,3.35,150,117750
20240125,13:56:37,3.35,700,117750
20240125,13:56:45,3.3,550,117750
20240125,13:57:06,3.35,50,117750
20240125,13:57:30,3.3,400,117750
20240125,13:57:52,3.3,2650,117000
20240125,13:59:10,3.3,100,117000
20240125,14:00:04,3.35,2300,117000
20240125,14:00:27,3.3,300,117000
20240125,14:01:06,3.3,50,117050
20240125,14:01:44,3.3,50,117050
20240125,14:01:52,3.25,500,117050
20240125,14:02:16,3.2,500,117050
20240125,14:02:47,3.35,1400,117050
20240125,14:02:55,3.35,250,117050
20240125,14:03:03,3.4,400,117050
20240125,14:03:18,3.4,200,117050
20240125,14:03:33,3.4,300,116450
20240125,14:03:41,3.4,50,116450
20240125,14:04:48,3.35,850,116450
20240125,14:05:03,3.35,300,116450
20240125,14:05:32,3.3,250,116450
20240125,14:05:54,3.35,2050,116450
20240125,14:06:01,3.4,1600,116450
20240125,14:06:15,3.35,50,116450
20240125,14:06:22,3.35,1750,116450
20240125,14:06:44,3.35,50,116000
20240125,14:08:30,3.3,550,116000
20240125,14:09:52,3.3,50,116000
20240125,14:10:19,3.3,50,116000
20240125,14:10:26,3.25,3400,116000
20240125,14:10:32,3.35,2550,116000
20240125,14:10:40,3.3,1800,116000
20240125,14:10:46,3.35,3250,116000
20240125,14:11:27,3.35,100,116000
20240125,14:11:59,3.4,350,116000
20240125,14:12:13,3.35,4750,116000
20240125,14:12:27,3.35,4250,116000
20240125,14:12:34,3.35,1250,121600
20240125,14:12:42,3.4,3500,121600
20240125,14:13:11,3.4,50,121600
20240125,14:13:24,3.45,4050,121600
20240125,14:13:32,3.5,3700,121600
20240125,14:13:45,3.45,550,121600
20240125,14:13:58,3.4,150,121600
20240125,14:14:14,3.45,2400,121600
20240125,14:14:22,3.45,200,121600
20240125,14:14:30,3.4,100,121600
20240125,14:14:44,3.45,50,121600
20240125,14:15:05,3.5,500,121600
20240125,14:15:12,3.5,50,121600
20240125,14:15:19,3.55,50,121600
20240125,14:15:34,3.5,2550,124450
20240125,14:15:42,3.55,4650,124450
20240125,14:15:48,3.55,550,124450
20240125,14:16:02,3.6,1300,124450
20240125,14:16:14,3.65,50,124450
20240125,14:17:20,3.65,100,124450
20240125,14:17:39,3.65,500,124450
20240125,14:17:47,3.65,4200,124450
20240125,14:17:53,3.7,3000,124450
20240125,14:18:01,3.7,7750,124450
20240125,14:18:09,3.7,400,124450
20240125,14:18:17,3.75,750,124450
20240125,14:18:25,3.75,4100,124450
20240125,14:18:39,3.75,7200,132350
20240125,14:19:40,3.75,150,132350
20240125,14:19:53,3.75,4300,132350
20240125,14:20:12,3.8,750,132350
20240125,14:20:44,3.8,3200,132350
20240125,14:21:11,3.75,50,132350
20240125,14:21:24,3.8,2350,132350
20240125,14:21:31,3.8,1150,132350
20240125,14:22:02,3.8,4300,139900
20240125,14:22:22,3.8,100,139900
20240125,14:22:51,3.8,10200,139900
20240125,14:22:58,3.75,6200,139900
20240125,14:23:05,3.75,100,139900
20240125,14:23:18,3.7,3450,139900
20240125,14:23:44,3.7,2400,139900
20240125,14:23:50,3.7,800,139900
20240125,14:23:56,3.7,1800,139900
20240125,14:24:27,3.7,50,139900
20240125,14:24:59,3.6,6000,150150
20240125,14:25:05,3.65,100,150150
20240125,14:25:12,3.65,100,150150
20240125,14:25:31,3.6,600,150150
20240125,14:25:38,3.65,50,150150
20240125,14:25:51,3.65,1000,150150
20240125,14:25:58,3.65,50,150150
20240125,14:26:23,3.65,5400,150150
20240125,14:26:47,3.6,600,150150
20240125,14:27:02,3.5,50,150150
20240125,14:27:09,3.5,700,150150
20240125,14:27:42,3.55,250,153700
20240125,14:29:12,3.4,1750,153700
20240125,14:29:20,3.4,2150,153700
20240125,14:29:27,3.4,100,153700
20240125,14:29:34,3.4,100,153700
20240125,14:29:48,3.45,50,153700
20240125,14:30:02,3.5,100,153700
20240125,14:30:09,3.45,350,153700
20240125,14:30:23,3.4,650,153700
20240125,14:30:30,3.4,50,153700
20240125,14:30:51,3.35,6400,152900
20240125,14:30:58,3.4,350,152900
20240125,14:31:05,3.45,250,152900
20240125,14:31:12,3.45,250,152900
20240125,14:31:19,3.45,400,152900
20240125,14:31:25,3.4,3750,152900
20240125,14:31:32,3.35,1800,152900
20240125,14:31:38,3.35,50,152900
20240125,14:31:46,3.3,1550,152900
20240125,14:32:00,3.25,50,152900
20240125,14:32:20,3.25,450,152900
20240125,14:32:34,3.3,250,152900
20240125,14:32:48,3.25,2200,152900
20240125,14:32:55,3.3,2700,152900
20240125,14:33:02,3.3,8250,152900
20240125,14:33:46,3.35,600,157700
20240125,14:33:58,3.3,50,157700
20240125,14:34:17,3.25,2650,157700
20240125,14:34:24,3.25,250,157700
20240125,14:34:31,3.3,50,157700
20240125,14:35:23,3.3,50,157700
20240125,14:35:31,3.3,50,157700
20240125,14:35:51,3.25,50,157700
20240125,14:35:58,3.3,2800,157700
20240125,14:36:18,3.3,750,157700
20240125,14:36:39,3.2,2350,158650
20240125,14:36:45,3.25,50,158650
20240125,14:36:59,3.25,3050,158650
20240125,14:37:24,3.25,50,158650
20240125,14:37:48,3.25,600,158650
20240125,14:38:00,3.25,500,158650
20240125,14:38:12,3.25,1750,158650
20240125,14:38:44,3.25,300,158650
20240125,14:38:52,3.3,100,158650
20240125,14:39:21,3.3,50,158650
20240125,14:40:10,3.4,150,164900
20240125,14:40:25,3.35,100,164900
20240125,14:40:32,3.45,3400,164900
20240125,14:40:58,3.4,300,164900
20240125,14:41:06,3.45,1350,164900
20240125,14:41:57,3.4,100,164900
20240125,14:42:04,3.35,350,164900
20240125,14:42:11,3.35,2600,164900
20240125,14:42:25,3.35,50,164900
20240125,14:42:32,3.35,800,164900
20240125,14:42:39,3.35,3050,166500
20240125,14:42:47,3.35,300,166500
20240125,14:42:54,3.35,300,166500
20240125,14:43:03,3.35,600,166500
20240125,14:43:10,3.35,1050,166500
20240125,14:43:47,3.3,2700,166500
20240125,14:43:54,3.35,400,166500
20240125,14:44:02,3.35,100,166500
20240125,14:44:10,3.35,2250,166500
20240125,14:44:39,3.4,3200,166500
20240125,14:44:45,3.4,550,166500
20240125,14:45:48,3.45,3400,171850
20240125,14:45:55,3.4,900,171850
20240125,14:46:15,3.35,400,171850
20240125,14:46:21,3.4,3500,171850
20240125,14:46:34,3.4,1250,171850
20240125,14:46:59,3.45,2750,171850
20240125,14:47:04,3.45,200,171850
20240125,14:47:09,3.45,50,171850
20240125,14:47:15,3.45,500,171850
20240125,14:47:48,3.45,100,171850
20240125,14:47:53,3.4,3600,171850
20240125,14:48:10,3.3,1250,171850
20240125,14:48:16,3.35,1800,171850
20240125,14:48:22,3.35,300,171850
20240125,14:48:28,3.35,250,171850
20240125,14:49:09,3.35,50,177300
20240125,14:49:51,3.35,100,177300
20240125,14:49:56,3.35,700,177300
20240125,14:50:08,3.3,9300,177300
20240125,14:50:20,3.45,6250,177300
20240125,14:50:31,3.45,1550,177300
20240125,14:50:36,3.55,4300,177300
20240125,14:50:59,3.55,100,177300
20240125,14:51:22,3.55,3500,177300
20240125,14:51:28,3.5,1050,177300
20240125,14:51:34,3.5,350,177300
20240125,14:51:40,3.5,600,188100
20240125,14:51:57,3.5,1900,188100
20240125,14:52:04,3.55,500,188100
20240125,14:52:43,3.55,900,188100
20240125,14:52:49,3.55,250,188100
20240125,14:52:55,3.55,3450,188100
20240125,14:53:11,3.5,50,188100
20240125,14:53:29,3.55,2300,188100
20240125,14:53:57,3.5,3650,188100
20240125,14:54:10,3.5,1800,188100
20240125,14:54:17,3.45,250,188100
20240125,14:54:30,3.45,250,188100
20240125,14:54:37,3.45,4750,197000
20240125,14:54:51,3.4,5500,197000
20240125,14:54:57,3.4,5450,197000
20240125,14:55:50,3.4,1900,197000
20240125,14:56:02,3.4,2800,197000
20240125,14:56:21,3.4,50,197000
20240125,14:56:28,3.35,1000,197000
20240125,14:56:41,3.4,50,197000
20240125,14:57:01,3.45,3000,197000
20240125,14:57:20,3.35,50,197000
20240125,14:58:59,3.35,50,204750
20240125,14:59:05,3.4,4200,204750
20240125,14:59:30,3.35,50,204750
20240125,14:59:42,3.35,600,204750
20240125,14:59:47,3.35,700,204750
20240125,14:59:59,3.3,650,204750
20240125,15:00:06,3.3,2500,204750
20240125,15:00:14,3.3,600,204750
20240125,15:00:36,3.35,100,204750
20240125,15:00:42,3.3,50,204700
20240125,15:00:59,3.3,450,204700
20240125,15:01:15,3.25,3150,204700
20240125,15:01:39,3.2,250,204700
20240125,15:01:54,3.15,4600,204700
20240125,15:02:10,3.15,1200,204700
20240125,15:02:18,3.15,50,204700
20240125,15:03:01,3.2,3600,204700
20240125,15:03:40,3.15,350,204700
20240125,15:03:47,3.15,2550,200350
20240125,15:04:03,3.15,5050,200350
20240125,15:04:27,3.2,250,200350
20240125,15:04:51,3.15,500,200350
20240125,15:04:59,3.15,50,200350
20240125,15:05:08,3.15,900,200350
20240125,15:05:17,3.1,250,200350
20240125,15:05:26,3.15,400,200350
20240125,15:05:35,3.15,600,200350
20240125,15:06:00,3.1,400,200350
20240125,15:06:09,3.05,450,200350
20240125,15:06:18,3.1,100,200350
20240125,15:06:26,3.15,3450,200350
20240125,15:06:57,3.1,4500,202650
20240125,15:07:04,3.1,11700,202650
20240125,15:07:13,3.05,4650,202650
20240125,15:07:20,3.15,650,202650
20240125,15:07:28,3.1,1300,202650
20240125,15:07:36,3.1,250,202650
20240125,15:07:43,3.05,700,202650
20240125,15:07:50,3.1,2250,202650
20240125,15:07:58,3.1,1350,202650
20240125,15:08:12,3.1,1300,202650
20240125,15:08:27,3.15,2000,202650
20240125,15:08:34,3.15,50,202650
20240125,15:08:41,3.05,4450,202650
20240125,15:08:48,3.0,14250,202650
20240125,15:08:56,3.0,5650,202650
20240125,15:09:05,3.0,3300,202650
20240125,15:09:13,3.0,400,202650
20240125,15:09:23,3.05,200,202650
20240125,15:09:32,3.0,550,202650
20240125,15:09:41,3.0,350,215250
20240125,15:09:49,3.0,1050,215250
20240125,15:09:57,3.0,1650,215250
20240125,15:10:05,3.0,1450,215250
20240125,15:10:12,3.0,300,215250
20240125,15:10:20,2.9,19850,215250
20240125,15:10:27,2.85,14400,215250
20240125,15:10:35,2.8,9250,215250
20240125,15:10:42,2.8,3650,215250
20240125,15:10:50,2.85,100,215250
20240125,15:10:57,2.85,100,215250
20240125,15:11:06,2.85,1800,215250
20240125,15:11:13,2.8,6300,215250
20240125,15:11:21,2.75,13150,215250
20240125,15:11:30,2.6,21300,215250
20240125,15:11:37,2.6,13850,215250
20240125,15:11:45,2.55,12300,215250
20240125,15:11:52,2.75,3000,215250
20240125,15:12:00,2.75,850,215250
20240125,15:12:09,2.7,2050,215250
20240125,15:12:26,2.7,600,215250
20240125,15:12:34,2.7,300,215250
20240125,15:12:42,2.7,200,283050
20240125,15:12:51,2.7,50,283050
20240125,15:13:01,2.7,50,283050
20240125,15:13:09,2.7,50,283050
20240125,15:13:17,2.7,800,283050
20240125,15:13:25,2.7,450,283050
20240125,15:13:33,2.7,600,283050
20240125,15:13:41,2.7,600,283050
20240125,15:13:49,2.7,350,283050
20240125,15:13:57,2.7,200,283050
20240125,15:14:06,2.7,350,283050
20240125,15:14:14,2.7,100,283050
20240125,15:14:32,2.8,5600,283050
20240125,15:14:41,2.8,350,283050
20240125,15:14:50,2.75,11800,283050
20240125,15:14:58,2.7,6800,283050
20240125,15:15:06,2.7,6850,283050
20240125,15:15:15,2.7,450,283050
20240125,15:15:23,2.75,2000,283050
20240125,15:15:31,2.75,2000,283050
20240125,15:15:39,2.7,1400,283050
20240125,15:15:48,2.7,300,300050
20240125,15:15:57,2.7,700,300050
20240125,15:16:07,2.6,15650,300050
20240125,15:16:16,2.45,22600,300050
20240125,15:16:24,2.65,1800,300050
20240125,15:16:32,2.65,4000,300050
20240125,15:16:40,2.7,4950,300050
20240125,15:16:48,2.55,32500,300050
20240125,15:17:03,2.5,300,300050
20240125,15:17:10,2.5,9850,300050
20240125,15:17:18,2.5,2050,300050
20240125,15:17:26,2.5,700,300050
20240125,15:17:52,2.55,650,300050
20240125,15:17:58,2.45,250,300050
20240125,15:18:06,2.5,9950,300050
20240125,15:18:13,2.5,3250,300050
20240125,15:18:26,2.55,1250,300050
20240125,15:18:32,2.5,450,300050
20240125,15:18:40,2.55,6350,300050
20240125,15:18:55,2.45,6000,324600
20240125,15:19:02,2.45,50,324600
20240125,15:19:09,2.45,750,324600
20240125,15:19:17,2.45,2400,324600
20240125,15:19:25,2.4,550,324600
20240125,15:19:33,2.5,3550,324600
20240125,15:19:39,2.5,42950,324600
20240125,15:19:45,2.5,2250,324600
20240125,15:19:53,2.5,1350,324600
20240125,15:20:00,2.5,1750,324600
20240125,15:20:07,2.55,550,324600
20240125,15:20:19,2.5,400,324600
20240125,15:20:26,2.5,1700,324600
20240125,15:20:33,2.5,1950,324600
20240125,15:20:39,2.5,100,324600
20240125,15:20:46,2.55,1500,324600
20240125,15:20:53,2.5,200,324600
20240125,15:20:58,2.5,100,324600
20240125,15:21:11,2.5,350,324600
20240125,15:21:18,2.5,100,324600
20240125,15:21:25,2.5,100,324600
20240125,15:21:31,2.5,100,324600
20240125,15:21:39,2.5,2000,324600
20240125,15:21:45,2.5,2050,333550
20240125,15:21:52,2.5,300,333550
20240125,15:21:59,2.5,3800,333550
20240125,15:22:04,2.5,150,333550
20240125,15:22:11,2.55,50,333550
20240125,15:22:18,2.5,150,333550
20240125,15:22:24,2.5,50,333550
20240125,15:22:30,2.5,100,333550
20240125,15:22:42,2.5,150,333550
20240125,15:22:50,2.6,4400,333550
20240125,15:22:56,2.55,50,333550
20240125,15:23:08,2.6,1000,333550
20240125,15:23:15,2.6,1550,333550
20240125,15:23:21,2.65,650,333550
20240125,15:23:28,2.55,650,333550
20240125,15:23:36,2.6,3900,333550
20240125,15:23:44,2.6,250,333550
20240125,15:23:51,2.55,1450,333550
20240125,15:23:58,2.55,150,333550
20240125,15:24:12,2.55,1300,333550
20240125,15:24:32,2.6,500,333550
20240125,15:24:37,2.6,150,333550
20240125,15:24:48,2.55,1100,330100
20240125,15:24:54,2.65,8300,330100
20240125,15:25:00,2.6,1800,330100
20240125,15:25:06,2.6,5550,330100
20240125,15:25:13,2.55,3900,330100
20240125,15:25:21,2.6,1850,330100
20240125,15:25:28,2.55,1700,330100
20240125,15:25:35,2.6,2200,330100
20240125,15:25:41,2.6,9750,330100
20240125,15:25:49,2.55,2100,330100
20240125,15:25:57,2.65,5750,330100
20240125,15:26:04,2.65,2950,330100
20240125,15:26:11,2.8,4800,330100
20240125,15:26:25,2.75,13800,330100
20240125,15:26:33,2.8,4400,330100
20240125,15:26:41,2.8,3800,330100
20240125,15:26:48,2.85,350,330100
20240125,15:26:56,2.9,9350,330100
20240125,15:27:04,2.95,400,330100
20240125,15:27:11,2.95,400,330100
20240125,15:27:19,2.85,2600,330100
20240125,15:27:27,2.9,3700,330100
20240125,15:27:36,2.95,200,330100
20240125,15:27:45,3.0,17800,332700
20240125,15:27:53,3.05,4650,332700
20240125,15:28:01,3.2,16600,332700
20240125,15:28:10,3.25,10000,332700
20240125,15:28:18,3.95,17700,332700
20240125,15:28:25,4.35,34900,332700
20240125,15:28:27,4.2,4400,332700
20240125,15:28:29,4.45,750,332700
20240125,15:28:30,4.3,6400,332700
20240125,15:28:32,4.25,350,332700
20240125,15:28:34,4.2,200,332700
20240125,15:28:35,4.15,450,332700
20240125,15:28:37,4.05,1150,332700
20240125,15:28:39,4.1,700,332700
20240125,15:28:40,3.95,1000,332700
20240125,15:28:42,3.9,450,332700
20240125,15:28:44,3.85,50,332700
20240125,15:28:47,3.75,650,332700
20240125,15:28:49,3.7,700,332700
20240125,15:28:50,3.85,200,332700
20240125,15:28:54,3.8,1550,332700
20240125,15:28:55,3.85,500,332700
20240125,15:29:02,3.75,200,332700
20240125,15:29:04,3.7,150,332700
20240125,15:29:05,3.7,450,332700
20240125,15:29:07,3.6,350,332700
20240125,15:29:09,3.6,500,332700
20240125,15:29:10,3.45,1350,332700
20240125,15:29:12,3.9,2450,332700
20240125,15:29:14,3.9,600,332700
20240125,15:29:15,3.9,1150,332700
20240125,15:29:17,3.9,50,332700
20240125,15:29:19,3.9,300,332700
20240125,15:29:20,3.8,300,332700
20240125,15:29:22,3.75,50,332700
20240125,15:29:25,3.7,50,332700
20240125,15:29:27,3.6,1800,332700
20240125,15:29:29,3.5,1950,332700
20240125,15:29:30,3.45,100,332700
20240125,15:29:32,3.4,700,332700
20240125,15:29:34,3.4,600,332700
20240125,15:29:37,3.35,2300,332700
20240125,15:29:39,3.35,500,332700
20240125,15:29:40,3.25,300,332700
20240125,15:29:42,3.2,2100,332700
20240125,15:29:44,3.1,650,332700
20240125,15:29:45,4.15,14550,332700
20240125,15:29:47,4.75,10950,332700
20240125,15:29:49,4.5,600,332700
20240125,15:29:50,4.1,1750,332700
20240125,15:29:52,4.4,300,332700
20240125,15:29:54,4.2,150,332700
20240125,15:29:55,4.15,50,332700
20240125,15:29:57,4.4,250,332700
20240125,15:29:59,3.1,1800,332700
20240125,15:30:00,3.7,3550,332700
20240129,09:15:02,3.75,1,364200
20240129,09:15:02,2.95,5550,364200
20240129,09:15:03,2.95,9350,364200
20240129,09:15:04,2.95,400,364200
20240129,09:15:05,2.95,11450,364200
20240129,09:15:06,2.95,600,364200
20240129,09:15:07,2.0,550,364200
20240129,09:15:08,2.75,150,364200
20240129,09:15:09,2.9,1050,364200
20240129,09:15:10,2.85,850,364200
20240129,09:15:11,2.8,400,364200
20240129,09:15:13,2.95,700,364200
20240129,09:15:14,2.95,1600,364200
20240129,09:15:14,2.9,850,364200
20240129,09:15:15,2.85,200,364200
20240129,09:15:16,2.75,1550,364200
20240129,09:15:17,2.65,100,364200
20240129,09:15:18,2.55,400,364200
20240129,09:15:19,2.6,1350,364200
20240129,09:15:20,2.5,850,364200
20240129,09:15:21,2.55,750,364200
20240129,09:15:23,2.5,300,364200
20240129,09:15:24,2.65,250,364200
20240129,09:15:25,2.65,50,364200
20240129,09:15:26,2.65,250,364200
20240129,09:15:27,2.6,2800,364200
20240129,09:15:28,2.6,50,364200
20240129,09:15:29,2.65,3250,364200
20240129,09:15:30,2.65,4700,364200
20240129,09:15:31,2.6,800,364200
20240129,09:15:34,2.55,50,364200
20240129,09:15:37,2.6,200,364200
20240129,09:15:38,2.6,200,364200
20240129,09:15:39,2.55,3900,364200
20240129,09:15:40,2.65,550,364200
20240129,09:15:41,2.6,900,364200
20240129,09:15:42,2.5,1750,364200
20240129,09:15:46,2.55,150,364200
20240129,09:15:48,4.05,30850,364200
20240129,09:15:49,2.7,4200,364200
20240129,09:15:50,2.7,500,364200
20240129,09:15:51,2.7,200,364200
20240129,09:15:52,2.6,1200,364200
20240129,09:15:53,2.65,750,364200
