date,time,tick_price,volume,open_interest
20231212,14:07:06,13.4,50,50
20231212,14:07:25,10.0,50,50
20231212,14:10:10,9.0,300,50
20231212,14:10:20,8.9,650,50
20231212,14:10:29,8.8,150,50
20231212,14:10:38,8.75,350,50
20231212,14:21:39,8.75,50,1450
20231212,15:10:52,10.05,400,1500
20231212,15:21:23,10.0,100,1900
20231212,15:21:33,8.5,100,1900
20231213,09:15:14,10.0,1,1900
20231213,09:15:14,8.5,300,1900
20231213,09:15:24,8.5,50,1900
20231213,09:25:45,9.3,100,1900
20231213,09:59:05,7.25,100,2000
20231213,09:59:15,7.25,100,2000
20231213,09:59:36,7.25,100,2000
20231213,10:19:56,7.25,100,1700
20231213,10:45:36,7.25,100,1700
20231213,10:56:58,8.8,100,1800
20231213,10:57:56,7.5,250,1900
20231213,11:03:09,8.0,50,1650
20231213,11:21:08,8.0,50,1600
20231213,11:36:48,7.5,50,1600
20231213,13:50:27,8.5,100,1600
20231213,13:51:06,7.55,100,1600
20231213,14:06:57,10.5,1500,1500
20231213,14:07:24,10.5,700,1500
20231213,14:07:42,9.05,200,1500
20231213,14:07:52,8.15,100,1500
20231213,14:08:22,8.15,200,1500
20231213,14:08:31,8.2,100,1500
20231213,14:13:28,8.05,200,3050
20231213,14:17:48,8.0,100,3050
20231213,14:40:25,7.95,50,3050
20231213,14:44:12,5.9,1700,3100
20231213,14:44:42,5.9,600,3100
20231213,14:44:52,7.2,600,3100
20231213,14:45:02,7.3,200,3100
20231213,14:45:22,7.15,550,3100
20231213,14:58:19,7.7,100,2400
20231213,14:58:55,7.45,100,2400
20231213,14:59:04,7.4,250,2400
20231213,14:59:14,7.3,150,2400
20231213,15:26:03,8.75,100,2000
20231214,09:50:25,10.95,1,2000
20231214,09:50:25,10.95,300,2000
20231214,09:50:36,10.95,100,2000
20231214,09:51:27,11.0,300,2300
20231214,10:00:03,11.0,500,2600
20231214,10:00:23,10.05,300,2600
20231214,10:05:14,11.35,1000,2900
20231214,10:05:25,10.6,200,2900
20231214,10:10:10,10.6,300,3900
20231214,10:10:31,10.6,100,3900
20231214,10:13:04,10.65,50,4300
20231214,10:14:05,10.45,650,4300
20231214,10:14:15,10.45,50,4300
20231214,10:14:35,10.5,50,4300
20231214,10:17:50,10.3,50,5100
20231214,10:18:10,10.1,100,5100
20231214,10:18:30,10.4,50,5100
20231214,10:19:31,10.3,50,5100
20231214,10:22:25,10.3,50,5200
20231214,10:25:03,10.3,750,5250
20231214,10:25:22,10.35,350,5250
20231214,10:25:43,10.4,200,5250
20231214,10:26:13,10.45,50,5250
20231214,10:27:11,10.5,100,4600
20231214,10:27:51,10.7,100,4600
20231214,10:28:11,10.45,150,4600
20231214,10:28:41,10.75,50,4600
20231214,10:33:37,10.5,50,4900
20231214,10:33:48,10.35,450,4900
20231214,10:34:09,10.25,100,4900
20231214,10:34:30,10.3,300,4900
20231214,10:35:11,10.35,50,4900
20231214,10:43:30,10.25,150,4450
20231214,10:44:30,10.25,150,4450
20231214,10:45:59,10.65,50,4350
20231214,10:48:08,10.5,100,4400
20231214,10:48:58,10.35,50,4400
20231214,10:56:42,10.3,100,4400
20231214,10:59:27,10.25,50,4500
20231214,11:06:23,10.15,50,4550
20231214,11:11:38,10.15,50,4600
20231214,11:12:03,10.0,50,4650
20231214,11:24:21,10.0,50,4700
20231214,11:24:30,9.9,450,4700
20231214,11:24:39,9.8,550,4700
20231214,11:24:47,9.75,500,4700
20231214,11:28:44,9.75,100,6050
20231214,11:37:24,11.85,900,6150
20231214,11:37:41,10.2,500,6150
20231214,11:42:50,10.35,100,6700
20231214,11:43:01,10.4,300,6700
20231214,11:50:03,10.35,100,7050
20231214,12:04:29,10.25,50,7100
20231214,12:05:11,10.15,100,7100
20231214,12:05:20,10.15,50,7100
20231214,12:05:55,10.1,450,7100
20231214,12:11:59,10.65,100,7600
20231214,12:13:41,10.5,1000,7600
20231214,12:15:05,10.5,300,7700
20231214,12:16:12,10.55,50,7700
20231214,12:19:46,10.6,150,7850
20231214,12:20:33,10.55,50,7850
20231214,12:27:10,10.5,100,8000
20231214,12:31:58,10.75,50,8100
20231214,12:34:08,10.8,400,8100
20231214,12:35:03,10.7,50,8100
20231214,12:42:43,10.9,150,8550
20231214,12:48:15,10.7,100,8650
20231214,12:48:51,10.8,50,8650
20231214,12:49:42,10.8,50,8650
20231214,12:51:49,10.85,50,8800
20231214,12:54:59,10.85,100,8800
20231214,13:00:35,10.9,50,8800
20231214,13:00:54,10.85,150,8800
20231214,13:06:46,11.1,50,8900
20231214,13:09:16,12.0,4100,8900
20231214,13:09:26,11.3,50,8900
20231214,13:09:35,11.4,100,8900
20231214,13:09:44,11.4,1950,8900
20231214,13:10:02,11.45,2750,8900
20231214,13:10:12,11.65,2900,8900
20231214,13:10:22,11.75,250,8900
20231214,13:11:03,12.0,1700,8900
20231214,13:12:29,11.95,50,17700
20231214,13:12:58,11.95,250,17700
20231214,13:13:45,11.9,50,17700
20231214,13:13:55,11.9,100,17700
20231214,13:14:31,11.95,300,17700
20231214,13:14:59,12.15,200,17700
20231214,13:15:43,12.15,50,17700
20231214,13:15:52,11.9,150,17700
20231214,13:19:07,12.0,200,17500
20231214,13:19:53,12.0,50,17500
20231214,13:20:04,12.5,600,17500
20231214,13:20:27,12.65,600,17500
20231214,13:20:49,12.65,700,17500
20231214,13:20:59,12.65,100,17500
20231214,13:21:10,12.65,100,17500
20231214,13:21:43,12.65,100,19100
20231214,13:21:54,12.65,150,19100
20231214,13:22:26,12.6,100,19100
20231214,13:22:37,12.5,100,19100
20231214,13:22:47,12.5,200,19100
20231214,13:22:57,12.5,600,19100
20231214,13:23:07,12.55,100,19100
20231214,13:24:39,12.85,300,19200
20231214,13:24:58,12.8,150,19200
20231214,13:25:08,12.75,50,19200
20231214,13:25:46,12.75,500,19200
20231214,13:26:25,12.75,250,19200
20231214,13:29:40,12.7,50,19900
20231214,13:30:37,12.6,50,19850
20231214,13:31:06,12.75,100,19850
20231214,13:31:26,12.8,100,19850
20231214,13:31:55,12.8,100,19850
20231214,13:32:13,12.8,200,19850
20231214,13:32:31,12.7,100,19850
20231214,13:32:58,12.75,50,19850
20231214,13:33:08,12.8,350,19850
20231214,13:33:47,12.8,200,19850
20231214,13:33:57,12.85,200,19850
20231214,13:34:08,12.85,50,19850
20231214,13:34:18,12.95,250,19850
20231214,13:35:21,13.0,50,19850
20231214,13:35:31,13.05,100,19850
20231214,13:37:05,13.2,100,20200
20231214,13:37:14,13.4,250,20200
20231214,13:41:03,13.4,150,20500
20231214,13:41:12,13.1,200,20500
20231214,13:41:22,13.15,100,20500
20231214,13:41:31,13.15,200,20500
20231214,13:41:59,13.1,100,20500
20231214,13:46:07,13.35,100,20650
20231214,13:48:54,13.65,650,20650
20231214,13:49:03,12.95,50,20650
20231214,13:50:06,13.0,250,20650
20231214,13:50:46,12.9,200,20650
20231214,13:52:49,12.9,100,20650
20231214,13:54:06,12.95,50,20650
20231214,13:54:26,13.15,150,20500
20231214,13:54:35,13.15,50,20500
20231214,13:56:51,13.0,350,20500
20231214,13:57:28,12.9,350,20750
20231214,13:57:47,12.95,100,20750
20231214,13:57:56,12.9,100,20750
20231214,13:58:05,12.95,100,20750
20231214,13:58:14,12.95,50,20750
20231214,13:58:33,12.95,100,20750
20231214,13:58:43,13.0,100,20750
20231214,13:58:52,13.05,100,20750
20231214,13:59:30,13.15,250,20750
20231214,13:59:40,13.35,50,20750
20231214,13:59:49,13.35,100,20750
20231214,14:03:27,13.15,100,20900
20231214,14:04:50,13.25,50,20900
20231214,14:05:09,13.3,50,20900
20231214,14:05:18,13.35,600,20900
20231214,14:05:37,13.35,200,20900
20231214,14:07:17,13.75,50,20700
20231214,14:07:52,13.75,50,20700
20231214,14:09:50,13.15,650,20750
20231214,14:10:20,13.2,300,20750
20231214,14:11:38,13.05,300,20750
20231214,14:11:57,13.05,750,20750
20231214,14:14:36,13.25,50,21900
20231214,14:14:45,13.3,50,21900
20231214,14:19:46,12.8,400,21950
20231214,14:22:49,12.65,6500,21550
20231214,14:22:58,12.7,100,21550
20231214,14:23:07,12.3,3650,21550
20231214,14:23:16,12.25,250,21550
20231214,14:26:17,12.55,100,26950
20231214,14:26:26,12.7,50,26950
20231214,14:26:36,12.7,100,26950
20231214,14:30:02,12.85,50,27150
20231214,14:31:53,12.85,100,27150
20231214,14:32:03,12.9,50,27150
20231214,14:32:21,12.7,50,27150
20231214,14:41:45,12.6,50,27200
20231214,14:42:49,12.55,50,27200
20231214,14:43:25,12.2,50,27200
20231214,14:44:11,12.45,250,27200
20231214,14:45:53,12.45,50,27200
20231214,14:46:03,12.45,250,27200
20231214,14:49:48,12.45,250,27250
20231214,14:50:07,12.45,50,27250
20231214,14:51:35,12.4,50,27250
20231214,14:55:19,12.25,100,27250
20231214,14:56:08,12.35,100,27250
20231214,14:56:32,12.2,100,27250
20231214,14:57:49,12.25,300,27300
20231214,15:00:36,12.2,50,27300
20231214,15:04:56,12.0,500,27500
20231214,15:05:08,12.0,550,27500
20231214,15:05:49,11.95,50,27500
20231214,15:06:00,11.0,550,27500
20231214,15:06:32,11.5,200,27500
20231214,15:09:38,11.8,50,27600
20231214,15:10:49,11.55,250,27600
20231214,15:10:59,11.5,50,27600
20231214,15:11:59,11.35,50,27600
20231214,15:13:08,11.65,50,27750
20231214,15:13:37,11.65,50,27750
20231214,15:16:43,11.8,100,27850
20231214,15:16:53,11.8,100,27850
20231214,15:17:13,11.7,350,27850
20231214,15:17:23,11.8,100,27850
20231214,15:17:53,11.8,100,27850
20231214,15:18:04,11.8,100,27850
20231214,15:18:14,11.85,100,27850
20231214,15:19:17,11.95,100,28300
20231214,15:20:51,12.1,50,28300
20231214,15:21:25,12.15,50,28300
20231214,15:21:37,12.15,150,28450
20231214,15:21:48,12.2,50,28450
20231214,15:21:58,12.1,150,28450
20231214,15:22:10,12.15,50,28450
20231214,15:23:20,12.8,50,28450
20231214,15:24:15,12.5,500,28450
20231214,15:24:39,12.5,250,28650
20231214,15:25:03,12.5,350,28650
20231214,15:25:15,12.3,100,28650
20231214,15:27:33,12.05,50,28650
20231214,15:27:44,11.9,550,28550
20231214,15:27:56,11.8,100,28550
20231214,15:28:07,12.5,50,28550
20231214,15:28:41,13.0,500,28550
20231214,15:29:31,12.55,50,28550
20231215,09:15:44,13.35,1,29050
20231215,09:15:44,12.55,600,29050
20231215,09:15:54,14.45,100,29050
20231215,09:15:59,14.45,50,29050
20231215,09:16:14,14.2,100,29050
20231215,09:16:20,14.1,1650,29050
20231215,09:16:40,14.0,150,29050
20231215,09:16:45,14.0,100,29050
20231215,09:17:17,13.85,200,29050
20231215,09:17:34,13.2,250,29300
20231215,09:17:55,13.0,300,29300
20231215,09:18:11,13.2,100,29300
20231215,09:18:43,12.7,500,29300
20231215,09:19:00,12.5,3050,29300
20231215,09:19:09,12.15,2300,29300
20231215,09:19:17,11.95,1000,29300
20231215,09:19:25,11.9,100,29300
20231215,09:19:34,11.9,400,29300
20231215,09:19:42,11.85,1250,29300
20231215,09:19:59,12.15,200,29300
20231215,09:20:24,12.15,250,29300
20231215,09:20:41,12.3,50,36350
20231215,09:21:06,12.3,50,36350
20231215,09:21:14,12.2,50,36350
20231215,09:21:39,12.6,800,36350
20231215,09:21:48,12.5,400,36350
20231215,09:21:57,12.4,50,36350
20231215,09:22:58,12.4,500,36350
20231215,09:23:14,12.45,150,36350
20231215,09:23:31,12.45,500,36250
20231215,09:23:39,12.35,400,36250
20231215,09:24:22,12.25,50,36250
20231215,09:24:47,12.25,50,36250
20231215,09:24:55,12.25,250,36250
20231215,09:25:03,12.2,50,36250
20231215,09:26:27,12.1,150,36050
20231215,09:27:18,12.3,50,36050
20231215,09:28:15,12.2,400,36050
20231215,09:30:17,12.45,50,36300
20231215,09:32:01,12.4,100,36300
20231215,09:33:44,12.05,200,36400
20231215,09:33:52,12.05,250,36400
20231215,09:34:01,12.0,1200,36400
20231215,09:34:09,12.05,600,36400
20231215,09:35:19,12.05,300,36400
20231215,09:35:28,12.05,50,36400
20231215,09:35:36,12.05,100,36450
20231215,09:35:55,12.05,300,36450
20231215,09:36:13,12.15,400,36450
20231215,09:36:39,12.0,2250,36450
20231215,09:37:06,12.0,50,36450
20231215,09:37:15,12.1,1550,36450
20231215,09:38:09,12.0,200,36450
20231215,09:38:35,12.0,150,34450
20231215,09:38:44,11.95,650,34450
20231215,09:39:10,11.85,100,34450
20231215,09:39:19,11.85,50,34450
20231215,09:39:37,11.6,750,34450
20231215,09:39:46,11.6,150,34450
20231215,09:39:54,11.55,50,34450
20231215,09:40:13,11.4,1500,34450
20231215,09:40:22,11.4,200,34450
20231215,09:40:31,11.5,2050,34450
20231215,09:40:40,11.4,1250,34450
20231215,09:40:56,11.3,550,34450
20231215,09:41:05,11.3,1750,34450
20231215,09:41:39,11.3,250,33150
20231215,09:42:05,11.4,250,33150
20231215,09:42:31,11.4,1800,33150
20231215,09:49:29,11.85,50,31400
20231215,09:50:26,11.95,2000,31400
20231215,09:50:34,12.0,750,30800
20231215,09:50:43,11.8,250,30800
20231215,09:51:30,11.8,50,30800
20231215,09:51:55,11.75,150,30800
20231215,09:52:20,11.8,250,30800
20231215,09:52:36,11.8,250,30800
20231215,09:52:45,11.85,200,30800
20231215,09:53:18,11.8,400,30800
20231215,09:53:35,11.8,100,30350
20231215,09:54:35,11.7,250,30350
20231215,09:54:44,11.7,300,30350
20231215,09:54:54,11.65,600,30350
20231215,09:55:03,11.6,50,30350
20231215,09:56:57,11.55,100,29150
20231215,09:57:23,11.6,200,29150
20231215,09:57:48,11.75,100,29150
20231215,09:58:22,11.9,50,29150
20231215,09:59:55,11.9,50,29400
20231215,10:00:48,12.1,50,29400
20231215,10:01:33,12.0,50,29400
20231215,10:03:24,12.45,50,29450
20231215,10:04:52,12.6,50,29450
20231215,10:06:30,12.5,50,29550
20231215,10:06:39,12.65,50,29550
20231215,10:12:55,12.65,100,29550
20231215,10:14:08,12.6,250,29550
20231215,10:15:00,12.55,100,29550
20231215,10:17:44,12.45,50,29450
20231215,10:18:36,12.6,50,29450
20231215,10:20:29,12.5,250,29450
20231215,10:20:46,12.5,50,29700
20231215,10:22:24,12.6,150,29700
20231215,10:24:34,12.6,250,29750
20231215,10:24:51,12.8,550,29750
20231215,10:25:01,12.95,50,29750
20231215,10:25:10,13.25,50,29750
20231215,10:25:29,13.2,500,29750
20231215,10:25:38,13.35,50,29750
20231215,10:25:56,13.1,50,29750
20231215,10:26:05,13.05,100,29750
20231215,10:26:14,13.0,100,29750
20231215,10:26:22,12.95,150,29750
20231215,10:26:49,12.85,50,30050
20231215,10:26:58,12.75,50,30050
20231215,10:28:50,12.7,50,30050
20231215,10:28:58,12.75,50,30050
20231215,10:29:32,12.75,50,30050
20231215,10:29:41,12.85,50,30050
20231215,10:29:49,12.85,100,30050
20231215,10:31:15,12.85,750,30050
20231215,10:31:49,12.6,500,30050
20231215,10:33:37,12.5,50,30700
20231215,10:34:10,12.3,600,30700
20231215,10:34:55,12.3,100,30700
20231215,10:35:03,12.1,750,30700
20231215,10:35:21,12.4,500,30700
20231215,10:36:22,12.5,250,31200
20231215,10:38:27,12.35,50,31200
20231215,10:38:36,12.5,50,31200
20231215,10:39:10,12.45,150,31350
20231215,10:39:18,12.5,100,31350
20231215,10:40:26,12.4,150,31350
20231215,10:41:06,12.6,200,31350
20231215,10:42:05,12.2,100,31500
20231215,10:43:05,12.0,50,31500
20231215,10:43:38,12.0,50,31500
20231215,10:43:55,11.95,50,31500
20231215,10:44:12,11.95,50,31500
20231215,10:44:29,11.95,150,31500
20231215,10:44:37,12.0,50,31500
20231215,10:45:43,12.0,100,31650
20231215,10:46:07,11.9,300,31650
20231215,10:46:16,11.9,150,31650
20231215,10:47:00,11.75,200,31650
20231215,10:47:27,11.7,300,31650
20231215,10:47:54,11.6,300,31300
20231215,10:48:03,11.5,200,31300
20231215,10:49:16,11.5,50,31300
20231215,10:49:52,11.55,150,31300
20231215,10:51:18,11.45,50,31350
20231215,10:52:46,11.5,250,31350
20231215,10:52:56,11.45,50,31350
20231215,10:53:24,11.45,100,31350
20231215,10:54:10,11.35,350,31350
20231215,10:55:30,11.5,50,31350
20231215,10:55:57,11.45,50,31350
20231215,10:58:09,11.75,250,31400
20231215,10:59:30,11.95,250,31400
20231215,11:00:31,12.05,450,31400
20231215,11:01:47,12.3,50,31400
20231215,11:01:55,12.25,50,31400
20231215,11:03:24,12.05,50,31350
20231215,11:03:33,12.15,100,31350
20231215,11:03:50,12.15,100,31350
20231215,11:04:07,11.95,100,31350
20231215,11:04:34,11.9,100,31350
20231215,11:06:19,11.95,50,31400
20231215,11:08:18,12.0,50,31400
20231215,11:09:06,12.15,450,31500
20231215,11:09:23,12.15,250,31500
20231215,11:09:31,12.15,350,31500
20231215,11:10:03,12.1,50,31500
20231215,11:11:08,12.1,50,31500
20231215,11:12:12,12.05,50,31550
20231215,11:19:21,12.1,50,31600
20231215,11:20:16,12.2,50,31600
20231215,11:22:19,12.15,50,31650
20231215,11:26:03,12.0,100,31700
20231215,11:32:47,12.0,600,31600
20231215,11:35:04,12.15,50,32000
20231215,11:35:50,12.15,200,32000
20231215,11:37:33,12.2,300,32050
20231215,11:39:02,12.15,200,32050
20231215,11:40:09,12.15,50,32050
20231215,11:41:57,12.15,50,32250
20231215,11:43:43,12.15,100,32250
20231215,11:48:20,12.3,50,32300
20231215,11:49:15,12.3,50,32300
20231215,11:49:56,12.2,100,32300
20231215,11:50:42,12.3,250,32300
20231215,11:51:19,12.35,50,32250
20231215,11:55:25,12.55,50,32250
20231215,11:56:48,12.55,150,32250
20231215,11:56:55,12.6,100,32400
20231215,11:59:15,12.6,50,32400
20231215,12:01:12,12.6,50,32500
20231215,12:01:27,12.45,50,32500
20231215,12:01:41,12.5,50,32500
20231215,12:02:02,12.6,50,32500
20231215,12:04:23,12.9,550,32550
20231215,12:04:45,12.85,50,32550
20231215,12:05:35,12.85,50,32550
20231215,12:05:42,12.65,2050,32550
20231215,12:05:56,12.7,100,32500
20231215,12:10:48,12.6,50,32400
20231215,12:21:00,12.35,1150,32350
20231215,12:31:31,12.65,150,32000
20231215,12:31:39,12.5,800,32000
20231215,12:31:54,12.8,50,32000
20231215,12:35:40,12.5,250,31900
20231215,12:35:47,12.3,3200,31900
20231215,12:35:54,12.3,250,31900
20231215,12:36:01,12.25,1650,35050
20231215,12:36:29,12.2,200,35050
20231215,12:37:17,12.25,250,35050
20231215,12:40:29,12.3,250,36200
20231215,12:42:48,12.15,450,36200
20231215,12:43:15,12.4,500,36200
20231215,12:44:10,12.4,350,36200
20231215,12:44:35,12.5,250,36200
20231215,12:45:30,12.45,50,36100
20231215,12:45:45,12.45,100,36100
20231215,12:46:15,12.5,50,36100
20231215,12:48:25,12.45,50,36100
20231215,12:49:25,12.55,50,36100
20231215,12:51:42,12.4,150,36050
20231215,12:52:57,12.45,50,36050
20231215,12:53:18,12.4,50,36050
20231215,12:54:20,12.25,100,36050
20231215,12:56:51,12.25,100,36050
20231215,12:57:12,12.0,50,36000
20231215,12:57:54,12.15,150,36000
20231215,12:58:20,12.2,50,36000
20231215,12:59:20,12.3,50,36000
20231215,13:05:41,12.55,150,35950
20231215,13:05:48,12.35,300,35950
20231215,13:06:56,12.1,150,35900
20231215,13:07:58,12.1,300,35900
20231215,13:08:19,12.15,50,35900
20231215,13:08:45,12.2,150,35900
20231215,13:11:28,12.25,300,35900
20231215,13:11:42,12.3,200,35900
20231215,13:12:16,12.3,200,35450
20231215,13:13:39,12.4,450,35450
20231215,13:17:01,12.6,50,34800
20231215,13:17:52,12.55,150,34800
20231215,13:24:51,12.5,100,34700
20231215,13:26:24,12.6,100,34700
20231215,13:28:48,12.4,150,34750
20231215,13:28:59,12.5,100,34750
20231215,13:30:03,12.5,50,34750
20231215,13:30:21,12.5,100,34550
20231215,13:31:03,12.5,50,34550
20231215,13:31:27,12.55,100,34550
20231215,13:33:19,12.6,150,34450
20231215,13:33:58,12.8,50,34450
20231215,13:34:33,12.65,150,34450
20231215,13:35:34,12.55,50,34450
20231215,13:39:54,12.65,200,34450
20231215,13:40:15,12.5,250,34450
20231215,13:40:22,12.5,250,34450
20231215,13:40:29,12.6,50,34450
20231215,13:41:49,12.55,100,34450
20231215,13:42:03,12.7,150,34450
20231215,13:42:36,12.65,200,34550
20231215,13:43:21,12.8,50,34550
20231215,13:43:29,12.65,50,34550
20231215,13:43:51,12.65,100,34550
20231215,13:46:45,12.6,50,34600
20231215,13:49:36,12.8,50,34600
20231215,13:53:04,12.7,250,34600
20231215,13:54:15,12.8,50,34850
20231215,13:55:56,12.8,350,34850
20231215,13:58:36,12.8,300,34900
20231215,13:59:15,12.8,250,34900
20231215,13:59:44,12.8,250,34900
20231215,13:59:55,12.8,250,34900
20231215,14:00:06,12.8,50,34900
20231215,14:01:21,12.8,50,35700
20231215,14:02:52,12.85,300,35700
20231215,14:03:00,12.8,50,35700
20231215,14:04:57,12.9,100,35800
20231215,14:05:40,12.7,50,35800
20231215,14:06:23,12.6,250,35500
20231215,14:09:19,12.6,250,35250
20231215,14:09:27,12.6,300,35250
20231215,14:13:21,12.65,50,35250
20231215,14:13:50,12.6,100,35250
20231215,14:16:44,12.6,100,35300
20231215,14:20:23,12.75,50,35300
20231215,14:20:46,12.8,600,35300
20231215,14:20:54,12.9,100,35300
20231215,14:21:02,12.9,150,35300
20231215,14:21:17,12.95,50,36100
20231215,14:21:34,13.1,250,36100
20231215,14:22:08,13.0,50,36100
20231215,14:22:17,13.15,150,36100
20231215,14:22:50,13.1,50,36100
20231215,14:24:41,13.1,200,36500
20231215,14:25:41,13.05,100,36500
20231215,14:26:03,13.0,50,36500
20231215,14:27:10,13.0,50,36500
20231215,14:29:00,13.2,100,36550
20231215,14:30:13,13.25,500,36550
20231215,14:30:28,13.3,1000,37150
20231215,14:31:01,13.45,50,37150
20231215,14:31:17,13.45,200,37150
20231215,14:31:25,13.45,200,37150
20231215,14:31:51,13.4,100,37150
20231215,14:31:59,13.4,50,37150
20231215,14:33:15,13.2,100,37150
20231215,14:33:31,13.35,200,37800
20231215,14:33:47,13.4,100,37800
20231215,14:34:54,13.4,350,37800
20231215,14:35:03,13.4,250,37800
20231215,14:35:43,13.35,250,37800
20231215,14:36:14,13.35,50,38450
20231215,14:36:23,13.5,900,38450
20231215,14:36:31,13.55,900,38450
20231215,14:36:39,13.45,1300,38450
20231215,14:36:54,13.45,1250,38450
20231215,14:38:32,13.45,250,38450
20231215,14:40:14,13.75,900,39850
20231215,14:40:22,13.6,100,39850
20231215,14:40:29,13.75,1100,39850
20231215,14:40:37,13.7,1200,39850
20231215,14:40:44,13.8,1250,39850
20231215,14:40:52,13.85,50,39850
20231215,14:41:08,13.85,100,39850
20231215,14:41:26,13.85,100,39850
20231215,14:41:54,13.8,200,39850
20231215,14:42:37,13.8,150,42000
20231215,14:43:04,13.8,250,42000
20231215,14:44:18,13.85,1100,42000
20231215,14:44:50,13.7,100,42000
20231215,14:46:43,13.85,100,42500
20231215,14:47:46,14.0,150,42500
20231215,14:48:57,14.05,100,42700
20231215,14:50:32,14.1,150,42700
20231215,14:50:41,14.15,100,42700
20231215,14:51:00,14.25,100,42700
20231215,14:51:10,14.3,500,42700
20231215,14:51:20,14.5,50,42700
20231215,14:51:40,14.7,450,43650
20231215,14:52:09,15.0,250,43650
20231215,14:52:19,15.0,1450,43650
20231215,14:52:29,15.45,150,43650
20231215,14:52:40,15.55,100,43650
20231215,14:52:49,15.55,600,43650
20231215,14:53:00,15.55,300,43650
20231215,14:53:22,15.6,50,43650
20231215,14:54:09,16.05,150,43650
20231215,14:54:20,16.35,100,43800
20231215,14:54:39,16.35,50,43800
20231215,14:54:47,16.15,250,43800
20231215,14:54:56,16.15,100,43800
20231215,14:55:32,16.6,650,43800
20231215,14:55:42,16.6,800,43800
20231215,14:56:02,16.75,100,43800
20231215,14:56:22,16.9,250,43800
20231215,14:56:51,16.9,50,43800
20231215,14:57:01,16.4,300,43800
20231215,14:57:11,16.7,600,43800
20231215,14:57:30,16.6,250,45050
20231215,14:57:40,16.6,200,45050
20231215,14:58:09,16.6,50,45050
20231215,14:58:27,16.45,100,45050
20231215,14:58:46,16.7,100,45050
20231215,14:59:54,17.0,300,45050
20231215,15:00:04,17.0,50,45050
20231215,15:00:35,17.6,250,44900
20231215,15:00:45,18.0,850,44900
20231215,15:00:56,18.3,650,44900
20231215,15:01:17,18.7,750,44900
20231215,15:01:28,19.1,1250,44900
20231215,15:01:39,19.55,600,44900
20231215,15:01:50,19.8,500,44900
20231215,15:02:02,19.8,600,44900
20231215,15:02:12,20.2,400,44900
20231215,15:02:21,20.25,150,44900
20231215,15:02:41,20.25,250,44900
20231215,15:02:52,20.0,2100,44900
20231215,15:03:02,20.65,450,44900
20231215,15:03:13,20.75,300,44900
20231215,15:03:25,20.65,100,47500
20231215,15:03:37,20.55,200,47500
20231215,15:03:49,20.15,250,47500
20231215,15:04:00,19.9,50,47500
20231215,15:04:10,19.4,550,47500
20231215,15:04:20,18.65,950,47500
20231215,15:04:31,18.45,650,47500
20231215,15:04:41,18.9,200,47500
20231215,15:04:51,18.65,50,47500
20231215,15:05:00,18.4,300,47500
20231215,15:05:10,18.55,550,47500
20231215,15:05:20,18.8,250,47500
20231215,15:05:38,18.75,50,47500
20231215,15:05:47,18.7,1700,47500
20231215,15:05:56,18.7,350,47500
20231215,15:06:05,18.65,600,47500
20231215,15:06:24,18.65,100,45750
20231215,15:06:33,18.55,100,45750
20231215,15:06:42,18.7,150,45750
20231215,15:07:00,18.7,250,45750
20231215,15:07:09,18.7,250,45750
20231215,15:07:18,18.4,250,45750
20231215,15:07:44,18.4,50,45750
20231215,15:07:53,18.25,700,45750
20231215,15:08:02,18.2,350,45750
20231215,15:08:12,18.05,600,45750
20231215,15:08:21,18.15,400,45750
20231215,15:08:39,18.05,150,45750
20231215,15:08:57,18.3,450,45750
20231215,15:09:06,18.35,50,45750
20231215,15:09:25,18.4,800,45750
20231215,15:09:43,18.5,50,46800
20231215,15:10:10,18.4,1700,46800
20231215,15:10:46,18.35,200,46800
20231215,15:10:56,18.4,100,46800
20231215,15:11:05,18.4,350,46800
20231215,15:11:14,18.6,1000,46800
20231215,15:11:23,18.7,150,46800
20231215,15:11:32,18.8,200,46800
20231215,15:11:41,18.8,250,46800
20231215,15:12:08,18.8,100,46800
20231215,15:12:26,18.8,100,47950
20231215,15:12:35,18.85,50,47950
20231215,15:12:52,18.8,50,47950
20231215,15:13:46,19.2,100,47950
20231215,15:14:05,19.5,100,47950
20231215,15:14:14,19.5,50,47950
20231215,15:14:35,19.45,450,47950
20231215,15:15:04,19.65,50,47950
20231215,15:15:23,19.6,50,47950
20231215,15:15:34,19.4,50,50100
20231215,15:15:45,19.6,50,50100
20231215,15:15:56,19.75,500,50100
20231215,15:16:07,20.0,200,50100
20231215,15:16:18,20.25,300,50100
20231215,15:16:30,21.0,1500,50100
20231215,15:16:41,21.15,150,50100
20231215,15:17:02,21.5,350,50100
20231215,15:17:13,21.6,150,50100
20231215,15:17:33,21.95,50,50100
20231215,15:17:43,22.4,700,50100
20231215,15:18:04,22.65,150,50100
20231215,15:18:16,22.65,50,50100
20231215,15:18:26,22.3,250,52100
20231215,15:18:45,22.0,200,52100
20231215,15:19:17,22.35,50,52100
20231215,15:19:35,22.3,1350,52100
20231215,15:19:45,22.95,1100,52100
20231215,15:19:56,22.8,500,52100
20231215,15:20:07,23.0,50,52100
20231215,15:20:19,23.0,1650,52100
20231215,15:20:29,23.1,50,52100
20231215,15:20:39,23.1,100,52100
20231215,15:20:59,22.15,300,52100
20231215,15:21:31,22.0,750,52050
20231215,15:21:44,22.0,2550,52050
20231215,15:21:54,22.0,1950,52050
20231215,15:22:04,22.2,1150,52050
20231215,15:22:14,22.0,50,52050
20231215,15:22:24,22.45,150,52050
20231215,15:22:34,22.3,200,52050
20231215,15:22:44,22.8,2300,52050
20231215,15:22:54,22.2,2150,52050
20231215,15:23:04,22.9,50,52050
20231215,15:23:13,22.9,100,52050
20231215,15:23:31,23.25,250,52050
20231215,15:23:50,23.55,100,52050
20231215,15:23:59,23.55,100,52050
20231215,15:24:08,23.0,350,52050
20231215,15:24:37,23.0,150,53700
20231215,15:24:55,23.05,3700,53700
20231215,15:25:05,23.05,150,53700
20231215,15:25:15,23.0,350,53700
20231215,15:25:34,23.2,50,53700
20231215,15:25:45,23.05,50,53700
20231215,15:25:57,23.0,250,53700
20231215,15:26:07,23.25,350,53700
20231215,15:26:17,23.05,50,53700
20231215,15:26:26,23.0,1200,53700
20231215,15:26:36,23.0,200,53700
20231215,15:26:45,23.0,50,53700
20231215,15:26:55,23.7,900,53700
20231215,15:27:05,23.85,100,53700
20231215,15:27:14,23.85,200,53700
20231215,15:27:24,23.65,50,53700
20231215,15:27:42,23.6,50,53150
20231215,15:27:53,23.65,500,53150
20231215,15:28:03,23.55,150,53150
20231215,15:28:23,23.2,200,53150
20231215,15:28:33,23.05,100,53150
20231215,15:28:52,23.55,250,53150
20231215,15:29:02,23.8,300,53150
20231215,15:29:29,24.95,450,53150
20231215,15:29:39,24.05,250,53150
20231215,15:29:49,24.05,250,53150
20231215,15:29:58,23.9,200,53150
20231218,09:15:11,26.0,1,47400
20231218,09:15:11,20.9,1,47400
20231218,09:15:11,21.9,2550,47400
20231218,09:15:22,21.45,2300,47400
20231218,09:15:40,22.15,50,47400
20231218,09:15:48,22.05,50,47400
20231218,09:16:05,22.0,350,47400
20231218,09:16:14,22.0,3950,47400
20231218,09:16:22,22.1,50,47400
20231218,09:16:31,22.15,100,47400
20231218,09:16:56,22.25,500,47400
20231218,09:17:14,22.25,1800,47400
20231218,09:17:25,22.05,200,47400
20231218,09:17:36,21.5,500,54950
20231218,09:17:47,21.4,250,54950
20231218,09:17:58,21.3,150,54950
20231218,09:18:22,21.1,300,54950
20231218,09:18:32,21.2,50,54950
20231218,09:18:42,21.15,550,54950
20231218,09:18:54,21.0,200,54950
20231218,09:19:06,21.15,1000,54950
20231218,09:19:18,21.0,250,54950
20231218,09:19:30,21.0,50,54950
20231218,09:19:40,20.55,1500,54950
20231218,09:19:50,19.65,2350,54950
20231218,09:20:03,19.5,550,54950
20231218,09:20:14,19.35,250,54950
20231218,09:20:25,18.85,800,54950
20231218,09:20:35,18.3,650,55250
20231218,09:20:46,18.1,600,55250
20231218,09:20:57,17.95,700,55250
20231218,09:21:08,17.6,3000,55250
20231218,09:21:19,17.45,3800,55250
20231218,09:21:29,17.6,1600,55250
20231218,09:21:39,17.5,1050,55250
20231218,09:21:50,17.45,1000,55250
20231218,09:21:59,17.6,50,55250
20231218,09:22:11,17.55,100,55250
20231218,09:22:43,17.95,250,55250
20231218,09:23:02,18.3,300,55250
20231218,09:23:13,18.6,550,55250
20231218,09:23:34,19.05,200,55250
20231218,09:23:44,19.4,200,57700
20231218,09:24:16,20.4,450,57700
20231218,09:24:27,20.85,250,57700
20231218,09:24:38,21.15,200,57700
20231218,09:24:48,21.35,100,57700
20231218,09:25:00,21.2,550,57700
20231218,09:25:11,21.2,350,57700
20231218,09:25:21,21.25,150,57700
20231218,09:25:31,21.45,100,57700
20231218,09:25:42,21.55,150,57700
20231218,09:26:11,22.1,350,57700
20231218,09:26:42,22.4,200,57900
20231218,09:26:52,22.7,200,57900
20231218,09:27:02,23.1,900,57900
20231218,09:27:12,23.1,1100,57900
20231218,09:27:21,22.95,300,57900
20231218,09:27:31,22.95,150,57900
20231218,09:27:41,22.85,1100,57900
20231218,09:28:00,22.8,400,57900
20231218,09:28:10,22.75,100,57900
20231218,09:28:20,22.75,150,57900
20231218,09:28:29,22.5,500,57900
20231218,09:28:38,22.65,50,57900
20231218,09:28:47,22.65,250,57900
20231218,09:28:56,22.6,250,57900
20231218,09:29:05,22.85,50,57900
20231218,09:29:23,23.2,50,57900
20231218,09:29:50,23.85,500,57500
20231218,09:30:08,23.85,100,57500
20231218,09:30:17,23.95,50,57500
20231218,09:30:26,24.3,400,57500
20231218,09:30:55,24.2,250,57500
20231218,09:31:05,23.55,1550,57500
20231218,09:31:16,23.4,200,57500
20231218,09:31:25,23.45,50,57500
20231218,09:31:35,23.05,650,57500
20231218,09:31:45,22.6,100,57500
20231218,09:31:54,22.3,750,57500
20231218,09:32:04,22.3,50,57500
20231218,09:32:23,22.4,900,57500
20231218,09:32:32,22.6,550,57500
20231218,09:32:42,22.45,50,58400
20231218,09:32:50,22.45,500,58400
20231218,09:33:00,22.35,2250,58400
20231218,09:33:09,21.9,800,58400
20231218,09:33:28,22.15,450,58400
20231218,09:33:38,22.3,450,58400
20231218,09:33:47,22.0,50,58400
20231218,09:33:57,21.95,1750,58400
20231218,09:34:36,21.3,50,58400
20231218,09:34:46,21.7,250,58400
20231218,09:35:34,21.45,450,58400
20231218,09:35:44,21.35,700,60650
20231218,09:36:03,21.45,550,60650
20231218,09:36:13,21.5,350,60650
20231218,09:36:33,22.3,450,60650
20231218,09:36:45,22.3,550,60650
20231218,09:36:57,22.45,1250,60650
20231218,09:37:07,22.2,450,60650
20231218,09:37:16,22.55,450,60650
20231218,09:37:26,22.5,450,60650
20231218,09:37:35,22.8,450,60650
20231218,09:37:44,22.35,300,60650
20231218,09:38:14,21.7,650,60650
20231218,09:38:25,21.7,50,60650
20231218,09:38:47,21.5,100,63700
20231218,09:38:58,21.3,50,63700
20231218,09:39:40,21.3,250,63700
20231218,09:39:59,21.6,150,63700
20231218,09:40:09,21.85,50,63700
20231218,09:40:18,21.75,150,63700
20231218,09:40:28,21.8,150,63700
20231218,09:40:47,21.55,1650,63700
20231218,09:41:05,21.9,550,63700
20231218,09:41:34,22.15,100,63700
20231218,09:42:33,21.7,50,65250
20231218,09:42:42,21.65,200,65250
20231218,09:43:09,21.5,200,65250
20231218,09:47:12,22.25,2050,65500
20231218,09:47:21,22.05,50,65500
20231218,09:47:56,22.1,50,65400
20231218,09:48:50,22.1,100,65400
20231218,09:49:17,22.2,650,65400
20231218,09:49:26,22.1,450,65400
20231218,09:49:35,22.2,500,65400
20231218,09:49:44,22.2,450,65400
20231218,09:49:52,22.1,450,65400
20231218,09:50:01,22.1,450,65400
20231218,09:50:09,22.2,900,65400
20231218,09:51:02,22.4,100,62400
20231218,09:51:38,22.55,950,62400
20231218,09:51:47,22.3,450,62400
20231218,09:51:56,22.3,450,62400
20231218,09:52:05,22.3,900,62400
20231218,09:52:14,22.2,450,62400
20231218,09:52:23,22.15,450,62400
20231218,09:52:40,22.25,50,62400
20231218,09:52:49,21.9,300,62400
20231218,09:52:58,21.7,100,62400
20231218,09:53:07,21.7,250,62400
20231218,09:53:16,21.65,100,62400
20231218,09:53:42,21.7,50,62400
20231218,09:53:51,21.4,1450,62700
20231218,09:54:18,21.6,50,62700
20231218,09:54:27,21.7,350,62700
20231218,09:55:48,21.45,50,62700
20231218,09:55:57,21.6,50,62700
20231218,09:56:06,21.65,50,62700
20231218,09:56:33,21.9,350,62700
20231218,09:57:26,21.6,50,61800
20231218,09:57:43,21.5,50,61800
20231218,09:58:27,21.5,150,61800
20231218,09:58:44,21.5,250,61800
20231218,09:58:52,21.5,50,61800
20231218,09:59:25,21.5,100,61800
20231218,09:59:35,21.5,50,61800
20231218,10:00:50,22.0,300,61750
20231218,10:02:11,22.45,200,61750
20231218,10:02:22,22.8,400,61750
20231218,10:02:33,23.0,100,61750
20231218,10:02:44,23.0,550,61950
20231218,10:02:54,23.0,50,61950
20231218,10:03:23,23.25,50,61950
20231218,10:03:33,23.2,100,61950
20231218,10:04:02,22.9,50,61950
20231218,10:04:31,22.95,50,61950
20231218,10:04:41,23.25,650,61950
20231218,10:05:01,23.0,50,61950
20231218,10:05:40,22.95,100,61950
20231218,10:05:50,22.7,50,61400
20231218,10:06:00,22.35,500,61400
20231218,10:06:10,22.6,50,61400
20231218,10:06:20,22.65,50,61400
20231218,10:06:49,22.45,1650,61400
20231218,10:06:59,22.25,50,61400
20231218,10:07:27,22.5,100,61400
20231218,10:07:46,22.65,100,61400
20231218,10:07:56,22.8,50,61400
20231218,10:08:05,22.75,50,61400
20231218,10:08:50,22.8,500,61500
20231218,10:08:58,22.85,50,61500
20231218,10:09:07,22.9,50,61500
20231218,10:09:16,22.75,150,61500
20231218,10:09:25,22.7,50,61500
20231218,10:10:02,23.1,950,61500
20231218,10:10:21,22.85,150,61500
20231218,10:11:08,22.95,100,61500
20231218,10:11:17,22.9,50,61500
20231218,10:11:56,23.25,100,62250
20231218,10:12:16,23.2,50,62250
20231218,10:12:45,23.25,200,62250
20231218,10:16:44,23.6,150,62450
20231218,10:17:14,23.85,100,62450
20231218,10:17:23,23.45,150,62450
20231218,10:17:52,23.25,350,62400
20231218,10:18:02,23.4,100,62400
20231218,10:18:11,23.25,350,62400
20231218,10:18:47,23.1,50,62400
20231218,10:18:56,22.85,50,62400
20231218,10:20:43,22.7,50,62450
20231218,10:21:01,22.9,250,62450
20231218,10:21:10,22.85,50,62450
20231218,10:21:19,22.8,250,62450
20231218,10:23:26,22.95,200,62450
20231218,10:23:35,23.0,50,62450
20231218,10:24:32,23.6,250,62850
20231218,10:25:10,23.55,50,62850
20231218,10:25:40,23.85,250,62850
20231218,10:26:00,23.9,1050,62850
20231218,10:26:18,24.1,350,62850
20231218,10:26:28,24.1,150,62850
20231218,10:26:38,24.0,250,62850
20231218,10:27:33,24.0,100,63700
20231218,10:27:42,24.15,50,63700
20231218,10:28:46,24.3,850,63700
20231218,10:28:57,24.9,300,63700
20231218,10:29:17,25.0,50,63700
20231218,10:29:28,25.45,200,63700
20231218,10:29:38,25.25,150,63700
20231218,10:29:59,25.05,50,63950
20231218,10:30:09,25.2,50,63950
20231218,10:31:37,25.35,200,63950
20231218,10:32:24,25.3,100,63950
20231218,10:32:33,25.35,100,63950
20231218,10:32:42,25.3,100,63950
20231218,10:33:18,25.3,50,64050
20231218,10:34:02,25.0,200,64050
20231218,10:34:11,25.0,50,64050
20231218,10:34:28,25.25,50,64050
20231218,10:35:21,25.0,600,64050
20231218,10:35:49,25.0,450,64050
20231218,10:35:59,24.9,50,64050
20231218,10:36:08,24.7,50,64050
20231218,10:36:19,24.2,150,64050
20231218,10:37:56,23.6,550,64050
20231218,10:38:06,23.65,100,64050
20231218,10:38:17,23.3,400,64050
20231218,10:38:54,23.5,50,63950
20231218,10:39:12,23.55,50,63950
20231218,10:39:40,23.55,50,63950
20231218,10:40:36,23.2,50,63950
20231218,10:46:29,23.3,50,64000
20231218,10:48:06,23.3,100,64000
20231218,10:49:24,23.55,50,64000
20231218,10:49:49,23.5,50,64000
20231218,10:50:50,23.85,500,64000
20231218,10:50:59,23.6,100,64250
20231218,10:51:26,23.5,50,64250
20231218,10:51:43,23.25,1000,64250
20231218,10:51:52,23.55,50,64250
20231218,10:52:45,23.55,100,64250
20231218,10:53:30,24.0,1550,64250
20231218,10:56:08,23.8,1250,64850
20231218,10:56:44,23.8,100,64850
20231218,10:57:18,23.8,100,65450
20231218,10:57:36,23.85,50,65450
20231218,10:58:19,23.75,200,65450
20231218,10:58:53,23.7,150,65450
20231218,10:59:02,23.65,50,65450
20231218,10:59:44,23.15,1550,65450
20231218,11:00:53,23.6,50,64850
20231218,11:01:01,23.75,50,64850
20231218,11:01:10,23.85,400,64850
20231218,11:03:15,23.9,1000,64950
20231218,11:03:56,23.9,50,64950
20231218,11:04:05,23.9,50,64950
20231218,11:05:59,23.9,50,65050
20231218,11:06:07,23.9,50,65050
20231218,11:07:20,23.9,50,65050
20231218,11:08:00,23.9,200,65050
20231218,11:08:07,23.9,50,65050
20231218,11:08:57,24.25,50,65000
20231218,11:09:26,24.4,300,65000
20231218,11:10:32,23.95,50,65000
20231218,11:12:46,24.2,50,65100
20231218,11:15:54,24.5,100,65100
20231218,11:17:10,24.1,100,65100
20231218,11:17:19,24.0,100,65100
20231218,11:17:37,24.0,50,65100
20231218,11:18:53,24.4,250,65050
20231218,11:20:08,24.2,200,65050
20231218,11:20:16,24.2,50,65050
20231218,11:20:24,24.1,250,65050
20231218,11:20:33,24.05,100,65050
20231218,11:20:41,24.0,400,65050
20231218,11:20:49,24.0,150,65050
20231218,11:21:22,23.9,50,65850
20231218,11:22:11,23.75,150,65850
20231218,11:22:28,23.6,50,65850
20231218,11:22:37,23.6,250,65850
20231218,11:23:03,23.7,50,65850
20231218,11:23:20,23.5,200,65850
20231218,11:23:28,23.65,100,65850
20231218,11:24:03,23.45,150,66250
20231218,11:24:12,23.15,800,66250
20231218,11:24:21,23.15,150,66250
20231218,11:24:30,23.15,100,66250
20231218,11:25:03,23.4,100,66250
20231218,11:26:59,23.6,50,66800
20231218,11:27:50,23.65,50,66800
20231218,11:28:15,23.65,50,66800
20231218,11:28:23,23.8,50,66800
20231218,11:30:53,23.75,50,66950
20231218,11:33:13,23.9,50,66950
20231218,11:33:53,23.8,100,66950
20231218,11:36:33,24.3,1000,66950
20231218,11:38:49,24.2,50,66950
20231218,11:40:38,23.95,50,67750
20231218,11:40:55,23.9,250,67750
20231218,11:42:51,23.95,700,67500
20231218,11:43:05,23.95,50,67500
20231218,11:43:20,23.95,250,67500
20231218,11:44:49,23.7,300,67500
20231218,11:44:58,23.7,450,67500
20231218,11:45:06,23.75,200,68800
20231218,11:45:40,23.6,300,68800
20231218,11:46:35,23.6,150,68800
20231218,11:46:44,23.6,250,68800
20231218,11:47:08,23.6,150,68800
20231218,11:47:32,23.45,450,68800
20231218,11:47:39,23.45,400,68800
20231218,11:47:47,23.4,1800,68800
20231218,11:48:35,23.3,50,70250
20231218,11:48:53,23.0,5600,70250
20231218,11:49:04,23.3,400,70250
20231218,11:49:21,23.3,100,70250
20231218,11:49:37,23.5,650,70250
20231218,11:49:45,23.5,100,70250
20231218,11:49:53,23.6,200,70250
20231218,11:50:01,23.65,100,70250
20231218,11:50:09,23.7,50,70250
20231218,11:50:27,23.65,100,70250
20231218,11:51:01,23.5,200,75100
20231218,11:51:18,23.5,500,75100
20231218,11:52:07,23.6,150,75100
20231218,11:52:23,23.6,1300,75100
20231218,11:52:55,23.55,50,75100
20231218,11:53:11,23.6,300,75100
20231218,11:53:43,23.5,50,75100
20231218,11:53:51,23.6,50,75100
20231218,11:53:59,23.6,50,75100
20231218,11:54:38,23.6,100,77400
20231218,11:56:34,23.4,50,77400
20231218,11:57:10,23.25,100,77500
20231218,11:57:35,23.3,250,77500
20231218,11:57:43,23.3,250,77500
20231218,11:58:00,23.3,400,77500
20231218,11:58:08,23.3,50,77500
20231218,11:58:25,23.3,200,77500
20231218,11:59:00,22.85,50,77500
20231218,11:59:17,22.85,50,77500
20231218,11:59:34,22.7,150,77500
20231218,12:00:31,22.55,200,78100
20231218,12:01:17,23.0,150,78100
20231218,12:02:24,22.85,100,78100
20231218,12:04:25,23.1,250,78100
20231218,12:07:20,23.55,50,78100
20231218,12:07:52,23.4,200,78100
20231218,12:08:17,23.0,200,78100
20231218,12:09:24,23.0,100,78150
20231218,12:09:59,22.7,100,78150
20231218,12:10:51,22.7,100,78150
20231218,12:13:52,22.95,100,78100
20231218,12:14:15,23.0,300,78100
20231218,12:15:56,23.4,100,78150
20231218,12:16:20,23.45,350,78150
20231218,12:16:46,23.35,100,78150
20231218,12:19:50,23.05,150,78450
20231218,12:20:07,23.0,300,78450
20231218,12:20:40,23.1,50,78450
20231218,12:20:56,23.1,250,78450
20231218,12:21:35,23.0,300,78500
20231218,12:21:51,23.1,100,78500
20231218,12:22:35,23.05,250,78500
20231218,12:22:44,23.05,250,78500
20231218,12:22:52,23.05,250,78500
20231218,12:23:45,23.15,150,78500
20231218,12:23:53,23.3,100,78500
20231218,12:24:18,23.1,350,79100
20231218,12:26:12,22.95,50,79100
20231218,12:26:59,23.05,100,79150
20231218,12:29:44,22.1,350,79150
20231218,12:29:55,21.85,50,79150
20231218,12:30:54,22.2,100,79150
20231218,12:31:03,22.5,300,79150
20231218,12:31:58,22.55,200,79150
20231218,12:32:07,22.7,1250,79150
20231218,12:32:17,22.7,1250,79150
20231218,12:32:26,22.7,1000,79150
20231218,12:32:44,22.8,650,79150
20231218,12:32:52,22.9,850,79150
20231218,12:33:01,22.85,200,80300
20231218,12:33:35,22.95,1250,80300
20231218,12:33:44,22.95,3800,80300
20231218,12:34:12,22.8,300,80300
20231218,12:34:48,23.05,350,80300
20231218,12:34:56,23.1,400,80300
20231218,12:35:04,23.2,1300,80300
20231218,12:35:12,23.2,800,80300
20231218,12:35:20,23.2,2350,80300
20231218,12:36:11,23.3,200,84950
20231218,12:36:19,23.3,1250,84950
20231218,12:36:27,23.3,900,84950
20231218,12:36:42,23.5,1350,84950
20231218,12:36:50,23.5,800,84950
20231218,12:36:58,23.6,650,84950
20231218,12:37:05,23.6,650,84950
20231218,12:37:13,23.6,900,84950
20231218,12:38:16,23.7,1000,84950
20231218,12:38:24,23.7,200,84950
20231218,12:39:08,23.45,200,90700
20231218,12:40:02,23.35,50,90700
20231218,12:40:50,23.1,250,90700
20231218,12:41:07,23.05,150,90700
20231218,12:42:01,23.35,50,90700
20231218,12:43:18,23.0,50,90800
20231218,12:44:08,23.35,100,90800
20231218,12:44:41,23.65,50,90800
20231218,12:44:57,23.65,100,90800
20231218,12:45:05,23.5,100,90900
20231218,12:45:44,23.7,50,90900
20231218,12:46:09,23.8,300,90900
20231218,12:46:18,23.55,100,90900
20231218,12:46:26,23.5,100,90900
20231218,12:48:35,23.4,50,91100
20231218,12:49:07,23.3,50,91100
20231218,12:51:01,23.1,200,91100
20231218,12:51:26,23.3,100,91100
20231218,12:51:42,23.25,50,91100
20231218,12:52:21,23.2,50,91100
20231218,12:52:38,23.3,250,91100
20231218,12:52:46,23.2,800,91100
20231218,12:53:53,23.25,50,91100
20231218,12:58:14,22.9,50,91400
20231218,12:59:56,22.7,250,91400
20231218,13:01:28,22.7,100,91350
20231218,13:03:36,22.2,250,91250
20231218,13:04:58,22.6,150,91250
20231218,13:05:30,22.4,250,91250
20231218,13:06:27,22.2,450,91150
20231218,13:06:37,22.05,550,91150
20231218,13:06:58,21.85,100,91150
20231218,13:07:48,21.85,50,91150
20231218,13:08:29,21.6,100,91150
20231218,13:08:47,21.6,50,91150
20231218,13:09:54,21.8,250,91600
20231218,13:10:18,21.9,250,91600
20231218,13:11:33,21.55,200,91600
20231218,13:12:57,21.5,150,91050
20231218,13:16:56,21.8,50,91050
20231218,13:19:53,21.8,250,91100
20231218,13:24:12,22.3,100,91350
20231218,13:28:34,22.4,100,91350
20231218,13:28:49,22.4,250,91350
20231218,13:29:11,22.5,150,91350
20231218,13:29:18,22.55,100,91350
20231218,13:29:48,23.1,50,91350
20231218,13:29:58,23.35,100,91350
20231218,13:30:06,23.5,500,91350
20231218,13:30:15,23.35,50,92000
20231218,13:32:22,22.75,150,92000
20231218,13:33:33,22.65,1100,92100
20231218,13:35:06,22.3,700,92100
20231218,13:35:15,22.25,150,92100
20231218,13:35:46,22.05,150,92100
20231218,13:45:05,22.25,50,92650
20231218,13:46:21,22.3,50,92700
20231218,13:50:00,22.1,100,92750
20231218,14:01:06,22.3,1000,92650
20231218,14:02:17,22.75,100,92650
20231218,14:02:33,23.0,250,92650
20231218,14:02:41,23.05,50,92650
20231218,14:02:50,23.25,1000,92650
20231218,14:05:43,23.3,100,92900
20231218,14:07:13,22.9,250,92800
20231218,14:07:59,22.7,100,92800
20231218,14:09:51,22.35,200,93050
20231218,14:09:59,22.6,200,93050
20231218,14:10:38,22.75,50,93050
20231218,14:13:18,22.75,150,93050
20231218,14:14:43,23.3,200,93300
20231218,14:20:33,22.8,200,93100
20231218,14:21:35,22.8,50,93300
20231218,14:22:04,22.8,150,93300
20231218,14:23:23,22.85,150,93300
20231218,14:29:32,23.7,100,93300
20231218,14:29:58,23.8,50,93300
20231218,14:30:41,23.55,50,93350
20231218,14:32:00,23.8,500,93350
20231218,14:32:16,23.9,50,93350
20231218,14:32:33,24.0,150,93350
20231218,14:37:44,24.25,50,93550
20231218,14:40:20,23.65,50,93550
20231218,14:40:57,23.8,150,93550
20231218,14:41:57,23.75,50,93550
20231218,14:43:34,23.3,1900,93550
20231218,14:43:43,22.7,150,93550
20231218,14:44:40,22.5,950,93550
20231218,14:45:19,22.45,250,93550
20231218,14:46:25,22.85,50,94300
20231218,14:46:42,22.8,200,94300
20231218,14:46:51,22.7,700,94300
20231218,14:47:09,22.45,100,94300
20231218,14:47:27,22.35,100,94300
20231218,14:47:37,22.15,100,94300
20231218,14:47:49,22.15,100,94300
20231218,14:49:02,22.15,100,94600
20231218,14:49:11,22.3,150,94600
20231218,14:54:04,22.7,200,94600
20231218,14:54:21,22.7,50,94500
20231218,14:54:56,22.5,50,94500
20231218,14:57:52,22.8,50,94500
20231218,14:58:19,22.7,50,94500
20231218,14:59:08,22.65,200,94500
20231218,14:59:17,22.05,100,94500
20231218,14:59:27,22.0,50,94500
20231218,15:00:02,21.85,100,94500
20231218,15:00:29,22.15,200,94500
20231218,15:00:38,22.25,150,94500
20231218,15:01:52,21.8,300,94500
20231218,15:02:21,21.75,50,94500
20231218,15:02:30,21.7,100,94500
20231218,15:03:27,21.65,50,94450
20231218,15:04:40,21.6,50,94450
20231218,15:04:57,21.55,50,94450
20231218,15:05:05,21.65,50,94450
20231218,15:05:24,21.75,350,94450
20231218,15:05:33,21.6,50,94450
20231218,15:06:51,21.5,1550,94600
20231218,15:07:08,21.5,450,94600
20231218,15:07:59,21.85,5150,94600
20231218,15:08:41,21.85,50,94600
20231218,15:09:18,21.7,50,94600
20231218,15:09:35,21.9,50,98000
20231218,15:10:53,21.85,50,98000
20231218,15:12:39,21.65,100,98000
20231218,15:13:13,21.9,250,98000
20231218,15:16:11,21.65,600,97900
20231218,15:16:40,21.2,150,97900
20231218,15:16:59,21.0,50,97900
20231218,15:17:28,20.75,500,97900
20231218,15:18:06,20.75,500,97900
20231218,15:18:15,20.9,450,97900
20231218,15:19:00,21.0,500,98400
20231218,15:19:09,21.1,700,98400
20231218,15:19:26,21.3,700,98400
20231218,15:19:43,21.3,100,98400
20231218,15:19:51,21.15,50,98400
20231218,15:20:32,21.2,1000,98400
20231218,15:20:41,21.45,100,98400
20231218,15:20:58,21.3,100,98400
20231218,15:21:08,21.45,50,98400
20231218,15:21:26,21.5,100,98400
20231218,15:22:01,21.5,200,99150
20231218,15:22:20,21.45,100,99150
20231218,15:22:29,21.25,50,99150
20231218,15:22:57,21.0,100,99150
20231218,15:23:07,21.0,1450,99150
20231218,15:24:41,20.75,150,98050
20231218,15:24:52,20.9,50,98050
20231218,15:25:10,20.7,450,98050
20231218,15:25:46,20.4,100,98050
20231218,15:26:06,20.15,2750,98050
20231218,15:26:16,20.05,850,98050
20231218,15:26:25,20.05,100,98050
20231218,15:27:04,20.4,200,98050
20231218,15:27:13,20.55,250,98050
20231218,15:27:23,20.55,350,98050
20231218,15:28:10,20.75,550,96700
20231218,15:28:19,20.9,50,96700
20231218,15:28:37,20.85,250,96700
20231218,15:28:56,20.85,100,96700
20231218,15:29:05,20.85,350,96700
20231218,15:29:38,20.5,200,96700
20231218,15:29:50,20.55,100,96700
20231218,15:30:00,20.9,50,96700
20231219,09:16:03,20.95,1,94450
20231219,09:16:03,21.0,1900,94450
20231219,09:16:12,21.55,100,94450
20231219,09:16:21,22.2,350,94450
20231219,09:16:30,21.7,300,94450
20231219,09:16:39,21.55,100,94450
20231219,09:17:06,20.7,150,94450
20231219,09:17:24,20.6,150,94450
20231219,09:17:33,20.6,250,94450
20231219,09:18:10,20.75,250,96600
20231219,09:18:19,20.85,50,96600
20231219,09:18:27,21.0,750,96600
20231219,09:18:36,21.0,500,96600
20231219,09:19:04,20.75,200,96600
20231219,09:19:12,20.9,200,96600
20231219,09:19:30,20.8,250,96600
20231219,09:20:06,20.9,100,96600
20231219,09:21:10,20.65,50,96850
20231219,09:25:30,20.65,150,96800
20231219,09:26:52,20.6,50,96750
20231219,09:27:12,20.5,50,96750
20231219,09:27:42,20.4,200,96750
20231219,09:28:59,19.4,10000,96750
20231219,09:29:09,20.2,400,96750
20231219,09:29:47,20.1,50,96750
20231219,09:30:06,20.2,400,94600
20231219,09:31:14,20.2,1950,94600
20231219,09:31:32,20.25,50,94600
20231219,09:31:58,20.1,150,94600
20231219,09:33:25,20.0,100,92700
20231219,09:33:43,20.15,150,92700
20231219,09:34:09,20.15,50,92700
20231219,09:35:02,19.85,50,92700
20231219,09:35:31,19.8,200,92700
20231219,09:36:00,19.3,150,92700
20231219,09:36:11,19.25,350,92700
20231219,09:36:50,19.15,50,92700
20231219,09:37:07,19.15,500,92700
20231219,09:38:56,19.0,100,93100
20231219,09:39:18,18.5,1500,93100
20231219,09:40:10,18.3,200,93100
20231219,09:40:20,18.25,100,93100
20231219,09:40:30,18.25,50,93100
20231219,09:40:40,18.1,250,93100
20231219,09:41:12,17.35,150,93100
20231219,09:43:13,17.25,2450,92150
20231219,09:43:23,17.45,450,92150
20231219,09:43:34,17.4,750,92150
20231219,09:43:55,17.3,50,92150
20231219,09:44:06,17.4,3750,92150
20231219,09:44:17,17.35,3700,92150
20231219,09:44:36,17.5,600,92150
20231219,09:44:47,17.5,50,92150
20231219,09:45:08,17.25,550,89150
20231219,09:45:20,17.1,1900,89150
20231219,09:45:30,17.2,450,89150
20231219,09:45:41,17.2,250,89150
20231219,09:46:10,17.35,50,89150
20231219,09:46:49,17.35,200,89150
20231219,09:46:59,17.35,300,89150
20231219,09:47:08,17.4,50,89150
20231219,09:47:17,17.3,50,89150
20231219,09:47:27,17.3,400,89150
20231219,09:47:36,17.25,50,89150
20231219,09:48:03,17.4,750,88450
20231219,09:48:13,17.35,100,88450
20231219,09:48:31,17.4,300,88450
20231219,09:48:40,17.3,2950,88450
20231219,09:48:49,17.3,100,88450
20231219,09:48:58,17.4,100,88450
20231219,09:49:07,17.5,500,88450
20231219,09:49:24,17.55,3000,88450
20231219,09:49:33,17.45,250,88450
20231219,09:49:51,17.5,200,88450
20231219,09:50:28,17.6,1450,88450
20231219,09:50:38,17.6,350,88450
20231219,09:50:57,17.6,200,86650
20231219,09:51:25,17.45,50,86650
20231219,09:51:53,17.65,150,86650
20231219,09:52:11,17.65,50,86650
20231219,09:52:21,17.5,50,86650
20231219,09:52:30,17.55,200,86650
20231219,09:52:39,17.5,900,86650
20231219,09:52:48,17.45,200,86650
20231219,09:53:16,17.3,250,86650
20231219,09:53:25,17.25,100,86650
20231219,09:54:12,17.0,600,87400
20231219,09:54:38,17.0,50,87400
20231219,09:56:09,17.0,200,87400
20231219,09:56:18,17.0,400,87400
20231219,09:56:27,17.0,200,87400
20231219,09:58:15,17.4,450,87200
20231219,09:58:31,17.4,100,87200
20231219,09:58:40,17.4,500,87200
20231219,09:58:49,17.4,100,87200
20231219,09:58:57,17.4,500,87200
20231219,09:59:32,17.5,100,87200
20231219,10:00:06,17.4,400,87650
20231219,10:00:24,17.3,150,87650
20231219,10:00:32,17.25,100,87650
20231219,10:00:40,17.4,50,87650
20231219,10:01:06,17.35,100,87650
20231219,10:01:23,17.35,250,87650
20231219,10:01:57,17.45,900,87650
20231219,10:02:13,17.25,150,87650
20231219,10:02:55,17.1,50,88500
20231219,10:03:27,17.1,50,88500
20231219,10:03:44,17.1,250,88500
20231219,10:05:34,16.9,50,88500
20231219,10:06:28,16.9,100,88550
20231219,10:06:37,16.85,1000,88550
20231219,10:06:46,16.8,50,88550
20231219,10:07:15,16.65,100,88550
20231219,10:07:24,16.45,1500,88550
20231219,10:07:33,16.55,150,88550
20231219,10:07:42,16.55,150,88550
20231219,10:07:50,16.4,150,88550
20231219,10:08:00,16.4,500,88550
20231219,10:08:10,16.35,50,88550
20231219,10:08:20,16.3,2150,88550
20231219,10:08:30,16.2,450,88550
20231219,10:08:39,16.05,1050,88550
20231219,10:08:49,16.05,100,88550
20231219,10:08:59,16.0,600,91200
20231219,10:09:28,15.95,100,91200
20231219,10:09:38,15.95,150,91200
20231219,10:10:06,16.0,50,91200
20231219,10:10:59,16.05,50,91200
20231219,10:11:35,16.1,50,91200
20231219,10:12:00,16.0,750,91750
20231219,10:12:27,16.2,50,91750
20231219,10:12:36,16.05,850,91750
20231219,10:12:44,16.3,100,91750
20231219,10:13:02,16.25,100,91750
20231219,10:13:29,16.1,950,91750
20231219,10:13:46,16.15,50,91750
20231219,10:14:02,16.1,450,91750
20231219,10:14:51,16.3,450,90050
20231219,10:15:17,16.5,1000,90050
20231219,10:15:33,16.5,50,90050
20231219,10:15:42,16.5,100,90050
20231219,10:16:00,16.55,1150,90050
20231219,10:16:09,16.5,1550,90050
20231219,10:16:17,16.45,50,90050
20231219,10:16:43,16.4,350,90050
20231219,10:16:52,16.4,50,90050
20231219,10:17:18,16.35,150,90050
20231219,10:17:27,16.4,50,90050
20231219,10:17:35,16.4,50,90050
20231219,10:17:44,16.4,50,90050
20231219,10:17:52,16.45,200,90900
20231219,10:18:01,16.5,400,90900
20231219,10:18:10,16.55,400,90900
20231219,10:18:19,16.5,100,90900
20231219,10:18:29,16.55,800,90900
20231219,10:18:55,16.65,50,90900
20231219,10:19:04,16.7,100,90900
20231219,10:19:14,16.75,50,90900
20231219,10:19:23,16.7,100,90900
20231219,10:19:32,16.7,100,90900
20231219,10:19:41,16.85,50,90900
20231219,10:20:00,16.85,300,90900
20231219,10:20:09,16.9,100,90900
20231219,10:20:28,16.8,500,90900
20231219,10:20:36,16.7,200,90900
20231219,10:21:10,17.0,50,93350
20231219,10:21:46,17.25,100,93350
20231219,10:22:03,17.0,200,93350
20231219,10:22:19,17.1,200,93350
20231219,10:22:53,16.8,500,93350
20231219,10:23:43,16.75,50,93350
20231219,10:23:52,16.7,350,93350
20231219,10:25:41,16.6,100,93150
20231219,10:27:12,16.6,100,93150
20231219,10:29:01,16.7,50,93250
20231219,10:29:09,16.6,100,93250
20231219,10:31:31,16.6,100,93250
20231219,10:31:57,16.55,50,93250
20231219,10:35:25,16.75,150,93350
20231219,10:35:35,16.65,400,93350
20231219,10:36:32,16.6,50,93450
20231219,10:37:28,16.6,100,93450
20231219,10:38:37,16.55,50,93450
20231219,10:38:56,16.5,200,93450
20231219,10:41:26,16.7,50,93200
20231219,10:44:41,17.05,100,93200
20231219,10:47:08,17.05,350,93200
20231219,10:49:47,16.95,50,93200
20231219,10:50:12,16.9,50,93200
20231219,10:51:49,17.0,300,93200
20231219,10:52:06,16.8,200,93200
20231219,10:55:06,16.95,300,93250
20231219,10:57:12,17.0,100,93250
20231219,10:59:22,17.0,150,93250
20231219,10:59:49,17.15,250,93250
20231219,11:02:20,17.45,50,93100
20231219,11:03:37,17.4,100,93100
20231219,11:06:39,17.25,50,93100
20231219,11:09:02,17.5,250,93100
20231219,11:09:11,17.5,100,93100
20231219,11:10:48,17.65,1500,93100
20231219,11:12:58,17.9,50,93850
20231219,11:13:44,18.0,250,93850
20231219,11:14:41,18.25,100,93850
20231219,11:15:25,18.0,250,93950
20231219,11:16:01,18.15,100,93950
20231219,11:16:29,17.85,50,93950
20231219,11:17:05,18.0,50,93950
20231219,11:17:24,17.8,50,93950
20231219,11:18:12,17.75,50,93950
20231219,11:19:06,17.65,100,93950
20231219,11:19:15,17.6,100,93950
20231219,11:19:43,17.55,100,93950
20231219,11:20:02,17.25,50,93950
20231219,11:22:20,17.2,50,93900
20231219,11:23:13,17.15,650,93900
20231219,11:23:57,17.35,100,93900
20231219,11:24:22,17.4,50,94200
20231219,11:24:39,17.5,250,94200
20231219,11:28:32,17.6,250,94400
20231219,11:29:29,17.55,50,94400
20231219,11:29:38,17.75,50,94400
20231219,11:30:12,17.85,50,94350
20231219,11:30:28,17.85,250,94350
20231219,11:30:53,17.85,500,94350
20231219,11:33:59,17.8,150,94350
20231219,11:37:00,17.85,150,94350
20231219,11:37:09,17.9,300,94350
20231219,11:40:17,18.35,100,94350
20231219,11:41:17,18.35,50,94350
20231219,11:41:26,18.5,50,94350
20231219,11:41:44,18.3,200,94350
20231219,11:42:25,19.0,100,94650
20231219,11:43:00,19.2,50,94650
20231219,11:43:23,19.4,50,94650
20231219,11:44:53,19.15,50,94650
20231219,11:45:22,19.35,100,94800
20231219,11:45:33,19.4,100,94800
20231219,11:46:04,19.55,400,94800
20231219,11:46:15,19.55,600,94800
20231219,11:46:56,19.5,50,94800
20231219,11:47:16,19.55,100,94800
20231219,11:47:47,19.8,50,94800
20231219,11:47:57,19.9,50,94800
20231219,11:48:17,19.9,200,95700
20231219,11:48:27,19.9,250,95700
20231219,11:49:49,20.0,100,95700
20231219,11:50:11,20.45,450,95700
20231219,11:50:22,20.7,650,95700
20231219,11:50:56,21.0,300,95700
20231219,11:51:07,21.0,100,95700
20231219,11:51:18,21.1,50,96750
20231219,11:52:42,21.0,250,96750
20231219,11:52:53,20.3,950,96750
20231219,11:53:13,20.1,750,96750
20231219,11:54:11,19.9,300,97450
20231219,11:54:20,19.9,500,97450
20231219,11:54:40,20.35,50,97450
20231219,11:54:49,20.6,150,97450
20231219,11:55:27,20.9,350,97450
20231219,11:56:06,20.9,50,97450
20231219,11:57:31,20.7,100,97650
20231219,11:57:50,20.55,50,97650
20231219,11:58:19,20.25,100,97650
20231219,11:58:37,20.5,50,97650
20231219,11:59:43,20.3,100,97650
20231219,12:01:08,20.5,250,97750
20231219,12:01:29,20.45,100,97750
20231219,12:01:38,20.3,250,97750
20231219,12:01:57,19.9,100,97750
20231219,12:03:11,19.25,100,97800
20231219,12:03:30,19.05,100,97800
20231219,12:04:27,19.2,50,97800
20231219,12:04:36,19.3,300,97800
20231219,12:05:12,19.55,100,97800
20231219,12:05:58,19.6,100,97800
20231219,12:07:01,19.55,150,97800
20231219,12:07:47,19.4,50,97800
20231219,12:08:06,19.6,300,97800
20231219,12:08:15,19.65,2900,97800
20231219,12:08:24,19.65,450,97800
20231219,12:08:34,19.55,200,97800
20231219,12:08:44,19.55,100,97800
20231219,12:08:53,19.75,900,97800
20231219,12:09:02,19.75,100,97800
20231219,12:09:11,19.85,650,97800
20231219,12:09:20,19.75,150,94050
20231219,12:09:29,19.8,50,94050
20231219,12:09:38,19.8,100,94050
20231219,12:09:47,19.95,650,94050
20231219,12:12:13,20.0,50,94050
20231219,12:12:31,20.0,500,93650
20231219,12:13:08,20.0,200,93650
20231219,12:13:18,19.95,1350,93650
20231219,12:13:26,19.9,50,93650
20231219,12:14:19,19.9,500,93650
20231219,12:15:55,20.3,2000,94550
20231219,12:16:04,20.15,2100,94550
20231219,12:16:13,20.1,100,94550
20231219,12:17:15,20.4,50,94550
20231219,12:17:51,20.6,250,94550
20231219,12:18:10,20.8,200,94550
20231219,12:18:20,20.6,150,96750
20231219,12:18:29,20.5,1600,96750
20231219,12:18:38,20.2,1200,96750
20231219,12:20:26,19.85,200,96750
20231219,12:20:43,19.8,600,96750
20231219,12:20:51,19.8,500,96750
20231219,12:22:15,19.95,200,96400
20231219,12:22:41,20.05,50,96400
20231219,12:22:58,20.4,600,96400
20231219,12:23:06,20.55,200,96400
20231219,12:23:23,20.55,400,96400
20231219,12:23:41,20.8,100,96400
20231219,12:23:50,21.1,250,96400
20231219,12:24:00,21.15,450,96400
20231219,12:24:10,21.0,50,95600
20231219,12:24:18,21.2,350,95600
20231219,12:24:27,21.25,400,95600
20231219,12:24:35,21.35,1350,95600
20231219,12:25:11,21.35,100,95600
20231219,12:25:21,21.55,50,95600
20231219,12:25:30,21.5,250,95600
20231219,12:25:40,21.55,150,95600
20231219,12:25:58,21.65,100,95600
20231219,12:26:18,21.45,100,95600
20231219,12:26:28,21.25,100,95600
20231219,12:26:56,21.15,100,95600
20231219,12:27:48,21.0,50,95100
20231219,12:28:23,21.25,100,95100
20231219,12:28:32,21.05,50,95100
20231219,12:29:40,20.9,350,95100
20231219,12:29:49,20.9,50,95100
20231219,12:30:15,20.65,50,95350
20231219,12:30:51,20.8,250,95350
20231219,12:31:27,21.1,250,95350
20231219,12:31:36,21.2,500,95350
20231219,12:32:52,21.2,150,95350
20231219,12:34:27,21.5,150,96100
20231219,12:34:54,21.95,50,96100
20231219,12:35:04,21.75,250,96100
20231219,12:35:43,21.8,50,96100
20231219,12:36:22,21.5,50,95800
20231219,12:36:48,21.6,200,95800
20231219,12:37:05,21.6,50,95800
20231219,12:37:13,21.3,100,95800
20231219,12:38:41,21.85,900,95800
20231219,12:38:50,22.0,200,95800
20231219,12:39:09,21.9,100,95800
20231219,12:39:38,21.75,1600,95950
20231219,12:39:48,21.7,1800,95950
20231219,12:39:58,21.8,200,95950
20231219,12:40:27,22.0,550,95950
20231219,12:40:37,22.0,250,95950
20231219,12:40:58,22.0,100,95950
20231219,12:42:02,21.8,250,95950
20231219,12:43:50,21.75,50,96750
20231219,12:44:07,21.75,100,96750
20231219,12:44:16,21.8,400,96750
20231219,12:44:25,21.8,100,96750
20231219,12:44:33,21.8,100,96750
20231219,12:45:08,21.8,500,96750
20231219,12:45:26,21.8,100,97050
20231219,12:46:02,21.65,2800,97050
20231219,12:47:36,21.3,100,97050
20231219,12:48:03,21.3,50,97050
20231219,12:48:37,21.5,500,97950
20231219,12:49:20,21.3,250,97950
20231219,12:49:54,21.4,100,97950
20231219,12:52:10,21.25,250,98050
20231219,12:52:28,21.4,800,98050
20231219,12:53:31,21.3,250,98050
20231219,12:53:47,21.35,50,98050
20231219,12:55:13,20.95,100,98650
20231219,12:55:38,21.0,50,98650
20231219,12:56:06,21.15,200,98650
20231219,12:56:42,21.4,650,98650
20231219,12:56:51,21.4,300,98650
20231219,12:57:00,21.4,300,98650
20231219,12:57:18,21.4,250,100100
20231219,12:57:27,21.4,100,100100
20231219,12:58:03,21.8,1200,100100
20231219,12:58:21,21.8,600,100100
20231219,12:59:28,21.8,350,100100
20231219,12:59:38,21.8,450,100100
20231219,12:59:57,21.8,50,100100
20231219,13:00:07,21.7,600,100100
20231219,13:02:03,21.35,250,101900
20231219,13:02:30,21.3,1000,101900
20231219,13:03:32,21.2,250,102900
20231219,13:05:26,20.55,350,102900
20231219,13:05:36,20.45,1800,102900
20231219,13:05:45,20.3,100,102900
20231219,13:06:05,20.4,50,102900
20231219,13:07:15,20.8,50,103750
20231219,13:08:29,20.7,250,103750
20231219,13:08:37,20.5,50,103750
20231219,13:08:47,20.55,150,103750
20231219,13:09:05,20.45,150,103750
20231219,13:11:25,20.9,50,103950
20231219,13:12:24,21.0,50,103950
20231219,13:14:23,20.75,500,103950
20231219,13:14:39,20.8,550,103950
20231219,13:14:47,20.75,200,103950
20231219,13:17:46,20.9,100,103400
20231219,13:19:22,20.95,50,103450
20231219,13:19:58,20.9,50,103450
20231219,13:22:46,20.4,500,103450
20231219,13:22:56,20.3,100,103450
20231219,13:23:33,20.4,250,103450
20231219,13:24:41,20.4,450,103750
20231219,13:26:35,20.35,100,103750
20231219,13:26:52,20.4,250,103750
20231219,13:27:09,20.4,350,103750
20231219,13:28:17,20.85,50,103750
20231219,13:29:22,20.9,250,103750
20231219,13:33:26,20.95,100,103750
20231219,13:33:59,21.05,1400,103750
20231219,13:34:07,21.0,50,103750
20231219,13:34:50,21.0,50,103750
20231219,13:36:34,21.0,1750,104650
20231219,13:37:23,21.2,100,104650
20231219,13:37:31,21.15,100,104650
20231219,13:37:38,21.05,1000,104650
20231219,13:37:46,21.0,250,104650
20231219,13:38:42,20.95,200,104650
20231219,13:38:50,21.1,1100,104650
20231219,13:39:05,21.0,100,104650
20231219,13:39:28,20.95,50,104950
20231219,13:39:51,21.0,50,104950
20231219,13:40:06,21.05,100,104950
20231219,13:40:58,21.05,50,104950
20231219,13:41:15,21.25,150,104950
20231219,13:41:43,21.2,400,104950
20231219,13:43:20,21.25,750,105400
20231219,13:43:57,21.5,50,105400
20231219,13:44:59,21.5,50,105400
20231219,13:46:37,21.2,50,106200
20231219,13:46:54,21.1,250,106200
20231219,13:47:03,21.1,250,106200
20231219,13:47:38,21.05,250,106200
20231219,13:47:47,21.0,450,106200
20231219,13:48:29,21.15,50,106050
20231219,13:49:00,21.15,200,106050
20231219,13:49:42,21.15,50,106050
20231219,13:49:50,21.0,50,106050
20231219,13:50:39,20.95,100,106050
20231219,13:50:55,21.15,250,106050
20231219,13:51:03,21.3,50,106050
20231219,13:51:12,21.4,150,106050
20231219,13:51:22,21.55,150,106050
20231219,13:51:32,21.5,250,106600
20231219,13:51:52,21.5,50,106600
20231219,13:53:09,21.3,50,106600
20231219,13:54:10,21.15,50,106600
20231219,13:56:05,21.2,1000,106650
20231219,13:56:58,21.35,50,106650
20231219,13:57:56,21.8,11450,107650
20231219,13:58:06,21.75,100,107650
20231219,13:58:15,21.8,250,107650
20231219,13:58:24,21.8,1550,107650
20231219,13:58:35,21.75,250,107650
20231219,13:58:44,21.75,250,107650
20231219,13:58:53,21.7,550,107650
20231219,13:59:02,21.8,350,107650
20231219,13:59:29,21.8,800,107650
20231219,13:59:37,21.8,150,107650
20231219,13:59:45,21.8,150,107650
20231219,13:59:54,21.8,100,107650
20231219,14:00:11,21.6,50,107650
20231219,14:00:35,21.6,350,114700
20231219,14:01:34,21.95,50,114700
20231219,14:01:58,21.8,100,114700
20231219,14:02:05,21.95,50,114700
20231219,14:02:30,21.85,50,114700
20231219,14:03:21,21.8,200,114700
20231219,14:03:30,21.8,200,115100
20231219,14:06:07,22.0,200,115100
20231219,14:06:19,22.1,800,115100
20231219,14:06:29,22.1,850,114800
20231219,14:07:26,22.25,50,114800
20231219,14:07:35,22.25,100,114800
20231219,14:07:44,22.2,350,114800
20231219,14:07:52,22.25,200,114800
20231219,14:08:09,22.2,250,114800
20231219,14:08:17,22.25,100,114800
20231219,14:08:51,22.2,50,114800
20231219,14:09:37,22.35,50,115150
20231219,14:09:56,22.45,300,115150
20231219,14:11:29,22.65,50,115150
20231219,14:11:55,22.7,200,115150
20231219,14:12:13,22.85,100,115150
20231219,14:12:22,22.9,900,115150
20231219,14:12:32,23.0,400,115550
20231219,14:12:43,23.0,50,115550
20231219,14:12:53,23.0,250,115550
20231219,14:13:13,23.0,50,115550
20231219,14:13:58,22.9,150,115550
20231219,14:14:08,22.9,250,115550
20231219,14:14:35,22.8,50,115550
20231219,14:15:19,22.8,100,115550
20231219,14:16:01,22.5,350,115650
20231219,14:16:11,22.2,300,115650
20231219,14:16:39,22.35,250,115650
20231219,14:16:49,22.35,50,115650
20231219,14:16:58,22.35,50,115650
20231219,14:17:26,22.4,50,115650
20231219,14:17:54,22.5,150,115650
20231219,14:18:03,22.6,50,115650
20231219,14:18:12,22.65,100,115650
20231219,14:19:26,22.45,400,116150
20231219,14:19:53,22.7,150,116150
20231219,14:20:45,22.8,50,116150
20231219,14:21:55,22.8,100,116000
20231219,14:22:03,22.85,50,116000
20231219,14:24:27,22.55,550,116000
20231219,14:25:04,22.55,100,116100
20231219,14:25:22,22.7,250,116100
20231219,14:26:57,22.9,50,116100
20231219,14:27:23,23.0,250,116100
20231219,14:27:49,23.0,50,115950
20231219,14:27:58,23.0,750,115950
20231219,14:28:07,23.0,250,115950
20231219,14:28:34,22.95,1250,115950
20231219,14:29:01,23.0,1750,115950
20231219,14:29:52,23.0,500,115950
20231219,14:30:18,23.0,1700,115950
20231219,14:30:28,23.0,850,115550
20231219,14:30:54,23.0,4600,115550
20231219,14:31:04,23.0,500,115550
20231219,14:31:13,22.95,250,115550
20231219,14:31:43,23.3,100,115550
20231219,14:32:03,23.35,50,115550
20231219,14:34:25,23.5,400,115150
20231219,14:34:34,23.5,300,115150
20231219,14:35:04,23.5,300,115150
20231219,14:35:14,23.4,250,115150
20231219,14:35:33,23.5,550,115150
20231219,14:35:52,23.9,150,115150
20231219,14:36:02,23.95,50,115150
20231219,14:36:12,24.05,250,115150
20231219,14:36:23,24.05,350,115150
20231219,14:37:02,23.8,50,115000
20231219,14:37:11,23.9,150,115000
20231219,14:37:30,23.7,250,115000
20231219,14:37:57,23.7,250,115000
20231219,14:38:16,23.85,100,115000
20231219,14:38:25,23.9,700,115000
20231219,14:38:43,23.65,100,115000
20231219,14:39:11,23.65,150,115000
20231219,14:39:55,23.7,200,114900
20231219,14:40:31,23.65,200,114900
20231219,14:40:39,23.6,250,114900
20231219,14:41:14,23.65,200,114900
20231219,14:42:42,23.5,100,114400
20231219,14:42:53,23.35,100,114400
20231219,14:43:11,23.3,150,114400
20231219,14:43:37,23.5,50,114400
20231219,14:44:13,23.25,50,114400
20231219,14:44:22,23.1,250,114400
20231219,14:44:31,23.2,50,114400
20231219,14:44:51,23.2,150,114400
20231219,14:45:09,23.4,50,114400
20231219,14:45:50,23.4,150,114400
20231219,14:45:59,23.45,400,114400
20231219,14:46:18,22.65,850,114400
20231219,14:46:28,22.5,1900,114400
20231219,14:46:57,22.7,50,114400
20231219,14:47:16,22.65,150,114400
20231219,14:47:25,22.6,450,114400
20231219,14:48:02,22.25,100,114400
20231219,14:48:12,22.25,100,114400
20231219,14:48:21,22.3,250,114400
20231219,14:48:31,22.3,50,114800
20231219,14:48:57,22.15,50,114800
20231219,14:49:06,22.25,50,114800
20231219,14:49:45,21.8,150,114800
20231219,14:49:56,20.95,2050,114800
20231219,14:50:05,21.55,550,114800
20231219,14:51:11,21.85,300,114800
20231219,14:52:24,21.2,200,114450
20231219,14:52:34,21.4,50,114450
20231219,14:52:43,21.4,300,114450
20231219,14:53:54,21.05,150,114450
20231219,14:54:13,20.95,1550,114450
20231219,14:54:25,20.75,200,114450
20231219,14:54:35,20.65,50,112850
20231219,14:55:32,21.25,350,112850
20231219,14:56:39,20.9,200,112850
20231219,14:57:27,20.9,50,112850
20231219,14:58:21,20.05,100,113000
20231219,14:58:32,19.65,2550,113000
20231219,14:58:43,19.65,50,113000
20231219,14:58:54,19.25,100,113000
20231219,14:59:14,19.0,600,113000
20231219,14:59:25,18.95,250,113000
20231219,14:59:46,18.95,250,113000
20231219,14:59:57,18.55,400,113000
20231219,15:00:08,18.75,50,113000
20231219,15:00:31,18.8,150,113000
20231219,15:00:42,18.5,100,113350
20231219,15:01:03,18.5,1000,113350
20231219,15:01:13,18.7,100,113350
20231219,15:01:23,18.65,200,113350
20231219,15:01:34,18.85,200,113350
20231219,15:01:44,19.1,150,113350
20231219,15:02:04,19.15,500,113350
20231219,15:02:15,19.15,2000,113350
20231219,15:02:35,19.9,200,113350
20231219,15:02:56,20.1,50,113350
20231219,15:03:07,20.05,150,113350
20231219,15:03:17,19.95,50,113350
20231219,15:03:27,19.8,150,113350
20231219,15:03:37,19.9,100,116950
20231219,15:03:56,19.65,200,116950
20231219,15:04:16,19.95,300,116950
20231219,15:04:35,19.75,50,116950
20231219,15:04:56,19.6,50,116950
20231219,15:05:56,19.7,50,116950
20231219,15:06:26,19.85,50,116950
20231219,15:06:36,20.0,50,117100
20231219,15:06:45,19.95,100,117100
20231219,15:07:14,20.05,50,117100
20231219,15:08:03,20.4,100,117100
20231219,15:08:14,20.85,150,117100
20231219,15:08:24,20.65,50,117100
20231219,15:09:51,20.7,500,117050
20231219,15:10:19,20.65,150,117050
20231219,15:10:28,20.6,250,117050
20231219,15:10:38,20.25,1300,117050
20231219,15:10:48,20.05,1600,117050
20231219,15:10:57,20.25,1100,117050
20231219,15:11:07,20.2,150,117050
20231219,15:11:17,20.15,100,117050
20231219,15:11:45,20.35,50,117050
20231219,15:12:12,20.5,700,117050
20231219,15:12:31,20.25,50,117050
20231219,15:13:17,20.5,50,120500
20231219,15:13:26,20.55,50,120500
20231219,15:13:54,19.95,150,120500
20231219,15:14:04,20.05,50,120500
20231219,15:14:14,20.0,250,120500
20231219,15:14:23,20.05,1150,120500
20231219,15:14:33,20.05,400,120500
20231219,15:14:52,20.05,50,120500
20231219,15:15:10,20.1,450,120500
20231219,15:15:20,20.05,100,120500
20231219,15:15:29,20.15,50,120500
20231219,15:15:38,20.25,50,120500
20231219,15:15:56,20.2,250,120900
20231219,15:16:32,20.05,100,120900
20231219,15:17:24,20.0,50,120900
20231219,15:17:43,20.05,550,120900
20231219,15:17:52,20.0,250,120900
20231219,15:18:12,19.75,100,120900
20231219,15:18:31,19.6,100,120900
20231219,15:18:41,19.65,600,120900
20231219,15:18:50,19.6,500,120900
20231219,15:18:59,19.65,100,120900
20231219,15:19:09,19.6,400,120900
20231219,15:19:18,19.7,1050,120900
20231219,15:19:44,19.65,50,120900
20231219,15:19:53,19.7,50,120900
20231219,15:20:02,19.7,100,120900
20231219,15:20:14,19.7,350,120900
20231219,15:20:25,19.65,50,120900
20231219,15:20:45,19.5,350,120900
20231219,15:20:54,19.4,50,120900
20231219,15:21:04,19.45,150,120900
20231219,15:21:13,19.4,250,120900
20231219,15:21:32,19.45,50,120900
20231219,15:21:59,19.3,300,118700
20231219,15:22:08,19.3,100,118700
20231219,15:22:35,19.4,150,118700
20231219,15:22:53,19.5,250,118700
20231219,15:23:02,19.5,250,118700
20231219,15:23:20,19.4,50,118700
20231219,15:23:30,19.4,100,118700
20231219,15:23:58,19.6,100,118700
20231219,15:24:07,19.45,50,118700
20231219,15:24:27,19.45,300,118700
20231219,15:24:46,19.5,100,118700
20231219,15:25:05,19.45,250,118700
20231219,15:25:24,19.5,250,118700
20231219,15:25:33,19.5,250,118700
20231219,15:25:42,19.5,650,118700
20231219,15:25:51,19.5,50,118700
20231219,15:26:01,19.6,100,118700
20231219,15:26:19,19.7,1000,118700
20231219,15:26:28,19.7,550,118700
20231219,15:26:37,19.95,200,118700
20231219,15:26:46,20.0,150,118700
20231219,15:26:54,20.45,200,118700
20231219,15:27:21,20.3,700,118700
20231219,15:27:30,20.4,950,118700
20231219,15:27:42,20.75,150,117000
20231219,15:27:53,20.8,150,117000
20231219,15:28:03,20.8,100,117000
20231219,15:28:12,20.5,100,117000
20231219,15:28:22,20.65,350,117000
20231219,15:28:32,20.2,50,117000
20231219,15:28:41,20.35,50,117000
20231219,15:29:19,20.35,50,117000
20231220,09:15:57,23.6,1,116600
20231220,09:15:57,23.6,50,116600
20231220,09:16:04,23.5,100,116600
20231220,09:16:19,23.75,50,116600
20231220,09:16:26,25.0,2300,116600
20231220,09:16:26,23.1,2300,116600
20231220,09:16:33,23.95,50,116600
20231220,09:16:39,23.95,50,116600
20231220,09:16:46,23.65,100,116600
20231220,09:17:07,24.0,250,116600
20231220,09:17:21,24.0,100,116600
20231220,09:17:41,23.9,300,116900
20231220,09:17:54,23.35,1400,116900
20231220,09:18:00,23.45,150,116900
20231220,09:18:07,23.45,50,116900
20231220,09:18:20,23.1,200,116900
20231220,09:18:26,23.25,100,116900
20231220,09:18:39,23.25,800,116900
20231220,09:18:52,23.5,250,116900
20231220,09:18:58,23.5,50,116900
20231220,09:19:05,23.3,300,116900
20231220,09:19:24,23.5,1000,116900
20231220,09:19:30,23.3,250,116900
20231220,09:19:43,23.5,550,116900
20231220,09:19:54,23.5,500,116900
20231220,09:20:07,23.3,50,116900
20231220,09:20:32,23.3,100,116900
20231220,09:20:33,23.2,300,116900
20231220,09:20:34,23.15,200,116900
20231220,09:20:38,23.05,100,116900
20231220,09:20:39,23.0,50,116900
20231220,09:20:43,22.7,100,119700
20231220,09:20:46,22.35,1000,119700
20231220,09:20:48,22.35,50,119700
20231220,09:20:49,22.35,50,119700
20231220,09:20:52,22.5,350,119700
20231220,09:20:54,22.5,250,119700
20231220,09:21:04,22.65,100,119700
20231220,09:21:13,22.6,50,119700
20231220,09:21:19,22.55,50,119700
20231220,09:21:29,22.9,100,119700
20231220,09:21:30,22.85,50,119700
20231220,09:21:39,23.0,250,119700
20231220,09:21:44,22.95,100,119700
20231220,09:22:14,23.0,250,119700
20231220,09:22:17,23.0,250,119700
20231220,09:22:22,23.0,600,119700
20231220,09:22:23,23.0,450,119700
20231220,09:22:36,23.5,50,119700
20231220,09:22:51,23.95,100,119700
20231220,09:22:54,23.8,700,119700
20231220,09:23:41,23.8,50,121700
20231220,09:23:43,23.8,1500,121700
20231220,09:23:48,23.8,700,121700
20231220,09:23:58,23.9,100,121700
20231220,09:24:09,24.0,100,121700
20231220,09:24:12,23.9,100,121700
20231220,09:24:15,23.9,50,121700
20231220,09:24:31,23.8,50,121700
20231220,09:24:44,23.8,450,121700
20231220,09:24:45,23.8,450,121700
20231220,09:24:53,23.85,800,121700
20231220,09:24:55,23.7,50,121700
20231220,09:25:02,23.65,100,121700
20231220,09:25:05,23.45,150,121700
20231220,09:25:06,23.45,50,121700
20231220,09:25:27,23.55,350,121700
20231220,09:25:35,23.65,100,121700
20231220,09:25:37,23.65,350,121700
20231220,09:25:55,23.65,50,121700
20231220,09:25:56,23.7,50,121700
20231220,09:26:00,23.7,50,121700
20231220,09:26:04,23.65,50,121700
20231220,09:26:07,23.55,50,121700
20231220,09:26:43,23.3,50,120100
20231220,09:26:51,23.3,50,120100
20231220,09:27:04,23.5,400,120100
20231220,09:27:34,23.75,300,120100
20231220,09:27:36,23.7,100,120100
20231220,09:27:47,23.5,50,120100
20231220,09:28:13,23.55,100,120100
20231220,09:28:14,23.5,300,120100
20231220,09:28:22,23.4,100,120100
20231220,09:28:24,23.35,100,120100
20231220,09:28:30,23.6,50,120100
20231220,09:28:31,23.5,100,120100
20231220,09:28:35,23.55,50,120100
20231220,09:28:38,23.6,150,120100
20231220,09:28:57,23.5,250,120100
20231220,09:29:05,23.65,350,120100
20231220,09:29:14,23.55,100,120100
20231220,09:29:22,23.5,300,120100
20231220,09:29:31,23.45,600,120100
20231220,09:29:39,23.4,150,120100
20231220,09:29:56,23.25,50,122150
20231220,09:30:05,23.4,350,122150
20231220,09:30:22,23.2,50,122150
20231220,09:30:55,23.25,100,122150
20231220,09:31:03,23.35,300,122150
20231220,09:31:35,23.3,50,122150
20231220,09:31:53,23.5,550,122150
20231220,09:31:59,23.5,350,122150
20231220,09:32:00,23.5,650,122150
20231220,09:32:01,23.5,900,122150
20231220,09:32:02,23.5,850,122150
20231220,09:32:12,23.55,200,122150
20231220,09:32:17,23.7,50,122150
20231220,09:32:19,23.7,1700,122150
20231220,09:32:20,23.7,100,122150
20231220,09:32:23,23.6,50,122150
20231220,09:32:26,23.7,50,122150
20231220,09:32:29,23.7,300,122150
20231220,09:32:51,23.7,750,126600
20231220,09:33:07,23.75,50,126600
20231220,09:33:12,23.6,550,126600
20231220,09:33:22,23.95,1000,126600
20231220,09:33:47,24.0,550,126600
20231220,09:33:56,24.0,100,126600
20231220,09:34:05,24.35,150,126600
20231220,09:34:14,24.25,200,126600
20231220,09:34:40,24.2,100,126600
20231220,09:34:52,24.1,100,126600
20231220,09:35:15,24.2,50,126600
20231220,09:35:29,24.2,50,126600
20231220,09:35:52,24.25,350,126400
20231220,09:36:01,24.25,1550,126400
20231220,09:36:17,24.35,150,126400
20231220,09:36:51,24.8,1000,126400
20231220,09:37:08,24.9,50,126400
20231220,09:37:17,24.85,100,126400
20231220,09:37:26,24.75,150,126400
20231220,09:37:35,24.7,250,126400
20231220,09:37:43,24.6,1700,126400
20231220,09:37:51,24.6,1300,126400
20231220,09:37:59,24.6,1400,126400
20231220,09:38:08,24.85,50,126400
20231220,09:38:16,24.8,200,126400
20231220,09:38:25,24.75,100,126400
20231220,09:38:42,24.75,50,126400
20231220,09:38:59,24.6,100,129000
20231220,09:39:25,24.9,50,129000
20231220,09:39:44,24.85,550,129000
20231220,09:39:53,24.9,250,129000
20231220,09:40:11,24.85,200,129000
20231220,09:40:20,24.75,150,129000
20231220,09:40:28,24.8,200,129000
20231220,09:40:37,24.8,1100,129000
20231220,09:40:48,24.9,500,129000
20231220,09:40:50,24.8,50,129000
20231220,09:41:00,24.5,150,129000
20231220,09:41:01,24.3,200,129000
20231220,09:41:07,23.95,250,129000
20231220,09:41:08,24.0,1750,129000
20231220,09:41:10,24.0,1100,129000
20231220,09:41:27,24.1,700,129000
20231220,09:41:28,24.1,50,129000
20231220,09:41:36,24.4,500,129000
20231220,09:41:41,24.5,50,129000
20231220,09:41:55,24.45,1050,129650
20231220,09:42:41,24.2,500,129650
20231220,09:42:48,24.45,500,129650
20231220,09:42:57,24.45,50,129650
20231220,09:43:21,24.15,100,129650
20231220,09:43:38,24.0,100,129650
20231220,09:43:47,23.85,150,129650
20231220,09:43:55,24.0,750,129650
20231220,09:44:11,24.05,100,129650
20231220,09:44:35,24.15,100,129650
20231220,09:44:50,24.35,100,129650
20231220,09:44:59,24.2,750,129650
20231220,09:45:56,24.15,100,129650
20231220,09:46:05,24.3,900,129650
20231220,09:46:13,24.1,50,129650
20231220,09:46:47,24.3,250,129650
20231220,09:47:04,24.4,1800,129650
20231220,09:47:44,24.2,50,129650
20231220,09:47:59,24.2,100,132150
20231220,09:48:08,24.1,50,132150
20231220,09:48:34,24.0,50,132150
20231220,09:48:50,24.0,150,132150
20231220,09:48:58,24.1,100,132150
20231220,09:49:07,24.1,250,132150
20231220,09:49:23,24.25,850,132150
20231220,09:49:31,24.15,100,132150
20231220,09:49:39,24.15,100,132150
20231220,09:49:55,24.15,50,132150
20231220,09:50:03,24.15,50,132150
20231220,09:50:11,24.1,50,132150
20231220,09:50:35,24.0,250,132150
20231220,09:50:43,24.1,650,132150
20231220,09:50:44,24.15,100,132150
20231220,09:50:51,24.0,100,133250
20231220,09:50:53,24.0,100,133250
20231220,09:50:54,24.0,100,133250
20231220,09:50:55,24.0,100,133250
20231220,09:50:57,24.0,350,133250
20231220,09:51:03,24.15,250,133250
20231220,09:51:05,23.9,50,133250
20231220,09:51:17,24.05,100,133250
20231220,09:51:18,24.0,50,133250
20231220,09:51:27,24.0,100,133250
20231220,09:51:28,24.0,50,133250
20231220,09:51:33,24.0,50,133250
20231220,09:51:35,23.9,500,133250
20231220,09:52:10,23.75,200,133250
20231220,09:52:19,23.75,100,133250
20231220,09:53:09,23.95,100,133250
20231220,09:53:18,23.95,100,133250
20231220,09:53:34,24.0,50,133250
20231220,09:54:23,23.7,50,134500
20231220,09:54:55,23.55,50,134500
20231220,09:55:20,23.4,250,134500
20231220,09:55:29,23.55,200,134500
20231220,09:55:46,23.6,150,134500
20231220,09:56:03,23.35,150,134500
20231220,09:56:19,23.3,100,134500
20231220,09:56:35,23.5,50,134500
20231220,09:56:52,23.4,100,134500
20231220,09:57:00,23.4,50,134500
20231220,09:57:08,23.5,250,134500
20231220,09:57:16,23.35,300,134500
20231220,09:57:41,23.75,50,134500
20231220,09:58:05,23.85,150,134500
20231220,09:58:14,23.85,100,134500
20231220,09:58:31,23.8,200,134500
20231220,09:59:51,23.65,200,134500
20231220,09:59:58,23.6,500,134750
20231220,10:00:06,23.65,300,134750
20231220,10:00:22,23.7,250,134750
20231220,10:00:38,23.5,150,134750
20231220,10:00:55,23.35,100,134750
20231220,10:01:04,23.3,50,134750
20231220,10:01:43,23.45,50,134750
20231220,10:02:00,23.35,100,134750
20231220,10:02:08,23.25,350,134750
20231220,10:02:25,23.1,200,134750
20231220,10:02:44,23.0,12100,134750
20231220,10:03:24,22.55,150,138000
20231220,10:03:41,22.4,50,138000
20231220,10:04:19,22.8,250,138000
20231220,10:04:29,22.8,50,138000
20231220,10:04:35,22.7,50,138000
20231220,10:04:36,22.65,50,138000
20231220,10:04:41,22.65,100,138000
20231220,10:04:57,22.65,50,138000
20231220,10:05:13,22.8,500,138000
20231220,10:05:22,22.85,1800,138000
20231220,10:05:31,22.85,100,138000
20231220,10:05:55,22.9,50,135650
20231220,10:06:04,22.9,100,135650
20231220,10:06:11,23.05,100,135650
20231220,10:06:28,22.85,350,135650
20231220,10:06:53,22.85,350,135650
20231220,10:07:36,22.3,100,135650
20231220,10:07:55,21.65,700,135650
20231220,10:08:06,21.95,400,135650
20231220,10:08:24,22.0,50,135650
20231220,10:08:41,22.05,50,135650
20231220,10:09:07,22.0,100,136000
20231220,10:09:16,22.1,100,136000
20231220,10:09:32,22.1,200,136000
20231220,10:09:48,22.2,350,136000
20231220,10:10:30,22.2,100,136000
20231220,10:10:46,22.35,200,136000
20231220,10:10:54,22.45,100,136000
20231220,10:11:03,22.45,100,136000
20231220,10:11:12,22.5,50,136000
20231220,10:11:20,22.55,100,136000
20231220,10:11:28,22.8,50,136000
20231220,10:11:45,22.65,50,136000
20231220,10:11:54,22.55,300,135350
20231220,10:12:02,22.5,250,135350
20231220,10:12:37,22.4,50,135350
20231220,10:12:45,22.4,100,135350
20231220,10:12:53,22.2,100,135350
20231220,10:13:01,22.3,50,135350
20231220,10:13:09,22.4,50,135350
20231220,10:13:17,22.25,100,135350
20231220,10:13:34,22.5,100,135350
20231220,10:14:15,22.6,100,135350
20231220,10:14:23,22.7,450,135350
20231220,10:14:31,22.75,150,135350
20231220,10:14:47,22.8,100,135350
20231220,10:15:13,23.05,100,135400
20231220,10:15:22,23.1,100,135400
20231220,10:15:40,23.25,300,135400
20231220,10:15:48,23.3,100,135400
20231220,10:15:56,23.4,200,135400
20231220,10:16:05,23.4,600,135400
20231220,10:16:30,23.45,100,135400
20231220,10:16:39,23.4,200,135400
20231220,10:16:48,23.4,1150,135400
20231220,10:16:56,23.2,100,135400
20231220,10:17:22,23.3,100,135400
20231220,10:17:31,23.35,100,135400
20231220,10:18:13,23.55,500,136300
20231220,10:18:21,23.55,250,136300
20231220,10:18:30,23.5,800,136300
20231220,10:19:37,23.6,150,136300
20231220,10:20:35,23.5,1250,136300
20231220,10:21:07,23.55,200,136050
20231220,10:21:15,23.7,1950,136050
20231220,10:21:37,23.6,100,136050
20231220,10:22:07,23.55,500,136050
20231220,10:22:15,23.55,100,136050
20231220,10:22:38,23.5,100,136050
20231220,10:24:07,23.3,50,136450
20231220,10:24:47,23.5,200,136450
20231220,10:24:55,23.5,300,136450
20231220,10:25:03,23.65,1350,136450
20231220,10:25:12,23.55,300,136450
20231220,10:25:23,23.45,1800,136450
20231220,10:26:06,23.5,50,136450
20231220,10:26:31,23.6,250,136450
20231220,10:26:39,23.55,50,136450
20231220,10:26:46,23.65,50,136450
20231220,10:26:54,23.7,50,138500
20231220,10:27:10,23.65,50,138500
20231220,10:29:17,23.4,350,138500
20231220,10:29:34,23.3,200,138500
20231220,10:30:43,23.45,100,138500
20231220,10:31:17,23.4,100,138550
20231220,10:31:33,23.55,50,138550
20231220,10:33:18,23.55,50,138450
20231220,10:34:14,23.45,300,138450
20231220,10:34:22,23.35,50,138450
20231220,10:34:47,23.15,150,138450
20231220,10:34:55,23.2,100,138450
20231220,10:36:40,23.35,400,138450
20231220,10:37:02,23.15,100,138450
20231220,10:37:18,23.05,50,138450
20231220,10:38:13,23.25,2100,138450
20231220,10:41:17,23.3,3600,138450
20231220,10:41:34,23.95,200,138450
20231220,10:42:09,23.9,250,142150
20231220,10:42:18,23.7,250,142150
20231220,10:42:43,23.6,150,142150
20231220,10:42:51,23.5,50,142150
20231220,10:42:59,23.45,100,142150
20231220,10:43:48,23.55,100,142150
20231220,10:43:56,23.5,100,142150
20231220,10:44:05,23.55,150,142150
20231220,10:44:39,23.4,250,142150
20231220,10:44:55,23.4,650,142000
20231220,10:45:04,23.3,50,142000
20231220,10:45:12,23.4,150,142000
20231220,10:45:21,23.25,150,142000
20231220,10:45:47,23.25,100,142000
20231220,10:45:56,23.4,150,142000
20231220,10:46:04,23.25,100,142000
20231220,10:46:12,23.35,50,142000
20231220,10:46:20,23.4,100,142000
20231220,10:46:29,23.15,300,142000
20231220,10:46:37,23.15,50,142000
20231220,10:46:47,23.15,100,142000
20231220,10:46:54,23.2,50,142000
20231220,10:46:57,23.3,300,142000
20231220,10:47:06,23.3,100,142000
20231220,10:47:07,23.25,250,142000
20231220,10:47:13,23.25,100,142000
20231220,10:47:17,23.1,400,142000
20231220,10:47:20,23.05,550,142000
20231220,10:47:22,22.9,100,142000
20231220,10:47:31,23.0,100,142000
20231220,10:47:35,22.9,200,142000
20231220,10:47:48,22.95,100,142000
20231220,10:47:50,23.0,500,142000
20231220,10:47:54,22.95,50,142200
20231220,10:48:15,23.0,50,142200
20231220,10:48:17,23.0,50,142200
20231220,10:48:18,22.95,400,142200
20231220,10:48:20,22.95,100,142200
20231220,10:48:21,22.9,100,142200
20231220,10:48:33,22.9,100,142200
20231220,10:48:44,22.85,100,142200
20231220,10:48:53,22.75,100,142200
20231220,10:49:02,22.7,100,142200
20231220,10:49:44,22.6,250,142200
20231220,10:49:52,22.7,1000,142200
20231220,10:50:19,22.65,100,142200
20231220,10:50:29,22.6,50,142200
20231220,10:50:38,22.6,100,142200
20231220,10:51:02,22.45,50,143000
20231220,10:51:27,22.35,250,143000
20231220,10:52:07,22.3,400,143000
20231220,10:52:15,22.25,1100,143000
20231220,10:52:23,22.2,850,143000
20231220,10:52:30,22.2,150,143000
20231220,10:52:38,22.05,100,143000
20231220,10:52:45,22.2,700,143000
20231220,10:52:53,22.25,200,143000
20231220,10:53:00,22.25,100,143000
20231220,10:53:08,22.25,200,143000
20231220,10:53:23,22.15,250,143000
20231220,10:53:52,22.25,100,143000
20231220,10:55:29,22.25,200,142150
20231220,10:55:37,22.25,50,142150
20231220,10:55:45,22.2,750,142150
20231220,10:56:32,22.3,250,142150
20231220,10:56:56,22.5,250,142150
20231220,10:57:04,22.5,250,141400
20231220,10:57:20,22.65,350,141400
20231220,10:57:27,22.6,50,141400
20231220,10:57:34,22.55,900,141400
20231220,10:57:42,22.65,450,141400
20231220,10:57:57,22.8,50,141400
20231220,10:59:27,22.8,1100,141400
20231220,10:59:49,22.8,250,141400
20231220,11:02:03,22.95,500,142000
20231220,11:02:11,22.95,100,142000
20231220,11:02:26,22.95,50,142000
20231220,11:02:33,23.05,100,142000
20231220,11:02:47,23.05,50,142000
20231220,11:02:54,23.0,150,142000
20231220,11:03:27,23.05,50,142550
20231220,11:03:48,22.9,50,142550
20231220,11:04:40,22.95,100,142550
20231220,11:05:20,22.95,100,142550
20231220,11:06:40,22.95,50,142600
20231220,11:08:09,23.05,100,142600
20231220,11:08:59,22.95,50,142600
20231220,11:09:43,22.8,50,142600
20231220,11:11:03,22.9,200,142600
20231220,11:14:38,22.85,300,142600
20231220,11:14:49,22.65,250,142600
20231220,11:15:00,22.65,650,142800
20231220,11:15:28,22.7,50,142800
20231220,11:15:37,22.5,650,142800
20231220,11:16:02,22.75,250,142800
20231220,11:16:09,22.8,50,142800
20231220,11:17:37,23.15,50,142800
20231220,11:19:05,22.75,250,142800
20231220,11:19:14,22.7,300,142800
20231220,11:19:56,22.5,100,142800
20231220,11:20:05,22.7,250,142800
20231220,11:20:13,22.7,100,142800
20231220,11:20:30,22.7,50,142800
20231220,11:21:11,22.8,1800,142400
20231220,11:21:51,22.85,50,142400
20231220,11:22:28,22.8,550,142400
20231220,11:22:36,22.5,200,142400
20231220,11:23:59,22.55,50,142400
20231220,11:24:07,22.5,100,143450
20231220,11:24:15,22.4,50,143450
20231220,11:26:35,22.9,50,143450
20231220,11:27:04,22.95,150,143300
20231220,11:27:12,23.0,50,143300
20231220,11:27:19,23.05,50,143300
20231220,11:27:34,23.1,50,143300
20231220,11:28:04,23.15,150,143300
20231220,11:28:35,23.0,50,143300
20231220,11:28:50,23.05,600,143300
20231220,11:30:20,22.45,150,142550
20231220,11:32:48,22.3,50,142550
20231220,11:32:57,22.2,50,142550
20231220,11:33:23,21.9,300,142700
20231220,11:33:32,21.8,2150,142700
20231220,11:33:42,21.75,400,142700
20231220,11:33:51,21.75,100,142700
20231220,11:34:00,21.75,150,142700
20231220,11:35:07,21.75,200,142700
20231220,11:35:16,21.65,900,142700
20231220,11:35:25,21.45,1000,142700
20231220,11:35:34,21.4,650,142700
20231220,11:38:04,21.4,550,142400
20231220,11:38:13,22.25,50,142400
20231220,11:38:22,21.8,300,142400
20231220,11:38:47,22.05,1550,142400
20231220,11:38:57,22.0,100,142400
20231220,11:39:57,22.05,100,143300
20231220,11:40:05,22.15,100,143300
20231220,11:40:14,22.25,100,143300
20231220,11:40:57,21.65,50,143300
20231220,11:42:02,21.4,850,143250
20231220,11:42:57,21.65,900,143250
20231220,11:43:24,21.25,450,143250
20231220,11:44:09,21.0,350,143250
20231220,11:44:18,20.9,500,143250
20231220,11:44:55,20.9,550,143250
20231220,11:45:04,20.9,250,142700
20231220,11:45:13,20.9,100,142700
20231220,11:45:22,21.1,100,142700
20231220,11:48:20,21.0,150,142950
20231220,11:49:02,20.55,50,142950
20231220,11:49:19,20.5,50,142950
20231220,11:50:29,20.5,950,142950
20231220,11:51:04,20.6,350,143350
20231220,11:51:14,20.6,300,143350
20231220,11:51:34,21.05,600,143350
20231220,11:51:43,20.95,200,143350
20231220,11:52:10,21.1,100,143350
20231220,11:52:37,20.7,550,143350
20231220,11:52:48,20.7,100,143350
20231220,11:52:58,20.6,1200,143350
20231220,11:53:09,20.65,50,143350
20231220,11:53:18,20.75,50,143350
20231220,11:53:37,20.8,300,143350
20231220,11:53:57,20.5,250,143350
20231220,11:54:07,20.6,250,143350
20231220,11:54:34,20.8,50,142450
20231220,11:55:10,20.8,400,142450
20231220,11:55:19,20.9,200,142450
20231220,11:55:28,20.85,250,142450
20231220,11:55:36,21.0,1300,142450
20231220,11:55:53,21.1,350,142450
20231220,11:56:01,21.05,250,142450
20231220,11:56:10,21.25,50,142450
20231220,11:56:19,21.45,1750,142450
20231220,11:56:28,21.5,650,142450
20231220,11:56:45,21.8,200,142450
20231220,11:57:19,21.65,250,137900
20231220,11:57:45,21.75,100,137900
20231220,11:59:38,21.75,200,137900
20231220,12:00:22,21.7,100,137900
20231220,12:00:47,21.7,100,137900
20231220,12:01:27,21.55,50,137900
20231220,12:01:44,21.5,50,137900
20231220,12:01:53,21.55,50,137900
20231220,12:02:01,21.65,350,137900
20231220,12:02:19,21.95,1650,137900
20231220,12:02:29,22.15,550,137900
20231220,12:02:38,22.0,500,137900
20231220,12:02:55,22.2,50,137900
20231220,12:03:12,22.25,100,137850
20231220,12:03:37,22.25,50,137850
20231220,12:04:11,22.1,250,137850
20231220,12:04:20,22.15,50,137850
20231220,12:04:28,22.35,50,137850
20231220,12:05:10,22.5,150,137850
20231220,12:05:37,22.75,150,137850
20231220,12:06:35,22.35,200,138000
20231220,12:06:52,22.55,400,138000
20231220,12:07:00,22.7,400,138000
20231220,12:07:08,22.7,250,138000
20231220,12:07:49,22.55,100,138000
20231220,12:07:57,22.55,400,138000
20231220,12:08:13,22.45,50,138000
20231220,12:08:47,22.6,150,138000
20231220,12:08:55,22.55,50,138000
20231220,12:10:27,22.25,150,136400
20231220,12:10:46,22.5,250,136400
20231220,12:11:12,22.2,50,136400
20231220,12:11:39,22.1,450,136400
20231220,12:11:48,22.15,400,136400
20231220,12:11:56,22.3,5200,136400
20231220,12:12:05,22.35,2400,136400
20231220,12:12:21,22.05,100,129700
20231220,12:12:29,22.15,50,129700
20231220,12:13:01,21.95,100,129700
20231220,12:13:34,21.9,250,129700
20231220,12:15:12,22.1,150,129800
20231220,12:16:01,21.9,150,129800
20231220,12:16:18,21.8,100,129800
20231220,12:16:27,21.7,50,129800
20231220,12:16:45,21.55,100,129800
20231220,12:16:54,21.55,100,129800
20231220,12:17:37,21.65,250,129800
20231220,12:17:53,21.7,200,129800
20231220,12:18:02,21.55,150,129800
20231220,12:18:20,21.5,600,129950
20231220,12:19:03,21.5,50,129950
20231220,12:19:11,21.75,300,129950
20231220,12:19:19,21.65,200,129950
20231220,12:19:36,21.6,200,129950
20231220,12:19:45,21.5,100,129950
20231220,12:20:56,21.5,1800,129950
20231220,12:21:05,21.5,100,129950
20231220,12:21:48,21.15,1900,131450
20231220,12:22:50,21.35,100,131450
20231220,12:24:43,21.8,50,129850
20231220,12:25:24,22.15,1500,129850
20231220,12:25:56,22.3,1100,129850
20231220,12:26:44,22.3,250,129850
20231220,12:26:52,22.3,250,129850
20231220,12:29:18,21.85,50,129700
20231220,12:29:34,21.95,500,129700
20231220,12:30:58,21.4,300,129650
20231220,12:31:24,21.2,200,129650
20231220,12:33:14,21.2,250,129300
20231220,12:36:21,21.5,200,129550
20231220,12:36:37,21.6,300,129550
20231220,12:37:01,21.5,200,129550
20231220,12:37:16,21.35,50,129550
20231220,12:38:42,21.5,50,129550
20231220,12:39:36,21.55,50,129250
20231220,12:41:09,21.5,100,129250
20231220,12:41:50,21.8,200,129250
20231220,12:41:59,21.65,100,129250
20231220,12:42:31,21.85,50,129350
20231220,12:43:19,21.7,100,129350
20231220,12:43:52,21.8,200,129350
20231220,12:45:13,21.8,1800,129350
20231220,12:45:29,21.6,1000,129200
20231220,12:46:18,22.0,2500,129200
20231220,12:46:50,22.2,50,129200
20231220,12:47:46,22.05,200,129200
20231220,12:48:03,22.25,1250,129200
20231220,12:48:11,22.05,50,133300
20231220,12:48:19,22.0,850,133300
20231220,12:48:27,22.05,400,133300
20231220,12:48:36,22.1,650,133300
20231220,12:49:00,22.25,750,133300
20231220,12:49:47,22.3,200,133300
20231220,12:49:57,22.35,50,133300
20231220,12:50:06,22.75,100,133300
20231220,12:50:41,22.5,700,133300
20231220,12:51:49,22.5,500,132750
20231220,12:51:57,22.5,500,132750
20231220,12:52:06,22.4,50,132750
20231220,12:52:22,22.55,200,132750
20231220,12:52:38,22.5,150,132750
20231220,12:53:54,22.5,200,132750
20231220,12:55:30,22.65,50,133400
20231220,12:56:31,22.65,100,133400
20231220,12:57:26,22.5,50,133500
20231220,12:58:07,22.05,50,133500
20231220,12:58:15,21.9,300,133500
20231220,13:01:05,21.5,50,133300
20231220,13:01:31,21.25,450,133300
20231220,13:01:39,21.25,200,133300
20231220,13:03:11,21.3,50,133300
20231220,13:03:44,21.45,400,133300
20231220,13:03:52,21.4,50,133300
20231220,13:05:37,21.5,100,133300
20231220,13:06:24,21.5,50,133050
20231220,13:06:40,21.4,50,133050
20231220,13:07:26,21.5,50,133050
20231220,13:07:49,21.3,100,133050
20231220,13:09:13,21.0,1050,132800
20231220,13:10:11,20.55,150,132800
20231220,13:10:29,20.5,50,132800
20231220,13:10:38,20.7,100,132800
20231220,13:11:15,20.2,650,132800
20231220,13:11:55,20.2,300,132800
20231220,13:12:23,20.9,450,132250
20231220,13:12:33,21.0,450,132250
20231220,13:13:28,20.45,300,132250
20231220,13:13:38,20.4,650,132250
20231220,13:13:48,20.35,350,132250
20231220,13:13:57,20.15,500,132250
20231220,13:14:08,20.0,3500,132250
20231220,13:14:26,20.6,500,132250
20231220,13:15:12,20.3,350,132250
20231220,13:15:58,20.45,100,130350
20231220,13:16:25,20.6,1150,130350
20231220,13:16:44,20.6,100,130350
20231220,13:16:53,20.75,50,130350
20231220,13:17:13,20.65,700,130350
20231220,13:17:22,20.8,100,130350
20231220,13:17:31,20.65,150,130350
20231220,13:18:00,20.5,250,130350
20231220,13:19:07,20.35,50,129350
20231220,13:19:27,20.05,50,129350
20231220,13:19:38,20.15,1100,129350
20231220,13:19:49,20.1,150,129350
20231220,13:20:21,20.05,200,129350
20231220,13:20:39,20.1,50,129350
20231220,13:21:46,20.7,50,129700
20231220,13:21:56,21.0,200,129700
20231220,13:22:25,20.6,250,129700
20231220,13:22:34,20.7,50,129700
20231220,13:23:48,20.7,150,129700
20231220,13:24:07,20.4,100,129700
20231220,13:24:28,20.35,100,129550
20231220,13:24:39,20.4,250,129550
20231220,13:24:49,20.3,250,129550
20231220,13:24:59,20.2,550,129550
20231220,13:25:10,20.25,150,129550
20231220,13:26:00,20.05,450,129550
20231220,13:26:10,20.1,200,129550
20231220,13:26:20,20.05,4900,129550
20231220,13:26:31,20.1,900,129550
20231220,13:26:41,20.05,650,129550
20231220,13:26:51,20.1,100,129550
20231220,13:27:01,20.0,900,129550
20231220,13:27:11,19.95,150,129550
20231220,13:27:22,19.75,600,132050
20231220,13:27:32,19.6,250,132050
20231220,13:27:43,19.5,200,132050
20231220,13:28:05,19.5,1350,132050
20231220,13:28:16,19.5,1250,132050
20231220,13:28:27,19.25,200,132050
20231220,13:28:38,19.0,50,132050
20231220,13:28:49,18.25,300,132050
20231220,13:28:58,18.25,1700,132050
20231220,13:29:18,19.15,300,132050
20231220,13:29:27,19.45,150,132050
20231220,13:30:06,19.45,200,132050
20231220,13:30:15,19.4,200,132050
20231220,13:30:25,19.85,800,131150
20231220,13:30:36,19.7,50,131150
20231220,13:30:57,19.85,200,131150
20231220,13:31:06,19.9,850,131150
20231220,13:31:50,19.15,200,131150
20231220,13:32:00,19.35,350,131150
20231220,13:32:10,19.45,50,131150
20231220,13:33:08,18.7,50,131150
20231220,13:33:27,18.8,700,131150
20231220,13:33:36,18.85,50,131150
20231220,13:34:19,18.85,50,131150
20231220,13:34:38,19.0,500,131150
20231220,13:34:49,19.45,1000,131150
20231220,13:35:17,19.2,150,131150
20231220,13:35:46,19.35,100,131150
20231220,13:35:56,19.35,50,131150
20231220,13:36:15,19.25,100,131150
20231220,13:37:04,18.8,800,131450
20231220,13:37:14,19.15,200,131450
20231220,13:37:23,19.05,200,131450
20231220,13:37:41,19.65,250,131450
20231220,13:37:50,19.25,200,131450
20231220,13:38:37,20.1,50,131450
20231220,13:38:46,20.35,550,131450
20231220,13:38:55,20.5,150,131450
20231220,13:39:04,20.8,650,131450
20231220,13:39:22,20.6,1200,131450
20231220,13:39:32,20.8,50,132000
20231220,13:40:05,20.35,100,132000
20231220,13:40:15,20.95,50,132000
20231220,13:40:53,20.35,1250,132000
20231220,13:41:03,20.05,400,132000
20231220,13:41:12,20.05,650,132000
20231220,13:41:41,20.5,750,132000
20231220,13:42:29,21.0,500,131100
20231220,13:43:26,20.75,100,131100
20231220,13:43:35,21.0,100,131100
20231220,13:44:01,20.95,50,131100
20231220,13:44:11,21.0,250,131100
20231220,13:44:20,21.0,100,131100
20231220,13:46:01,20.95,50,130250
20231220,13:46:38,20.35,150,130250
20231220,13:47:31,20.0,250,130250
20231220,13:47:40,19.45,50,130250
20231220,13:47:49,19.55,250,130250
20231220,13:47:58,19.4,50,130250
20231220,13:48:16,19.4,50,130250
20231220,13:48:25,19.45,550,130450
20231220,13:48:33,19.6,1450,130450
20231220,13:48:51,19.05,500,130450
20231220,13:49:34,19.1,400,130450
20231220,13:49:42,19.1,150,130450
20231220,13:49:50,19.1,50,130450
20231220,13:50:24,19.1,1000,130450
20231220,13:51:04,18.8,150,130450
20231220,13:51:14,18.8,100,130450
20231220,13:51:33,18.55,200,131500
20231220,13:51:43,18.8,1500,131500
20231220,13:51:52,18.8,50,131500
20231220,13:52:01,18.8,150,131500
20231220,13:52:10,18.75,500,131500
20231220,13:52:37,18.85,50,131500
20231220,13:52:46,19.0,50,131500
20231220,13:53:03,19.2,50,131500
20231220,13:53:12,19.3,50,131500
20231220,13:54:04,19.15,850,131500
20231220,13:54:36,19.4,100,131400
20231220,13:54:45,19.5,50,131400
