date,time,tick_price,volume,open_interest
20240110,10:54:05,3.05,2500,2500
20240110,10:57:38,3.05,1800,2500
20240110,11:02:56,3.05,450,2500
20240110,14:52:51,3.0,100,2950
20240110,14:53:15,2.85,100,2950
20240110,14:53:25,2.85,100,2950
20240110,15:00:31,2.05,100,3050
20240110,15:03:23,2.05,50,3050
20240110,15:04:16,2.05,150,3150
20240110,15:28:19,2.05,50,3150
20240110,15:28:33,2.05,50,3150
20240110,15:28:40,2.05,750,3150
20240111,09:15:19,2.0,1,3350
20240111,09:15:19,2.0,250,3350
20240111,09:19:37,1.95,300,3450
20240111,09:20:48,1.7,300,3450
20240111,09:20:56,1.7,200,3450
20240111,09:21:04,1.85,100,3450
20240111,09:21:11,1.7,50,3450
20240111,09:21:35,1.95,500,3450
20240111,09:21:42,1.95,500,3450
20240111,09:21:57,1.9,1150,3450
20240111,09:26:33,1.9,300,4950
20240111,09:31:37,1.95,100,4950
20240111,09:31:52,1.85,500,4950
20240111,09:32:00,1.85,550,4950
20240111,09:38:32,1.65,100,5150
20240111,09:39:08,1.65,300,5150
20240111,09:39:15,1.75,150,5150
20240111,09:41:44,1.75,50,5150
20240111,09:42:25,1.75,250,5150
20240111,09:52:02,1.75,250,5400
20240111,09:56:06,1.9,900,5450
20240111,09:57:42,1.8,500,5450
20240111,10:00:17,1.85,500,5450
20240111,10:10:54,1.85,50,5450
20240111,10:11:08,1.85,50,5450
20240111,10:11:16,1.85,100,5450
20240111,10:11:23,1.9,50,5450
20240111,10:11:38,1.85,100,5650
20240111,10:11:53,1.9,50,5650
20240111,10:12:01,1.9,50,5650
20240111,10:12:16,1.9,50,5650
20240111,10:12:30,1.9,100,5650
20240111,10:12:52,1.9,50,5650
20240111,10:12:59,1.9,50,5650
20240111,10:13:06,1.9,50,5650
20240111,10:13:14,1.9,150,5650
20240111,10:13:42,1.8,1050,5650
20240111,10:15:19,1.85,50,6400
20240111,10:17:55,1.7,450,6450
20240111,10:26:27,1.65,400,6550
20240111,10:29:24,1.65,50,6900
20240111,10:34:43,1.65,300,6900
20240111,10:35:02,1.65,50,6900
20240111,10:35:09,1.7,100,6900
20240111,10:35:23,1.65,50,6900
20240111,10:35:30,1.7,100,6900
20240111,10:35:49,1.7,100,6700
20240111,10:36:02,1.7,100,6700
20240111,10:36:21,1.7,300,6700
20240111,10:38:30,1.7,100,6700
20240111,10:41:46,1.75,50,6550
20240111,10:51:11,1.7,50,6600
20240111,10:53:08,1.8,600,6600
20240111,10:53:14,1.75,100,6600
20240111,10:54:56,1.7,250,6200
20240111,10:55:05,1.7,1000,6200
20240111,10:56:24,1.8,600,6200
20240111,10:56:38,1.85,50,6200
20240111,10:56:58,1.75,50,7800
20240111,10:59:20,1.7,100,7800
20240111,11:03:21,1.75,50,7800
20240111,11:17:07,1.7,100,7800
20240111,11:17:29,1.7,100,7800
20240111,11:19:51,1.7,100,7800
20240111,11:28:33,1.8,1000,7800
20240111,11:33:46,1.75,250,8600
20240111,11:37:09,1.75,200,8600
20240111,11:42:35,1.75,750,8600
20240111,12:10:16,1.7,1000,7850
20240111,12:20:52,1.8,600,7850
20240111,12:21:07,1.8,150,7850
20240111,12:29:47,1.7,250,7850
20240111,12:38:51,1.7,200,7850
20240111,12:39:29,1.7,300,7850
20240111,12:54:24,1.75,50,7850
20240111,12:54:37,1.8,50,7850
20240111,12:54:55,1.75,50,7850
20240111,12:57:42,1.8,300,7950
20240111,13:01:07,1.7,50,8100
20240111,13:13:51,1.7,50,8150
20240111,13:14:03,1.75,400,8150
20240111,13:14:18,1.75,50,8150
20240111,13:16:37,1.8,50,8400
20240111,13:19:38,1.75,100,8350
20240111,13:20:13,1.75,400,8350
20240111,13:23:09,1.7,100,8600
20240111,13:23:31,1.7,50,8600
20240111,13:24:09,1.7,250,8600
20240111,13:24:34,1.7,850,8600
20240111,13:30:15,1.65,1800,8600
20240111,13:30:42,1.65,1800,8600
20240111,13:30:50,1.65,300,8600
20240111,13:31:02,1.65,1800,8600
20240111,13:31:18,1.65,1800,8600
20240111,13:31:44,1.65,1800,8600
20240111,13:31:51,1.65,1000,8600
20240111,13:38:02,1.65,1000,18900
20240111,13:40:39,1.65,100,19900
20240111,13:42:09,1.7,250,20000
20240111,13:47:50,1.7,1650,20000
20240111,13:48:55,1.7,1000,21250
20240111,13:52:40,1.7,250,22250
20240111,13:52:46,1.7,50,22250
20240111,14:00:31,1.7,250,22550
20240111,14:01:25,1.7,950,22550
20240111,14:01:47,1.7,50,22550
20240111,14:10:06,1.7,300,23550
20240111,14:11:57,1.75,300,23550
20240111,14:13:58,1.75,300,23850
20240111,14:14:06,1.75,250,23850
20240111,14:14:15,1.75,650,23850
20240111,14:15:07,1.8,50,23850
20240111,14:15:15,1.75,250,23900
20240111,14:15:56,1.75,700,23900
20240111,14:17:24,1.7,250,23900
20240111,14:20:52,1.75,300,24300
20240111,14:21:52,1.65,9100,24600
20240111,14:22:36,1.7,5600,24600
20240111,14:22:44,1.65,950,24600
20240111,14:23:44,1.65,600,24600
20240111,14:24:02,1.65,600,24600
20240111,14:24:43,1.65,250,37150
20240111,14:26:20,1.75,1350,37150
20240111,14:26:35,1.65,3600,37150
20240111,14:28:08,1.65,1700,41000
20240111,14:28:17,1.65,300,41000
20240111,14:28:26,1.6,2050,41000
20240111,14:29:01,1.6,3550,41000
20240111,14:29:19,1.75,100,41000
20240111,14:29:26,1.75,100,41000
20240111,14:29:33,1.75,50,41000
20240111,14:30:11,1.7,50,41000
20240111,14:33:30,1.75,150,42100
20240111,14:34:29,1.65,2000,42100
20240111,14:36:43,1.6,150,43050
20240111,14:36:52,1.6,250,43050
20240111,14:38:52,1.6,50,43050
20240111,14:39:13,1.6,800,43050
20240111,14:41:02,1.6,1200,43750
20240111,14:41:16,1.7,19350,43750
20240111,14:41:23,1.75,2200,43750
20240111,14:41:56,1.65,2150,43750
20240111,14:42:10,1.6,1400,43750
20240111,14:46:50,1.6,150,42050
20240111,14:46:57,1.55,1200,42050
20240111,14:47:03,1.55,700,42050
20240111,14:49:07,1.55,50,42250
20240111,14:49:16,1.65,150,42250
20240111,14:49:23,1.65,150,42250
20240111,14:49:30,1.65,300,42250
20240111,14:49:37,1.6,50,42250
20240111,14:49:51,1.65,50,42250
20240111,14:49:59,1.65,50,42250
20240111,14:50:06,1.65,50,42250
20240111,14:50:13,1.65,150,42250
20240111,14:50:20,1.65,50,42250
20240111,14:50:27,1.65,50,42250
20240111,14:50:34,1.65,2400,42250
20240111,14:50:40,1.7,400,42250
20240111,14:50:47,1.65,450,42250
20240111,14:50:54,1.7,50,42250
20240111,14:51:00,1.7,200,42250
20240111,14:51:07,1.65,700,42250
20240111,14:51:14,1.65,400,42250
20240111,14:51:22,1.65,1000,43850
20240111,14:51:31,1.65,750,43850
20240111,14:51:48,1.65,150,43850
20240111,14:51:55,1.65,100,43850
20240111,14:52:02,1.65,150,43850
20240111,14:52:10,1.65,100,43850
20240111,14:52:24,1.65,100,43850
20240111,14:52:31,1.65,100,43850
20240111,14:52:39,1.65,250,43850
20240111,14:52:47,1.65,50,43850
20240111,14:54:37,1.6,50,44450
20240111,14:55:19,1.65,150,44450
20240111,14:55:24,1.65,100,44450
20240111,14:55:50,1.65,100,44450
20240111,14:56:22,1.6,300,44450
20240111,14:56:29,1.6,1350,44450
20240111,14:56:43,1.65,2000,44450
20240111,14:58:25,1.6,850,45400
20240111,14:59:11,1.6,1200,45400
20240111,14:59:20,1.6,3800,45400
20240111,14:59:29,1.65,1400,45400
20240111,15:00:52,1.65,250,48150
20240111,15:01:01,1.6,2000,48150
20240111,15:01:17,1.6,1900,48150
20240111,15:01:26,1.55,500,48150
20240111,15:01:40,1.6,50,48150
20240111,15:03:09,1.6,250,48150
20240111,15:03:15,1.6,650,48150
20240111,15:03:34,1.6,250,49650
20240111,15:03:52,1.6,250,49650
20240111,15:04:13,1.6,250,49650
20240111,15:04:20,1.6,3000,49650
20240111,15:04:27,1.6,400,49650
20240111,15:05:52,1.6,2150,49650
20240111,15:05:58,1.6,100,49650
20240111,15:10:00,1.5,5600,50150
20240111,15:10:13,1.5,5200,50150
20240111,15:10:44,1.5,50,50150
20240111,15:11:10,1.45,3600,50150
20240111,15:11:16,1.45,250,50150
20240111,15:11:51,1.4,3050,50150
20240111,15:12:02,1.4,400,50150
20240111,15:12:08,1.35,14100,50150
20240111,15:12:13,1.45,400,50150
20240111,15:12:18,1.35,1150,50150
20240111,15:12:24,1.45,1200,57600
20240111,15:12:29,1.45,200,57600
20240111,15:13:01,1.45,300,57600
20240111,15:13:07,1.45,450,57600
20240111,15:13:12,1.4,200,57600
20240111,15:14:01,1.4,400,57600
20240111,15:14:06,1.4,400,57600
20240111,15:14:12,1.45,350,57600
20240111,15:15:04,1.4,1450,57600
20240111,15:15:31,1.45,2000,54350
20240111,15:17:26,1.45,1800,54350
20240111,15:17:31,1.45,1800,54350
20240111,15:18:54,1.45,300,52350
20240111,15:19:00,1.45,450,52350
20240111,15:19:07,1.45,100,52350
20240111,15:19:13,1.45,250,52350
20240111,15:19:29,1.4,5000,52350
20240111,15:20:46,1.4,4750,52350
20240111,15:20:52,1.35,6200,52350
20240111,15:21:16,1.4,2800,52350
20240111,15:21:27,1.4,250,63750
20240111,15:22:39,1.45,200,63750
20240111,15:23:02,1.4,2050,63750
20240111,15:23:47,1.4,1050,63750
20240111,15:23:52,1.4,2300,63750
20240111,15:24:08,1.3,1500,63750
20240111,15:26:15,1.3,200,65650
20240111,15:26:21,1.35,1500,65650
20240111,15:26:42,1.35,100,65650
20240111,15:26:47,1.3,500,65650
20240111,15:26:58,1.35,250,65650
20240111,15:27:31,1.3,500,66850
20240111,15:27:36,1.35,200,66850
20240111,15:28:10,1.25,2600,66850
20240111,15:28:17,1.3,550,66850
20240111,15:28:30,1.35,850,66850
20240111,15:29:02,1.35,150,66850
20240111,15:29:17,1.35,800,66850
20240111,15:29:38,1.3,50,66850
20240111,15:29:46,1.35,50,66850
20240111,15:30:01,1.45,1150,66850
20240112,09:15:05,1.45,1,66950
20240112,09:15:05,1.55,700,66950
20240112,09:15:06,1.5,3600,66950
20240112,09:15:08,1.4,5150,66950
20240112,09:15:10,1.35,3500,66950
20240112,09:15:11,1.45,2450,66950
20240112,09:15:12,1.45,400,66950
20240112,09:15:14,1.4,1400,66950
20240112,09:15:21,1.4,300,66950
20240112,09:15:21,1.4,150,66950
20240112,09:15:25,1.3,2850,66950
20240112,09:15:29,1.35,150,66950
20240112,09:15:31,1.35,50,66950
20240112,09:15:36,1.35,150,66950
20240112,09:15:37,1.35,300,66950
20240112,09:15:41,1.35,150,66950
20240112,09:16:00,1.3,500,66950
20240112,09:16:02,1.3,1500,66950
20240112,09:16:09,1.3,700,66950
20240112,09:16:27,1.3,900,66950
20240112,09:16:29,1.35,550,66950
20240112,09:16:36,1.3,2700,66950
20240112,09:16:39,1.3,800,66950
20240112,09:16:49,1.3,50,66950
20240112,09:16:54,1.3,500,66950
20240112,09:16:55,1.3,50,66950
20240112,09:17:06,1.3,850,66950
20240112,09:17:11,1.3,500,66950
20240112,09:17:12,1.3,500,66950
20240112,09:17:13,1.35,1900,66950
20240112,09:17:16,1.35,250,66950
20240112,09:17:18,1.3,500,66950
20240112,09:17:28,1.3,1200,66950
20240112,09:17:38,1.3,3400,72850
20240112,09:17:45,1.25,250,72850
20240112,09:17:50,1.25,2500,72850
20240112,09:18:22,1.25,1800,72850
20240112,09:18:22,1.3,50,72850
20240112,09:18:23,1.3,2800,72850
20240112,09:18:24,1.3,1800,72850
20240112,09:18:26,1.3,4950,72850
20240112,09:18:29,1.3,200,72850
20240112,09:18:33,1.3,50,72850
20240112,09:18:43,1.35,900,72850
20240112,09:19:33,1.35,500,72850
20240112,09:20:11,1.35,300,72850
20240112,09:20:12,1.35,50,72850
20240112,09:20:14,1.3,1050,72850
20240112,09:20:48,1.35,500,72850
20240112,09:20:54,1.35,200,76450
20240112,09:20:55,1.3,1800,76450
20240112,09:20:56,1.3,200,76450
20240112,09:21:09,1.35,100,76450
20240112,09:21:11,1.35,10100,76450
20240112,09:21:12,1.35,50,76450
20240112,09:21:15,1.35,50,76450
20240112,09:21:29,1.35,50,76450
20240112,09:21:30,1.35,50,76450
20240112,09:21:33,1.4,250,76450
20240112,09:21:48,1.4,50,76450
20240112,09:22:06,1.4,50,76450
20240112,09:22:07,1.4,50,76450
20240112,09:22:08,1.4,50,76450
20240112,09:22:09,1.4,50,76450
20240112,09:22:10,1.35,200,76450
20240112,09:22:11,1.4,50,76450
20240112,09:22:12,1.4,50,76450
20240112,09:22:13,1.4,50,76450
20240112,09:22:14,1.4,250,76450
20240112,09:22:15,1.4,300,76450
20240112,09:22:16,1.4,300,76450
20240112,09:22:19,1.4,50,76450
20240112,09:22:20,1.4,50,76450
20240112,09:22:21,1.4,50,76450
20240112,09:22:23,1.4,50,76450
20240112,09:22:24,1.4,50,76450
20240112,09:22:25,1.35,100,76450
20240112,09:22:26,1.4,200,76450
20240112,09:22:27,1.4,50,76450
20240112,09:22:28,1.4,50,76450
20240112,09:22:30,1.4,100,76450
20240112,09:22:31,1.4,50,76450
20240112,09:22:32,1.4,50,76450
20240112,09:22:33,1.4,50,76450
20240112,09:22:34,1.4,50,76450
20240112,09:22:35,1.4,50,76450
20240112,09:22:36,1.4,50,76450
20240112,09:22:37,1.4,200,76450
20240112,09:22:38,1.4,200,76450
20240112,09:22:39,1.4,200,76450
20240112,09:22:40,1.4,200,76450
20240112,09:22:41,1.4,250,76450
20240112,09:22:42,1.4,100,76450
20240112,09:22:42,1.4,900,76450
20240112,09:22:44,1.4,100,76450
20240112,09:22:45,1.4,50,76450
20240112,09:22:46,1.4,50,76450
20240112,09:22:47,1.4,50,76450
20240112,09:22:48,1.4,50,76450
20240112,09:22:49,1.4,50,76450
20240112,09:22:50,1.4,100,76450
20240112,09:22:51,1.4,50,76450
20240112,09:22:52,1.4,50,76450
20240112,09:22:53,1.4,50,76450
20240112,09:22:54,1.4,50,76450
20240112,09:22:55,1.4,50,76450
20240112,09:22:56,1.4,100,76450
20240112,09:22:57,1.4,50,76450
20240112,09:22:58,1.4,50,76450
20240112,09:22:59,1.4,50,76450
20240112,09:23:00,1.4,50,76450
20240112,09:23:01,1.4,50,76450
20240112,09:23:02,1.4,200,76450
20240112,09:23:03,1.4,200,76450
20240112,09:23:04,1.4,200,76450
20240112,09:23:05,1.4,200,76450
20240112,09:23:08,1.4,50,76450
20240112,09:23:09,1.4,50,76450
20240112,09:23:10,1.4,100,76450
20240112,09:23:11,1.4,50,76450
20240112,09:23:12,1.4,50,76450
20240112,09:23:13,1.4,50,76450
20240112,09:23:14,1.4,50,76450
20240112,09:23:15,1.4,50,76450
20240112,09:23:16,1.4,50,76450
20240112,09:23:17,1.4,50,76450
20240112,09:23:18,1.4,50,76450
20240112,09:23:19,1.4,200,76650
20240112,09:23:20,1.4,200,76650
20240112,09:23:21,1.4,200,76650
20240112,09:23:30,1.4,50,76650
20240112,09:23:31,1.4,50,76650
20240112,09:23:32,1.4,50,76650
20240112,09:23:32,1.4,6550,76650
20240112,09:23:34,1.45,150,76650
20240112,09:23:36,1.45,1950,76650
20240112,09:23:36,1.45,1800,76650
20240112,09:23:38,1.45,100,76650
20240112,09:23:39,1.45,50,76650
20240112,09:23:42,1.4,250,76650
20240112,09:23:44,1.45,50,76650
20240112,09:23:45,1.45,100,76650
20240112,09:23:46,1.45,50,76650
20240112,09:23:47,1.45,50,76650
20240112,09:23:48,1.45,50,76650
20240112,09:23:49,1.45,50,76650
20240112,09:23:54,1.45,650,76650
20240112,09:23:55,1.45,6350,76650
20240112,09:23:57,1.45,50,76650
20240112,09:23:58,1.45,1000,76650
20240112,09:23:59,1.5,1050,76650
20240112,09:24:02,1.5,1200,76650
20240112,09:24:03,1.45,50,76650
20240112,09:24:05,1.45,2200,76650
20240112,09:24:06,1.45,300,76650
20240112,09:24:09,1.45,850,76650
20240112,09:24:10,1.45,400,76650
20240112,09:24:16,1.45,1900,76650
20240112,09:24:43,1.5,50,76650
20240112,09:24:44,1.5,50,76650
20240112,09:24:45,1.5,50,76650
20240112,09:24:46,1.5,50,76650
20240112,09:24:47,1.5,50,76650
20240112,09:24:48,1.5,50,76650
20240112,09:24:49,1.5,50,76650
20240112,09:24:50,1.45,1850,76650
20240112,09:24:51,1.5,200,76650
20240112,09:24:52,1.5,2000,76650
20240112,09:24:53,1.5,200,76650
20240112,09:24:55,1.5,50,76650
20240112,09:24:56,1.5,50,76650
20240112,09:24:57,1.5,50,76650
20240112,09:24:58,1.5,50,76650
20240112,09:24:59,1.5,50,76650
20240112,09:25:00,1.5,200,76650
20240112,09:25:01,1.5,200,76650
20240112,09:25:02,1.5,200,76650
20240112,09:25:03,1.5,200,76650
20240112,09:25:04,1.5,200,76650
20240112,09:25:05,1.5,200,76650
20240112,09:25:06,1.5,250,76650
20240112,09:25:07,1.5,50,76650
20240112,09:25:08,1.5,50,76650
20240112,09:25:09,1.5,50,76650
20240112,09:25:10,1.5,1050,76650
20240112,09:25:11,1.5,800,76650
20240112,09:25:12,1.5,50,76650
20240112,09:25:13,1.5,50,76650
20240112,09:25:14,1.5,50,76650
20240112,09:25:15,1.5,1150,76650
20240112,09:25:16,1.5,600,76650
20240112,09:25:17,1.5,200,76650
20240112,09:25:18,1.5,50,76650
20240112,09:25:19,1.5,100,76650
20240112,09:25:20,1.5,50,76650
20240112,09:25:21,1.5,50,76650
20240112,09:25:22,1.5,50,76650
20240112,09:25:23,1.5,200,76650
20240112,09:25:24,1.55,8650,76650
20240112,09:25:25,1.55,450,76650
20240112,09:25:26,1.55,600,76650
20240112,09:25:28,1.55,50,76650
20240112,09:25:36,1.55,100,76650
20240112,09:25:48,1.55,2800,76650
20240112,09:25:50,1.6,50,76650
20240112,09:25:51,1.6,300,76650
20240112,09:25:52,1.6,50,76650
20240112,09:25:53,1.6,50,76650
20240112,09:25:54,1.6,50,76650
20240112,09:25:55,1.6,50,76650
20240112,09:25:56,1.6,300,76650
20240112,09:25:57,1.6,50,76650
20240112,09:25:58,1.6,50,76650
20240112,09:25:59,1.6,50,76650
20240112,09:26:00,1.6,50,76650
20240112,09:26:01,1.6,50,76650
20240112,09:26:02,1.6,50,76650
20240112,09:26:03,1.6,50,76650
20240112,09:26:04,1.6,50,76650
20240112,09:26:05,1.6,50,76650
20240112,09:26:06,1.6,250,76650
20240112,09:26:13,1.6,50,76650
20240112,09:26:14,1.6,50,76650
20240112,09:26:18,1.6,500,76650
20240112,09:26:21,1.55,500,84450
20240112,09:26:24,1.6,300,84450
20240112,09:26:26,1.6,50,84450
20240112,09:26:27,1.6,50,84450
20240112,09:26:29,1.6,50,84450
20240112,09:26:30,1.65,3300,84450
20240112,09:26:31,1.65,150,84450
20240112,09:26:32,1.65,50,84450
20240112,09:26:33,1.65,50,84450
20240112,09:26:34,1.65,50,84450
20240112,09:26:35,1.65,50,84450
20240112,09:26:36,1.65,50,84450
20240112,09:26:37,1.65,50,84450
20240112,09:26:38,1.65,50,84450
20240112,09:26:39,1.65,50,84450
20240112,09:26:40,1.65,50,84450
20240112,09:26:41,1.65,50,84450
20240112,09:26:42,1.65,100,84450
20240112,09:26:43,1.65,1850,84450
20240112,09:26:44,1.65,1850,84450
20240112,09:26:45,1.65,1900,84450
20240112,09:26:46,1.65,8450,84450
20240112,09:26:47,1.65,50,84450
20240112,09:26:48,1.65,50,84450
20240112,09:26:49,1.6,2050,84450
20240112,09:26:50,1.65,50,84450
20240112,09:26:51,1.65,50,84450
20240112,09:26:52,1.65,50,84450
20240112,09:26:53,1.65,50,84450
20240112,09:26:54,1.65,50,84450
20240112,09:26:57,1.65,50,84450
20240112,09:26:58,1.65,50,84450
20240112,09:27:02,1.65,50,84450
20240112,09:27:06,1.6,2300,84450
20240112,09:27:24,1.6,1800,84450
20240112,09:27:30,1.6,6700,84450
20240112,09:27:46,1.6,250,84450
20240112,09:28:05,1.6,150,84450
20240112,09:28:08,1.6,100,84450
20240112,09:28:09,1.6,50,84450
20240112,09:28:10,1.6,50,84450
20240112,09:28:11,1.6,1900,84450
20240112,09:28:12,1.6,50,84450
20240112,09:28:13,1.6,50,84450
20240112,09:28:14,1.6,50,84450
20240112,09:28:15,1.6,50,84450
20240112,09:28:16,1.6,50,84450
20240112,09:28:17,1.6,50,84450
20240112,09:28:18,1.6,50,84450
20240112,09:28:19,1.6,50,84450
20240112,09:28:20,1.6,1850,84450
20240112,09:28:21,1.6,50,84450
20240112,09:28:22,1.6,100,84450
20240112,09:28:23,1.6,50,84450
20240112,09:28:24,1.6,50,84450
20240112,09:28:27,1.6,50,84450
20240112,09:28:41,1.6,50,84450
20240112,09:28:50,1.6,50,84450
20240112,09:28:53,1.6,50,84450
20240112,09:29:09,1.6,50,84450
20240112,09:29:10,1.6,50,84450
20240112,09:29:11,1.6,50,84450
20240112,09:29:12,1.6,50,84450
20240112,09:29:13,1.6,50,84450
20240112,09:29:14,1.55,1450,84450
20240112,09:29:15,1.6,50,84450
20240112,09:29:16,1.6,50,84450
20240112,09:29:17,1.6,50,84450
20240112,09:29:18,1.6,50,84450
20240112,09:29:19,1.6,50,84450
20240112,09:29:20,1.6,50,97100
20240112,09:30:33,1.55,50,97100
20240112,09:30:50,1.6,50,97100
20240112,09:31:01,1.6,50,97100
20240112,09:31:06,1.6,600,97100
20240112,09:31:44,1.6,1000,97100
20240112,09:31:47,1.55,700,97100
20240112,09:31:55,1.6,1000,97100
20240112,09:31:59,1.55,100,97100
20240112,09:32:02,1.55,2000,97100
20240112,09:32:06,1.6,1650,97100
20240112,09:32:14,1.55,100,97100
20240112,09:32:28,1.55,50,97650
20240112,09:32:29,1.55,50,97650
20240112,09:32:56,1.6,50,97650
20240112,09:32:57,1.6,50,97650
20240112,09:32:58,1.6,100,97650
20240112,09:32:59,1.6,50,97650
20240112,09:33:00,1.6,50,97650
20240112,09:33:01,1.6,200,97650
20240112,09:33:02,1.55,1100,97650
20240112,09:33:04,1.6,100,97650
20240112,09:33:06,1.6,50,97650
20240112,09:33:09,1.6,50,97650
20240112,09:33:15,1.6,50,97650
20240112,09:33:16,1.6,50,97650
20240112,09:33:25,1.6,50,97650
20240112,09:33:37,1.55,1000,97650
20240112,09:33:45,1.6,700,97650
20240112,09:34:07,1.55,1600,97650
20240112,09:34:07,1.55,5300,97650
20240112,09:34:21,1.55,50,97650
20240112,09:34:22,1.55,50,97650
20240112,09:34:23,1.55,50,97650
20240112,09:34:31,1.55,150,97650
20240112,09:34:49,1.55,50,97650
20240112,09:35:22,1.5,1000,97650
20240112,09:35:26,1.5,8250,97650
20240112,09:35:27,1.5,4700,97650
20240112,09:35:28,1.5,3150,97650
20240112,09:35:29,1.5,450,97650
20240112,09:35:35,1.5,1500,97650
20240112,09:35:38,1.45,3500,97650
20240112,09:36:09,1.5,250,97650
20240112,09:36:35,1.5,550,97650
20240112,09:37:03,1.5,50,97650
20240112,09:37:04,1.5,50,97650
20240112,09:37:05,1.5,50,97650
20240112,09:37:19,1.5,100,97650
20240112,09:37:57,1.5,100,97650
20240112,09:38:24,1.45,750,97650
20240112,09:38:25,1.45,500,101950
20240112,09:38:29,1.5,50,101950
20240112,09:38:31,1.5,50,101950
20240112,09:38:32,1.5,50,101950
20240112,09:38:33,1.5,50,101950
20240112,09:38:34,1.5,50,101950
20240112,09:38:35,1.5,50,101950
20240112,09:38:36,1.5,50,101950
20240112,09:38:37,1.5,50,101950
20240112,09:38:38,1.5,50,101950
20240112,09:38:39,1.5,50,101950
20240112,09:38:43,1.5,50,101950
20240112,09:39:06,1.45,100,101950
20240112,09:40:04,1.5,50,101950
20240112,09:40:05,1.5,50,101950
20240112,09:40:06,1.5,50,101950
20240112,09:40:21,1.45,250,101950
20240112,09:40:24,1.45,1000,101950
20240112,09:40:38,1.45,2800,101950
20240112,09:41:50,1.4,600,104800
20240112,09:42:30,1.45,50,104800
20240112,09:42:39,1.45,450,104800
20240112,09:42:52,1.4,50,104800
20240112,09:42:53,1.4,150,104800
20240112,09:42:54,1.4,50,104800
20240112,09:42:55,1.4,50,104800
20240112,09:42:56,1.4,50,104800
20240112,09:42:58,1.4,100,104800
20240112,09:42:59,1.4,50,104800
20240112,09:43:00,1.4,50,104800
20240112,09:43:01,1.4,50,104800
20240112,09:43:02,1.4,50,104800
20240112,09:43:03,1.4,100,104800
20240112,09:43:04,1.4,50,104800
20240112,09:43:06,1.4,50,104800
20240112,09:43:08,1.4,50,104800
20240112,09:43:41,1.45,50,104800
20240112,09:43:49,1.4,700,104800
20240112,09:44:20,1.45,3600,104800
20240112,09:44:21,1.45,3050,104800
20240112,09:44:24,1.45,50,102250
20240112,09:44:25,1.45,100,102250
20240112,09:44:26,1.45,50,102250
20240112,09:44:27,1.45,50,102250
20240112,09:44:28,1.45,50,102250
20240112,09:44:29,1.45,1200,102250
20240112,09:44:30,1.45,200,102250
20240112,09:44:31,1.45,200,102250
20240112,09:44:32,1.45,1450,102250
20240112,09:44:33,1.4,50,102250
20240112,09:44:34,1.45,300,102250
20240112,09:44:35,1.4,50,102250
20240112,09:44:36,1.4,50,102250
20240112,09:44:37,1.4,50,102250
20240112,09:44:38,1.4,50,102250
20240112,09:44:39,1.4,50,102250
20240112,09:44:40,1.4,50,102250
20240112,09:44:41,1.4,50,102250
20240112,09:44:42,1.4,50,102250
20240112,09:44:43,1.4,50,102250
20240112,09:44:44,1.4,50,102250
20240112,09:44:45,1.4,100,102250
20240112,09:44:46,1.4,50,102250
20240112,09:44:47,1.4,50,102250
20240112,09:44:51,1.4,50,102250
20240112,09:44:59,1.4,50,102250
20240112,09:45:09,1.45,250,102250
20240112,09:45:10,1.45,1800,102250
20240112,09:45:14,1.4,50,102250
20240112,09:45:16,1.45,50,102250
20240112,09:45:28,1.45,50,102250
20240112,09:46:40,1.45,800,102250
20240112,09:46:55,1.45,900,102250
20240112,09:46:56,1.45,150,102250
20240112,09:46:57,1.45,100,102250
20240112,09:47:04,1.45,200,102250
20240112,09:47:05,1.45,1000,102250
20240112,09:47:08,1.45,50,102250
20240112,09:47:25,1.45,50,100650
20240112,09:47:26,1.45,50,100650
20240112,09:47:27,1.45,50,100650
20240112,09:47:28,1.45,50,100650
20240112,09:47:29,1.45,2550,100650
20240112,09:47:30,1.5,50,100650
20240112,09:47:31,1.5,50,100650
20240112,09:47:32,1.5,50,100650
20240112,09:47:33,1.5,50,100650
20240112,09:47:34,1.5,50,100650
20240112,09:47:35,1.5,50,100650
20240112,09:47:36,1.5,50,100650
20240112,09:47:41,1.5,50,100650
20240112,09:47:42,1.5,50,100650
20240112,09:47:43,1.5,50,100650
20240112,09:47:44,1.5,50,100650
20240112,09:47:45,1.5,50,100650
20240112,09:47:46,1.5,50,100650
20240112,09:47:47,1.5,50,100650
20240112,09:47:55,1.5,50,100650
20240112,09:48:02,1.5,50,100650
20240112,09:48:04,1.45,2000,100650
20240112,09:48:05,1.45,50,100650
20240112,09:48:06,1.45,1500,100650
20240112,09:48:07,1.5,50,100650
20240112,09:48:08,1.5,50,100650
20240112,09:48:10,1.5,50,100650
20240112,09:48:11,1.5,50,100650
20240112,09:48:12,1.5,50,100650
20240112,09:48:13,1.5,50,100650
20240112,09:48:16,1.5,50,100650
20240112,09:48:17,1.45,600,100650
20240112,09:48:18,1.45,400,100650
20240112,09:48:19,1.45,50,100650
20240112,09:48:20,1.45,150,100650
20240112,09:48:22,1.5,100,100650
20240112,09:48:23,1.5,50,100650
20240112,09:48:24,1.5,50,100650
20240112,09:48:25,1.5,50,100650
20240112,09:48:32,1.5,50,100650
20240112,09:48:34,1.5,50,100650
20240112,09:48:36,1.5,50,100650
20240112,09:48:36,1.45,500,100650
20240112,09:48:38,1.5,50,100650
20240112,09:48:39,1.5,50,100650
20240112,09:48:40,1.5,50,100650
20240112,09:48:41,1.5,50,100650
20240112,09:48:42,1.5,50,100650
20240112,09:48:43,1.5,50,100650
20240112,09:48:44,1.5,50,100650
20240112,09:48:48,1.5,50,100650
20240112,09:49:10,1.5,50,100650
20240112,09:49:23,1.5,50,100650
20240112,09:49:32,1.45,50,100650
20240112,09:49:40,1.45,4650,100650
20240112,09:50:23,1.45,100,103500
20240112,09:50:47,1.45,100,103500
20240112,09:50:52,1.45,500,103500
20240112,09:51:42,1.45,1150,103500
20240112,09:51:42,1.45,50,103500
20240112,09:52:25,1.45,50,103500
20240112,09:52:26,1.45,50,103500
20240112,09:52:27,1.45,50,103500
20240112,09:52:28,1.45,50,103500
20240112,09:52:29,1.45,50,103500
20240112,09:52:30,1.45,50,103500
20240112,09:52:31,1.45,50,103500
20240112,09:52:32,1.45,50,103500
20240112,09:52:33,1.45,50,103500
20240112,09:52:34,1.45,50,103500
20240112,09:52:35,1.45,50,103500
20240112,09:52:36,1.45,50,103500
20240112,09:52:37,1.45,50,103500
20240112,09:52:38,1.45,50,103500
20240112,09:52:39,1.45,50,103500
20240112,09:52:40,1.45,50,103500
20240112,09:52:41,1.45,50,103500
20240112,09:52:42,1.45,50,103500
20240112,09:52:43,1.45,50,103500
20240112,09:54:45,1.45,250,103500
20240112,09:54:47,1.45,300,102700
20240112,09:54:49,1.45,300,102700
20240112,09:54:51,1.45,100,102700
20240112,09:54:53,1.45,100,102700
20240112,09:55:07,1.45,1800,102700
20240112,09:55:26,1.45,50,102700
20240112,09:55:30,1.4,200,102700
20240112,09:55:44,1.45,50,102700
20240112,09:55:45,1.45,50,102700
20240112,09:55:46,1.45,50,102700
20240112,09:55:47,1.45,50,102700
20240112,09:55:48,1.45,50,102700
20240112,09:55:49,1.45,50,102700
20240112,09:55:50,1.45,50,102700
20240112,09:55:51,1.45,1850,102700
20240112,09:55:52,1.45,50,102700
20240112,09:55:53,1.45,50,102700
20240112,09:55:54,1.45,50,102700
20240112,09:55:55,1.45,50,102700
20240112,09:55:56,1.45,50,102700
20240112,09:55:57,1.45,50,102700
20240112,09:55:58,1.45,50,102700
20240112,09:55:59,1.45,50,102700
20240112,09:56:00,1.45,50,102700
20240112,09:56:01,1.45,50,102700
20240112,09:56:02,1.45,50,102700
20240112,09:56:03,1.45,50,102700
20240112,09:56:04,1.45,50,102700
20240112,09:56:05,1.45,50,102700
20240112,09:56:06,1.45,50,102700
20240112,09:56:07,1.45,50,102700
20240112,09:56:08,1.45,50,102700
20240112,09:56:09,1.45,50,102700
20240112,09:56:11,1.45,100,102700
20240112,09:56:12,1.45,50,102700
20240112,09:56:13,1.45,50,102700
20240112,09:56:14,1.45,2200,102700
20240112,09:56:17,1.45,50,102700
20240112,09:56:19,1.5,50,102700
20240112,09:56:25,1.5,50,108550
20240112,09:56:31,1.5,50,108550
20240112,09:56:33,1.45,50,108550
20240112,09:56:50,1.45,50,108550
20240112,09:57:14,1.5,50,108550
20240112,09:57:15,1.5,50,108550
20240112,09:57:27,1.5,200,108550
20240112,09:57:29,1.5,1500,108550
20240112,09:57:30,1.5,300,108550
20240112,09:57:31,1.5,2700,108550
20240112,09:58:09,1.55,50,108550
20240112,09:58:32,1.55,100,108550
20240112,09:59:04,1.55,100,108550
20240112,09:59:09,1.5,50,108550
20240112,09:59:10,1.5,50,108550
20240112,09:59:11,1.5,50,108550
20240112,09:59:18,1.55,300,108550
20240112,09:59:20,1.55,250,108550
20240112,09:59:21,1.55,8200,108550
20240112,09:59:36,1.55,3650,111450
20240112,09:59:38,1.55,450,111450
20240112,09:59:40,1.55,50,111450
20240112,09:59:41,1.55,50,111450
20240112,09:59:42,1.55,50,111450
20240112,09:59:44,1.55,2200,111450
20240112,09:59:46,1.55,1100,111450
20240112,10:00:05,1.55,600,111450
20240112,10:00:15,1.55,300,111450
20240112,10:00:18,1.55,1800,111450
20240112,10:00:32,1.55,300,111450
20240112,10:00:53,1.55,150,111450
20240112,10:02:30,1.55,1800,113900
20240112,10:02:31,1.55,1800,113900
20240112,10:02:35,1.55,8700,113900
20240112,10:02:36,1.55,800,113900
20240112,10:02:37,1.55,50,113900
20240112,10:02:39,1.55,50,113900
20240112,10:02:42,1.55,50,113900
20240112,10:02:47,1.55,50,113900
20240112,10:02:52,1.55,50,113900
20240112,10:02:54,1.55,800,113900
20240112,10:02:54,1.55,2000,113900
20240112,10:02:55,1.55,1200,113900
20240112,10:03:02,1.5,11000,113900
20240112,10:03:04,1.55,1750,113900
20240112,10:03:25,1.55,150,113900
20240112,10:03:29,1.55,3050,113900
20240112,10:04:13,1.6,6750,113900
20240112,10:04:15,1.6,100,113900
20240112,10:04:16,1.6,650,113900
20240112,10:04:17,1.6,50,113900
20240112,10:04:18,1.6,150,113900
20240112,10:04:19,1.6,50,113900
20240112,10:04:21,1.6,50,113900
20240112,10:04:22,1.6,50,113900
20240112,10:04:23,1.6,50,113900
20240112,10:04:25,1.6,1100,113900
20240112,10:04:28,1.55,50,113900
20240112,10:04:29,1.55,50,113900
20240112,10:04:30,1.55,50,113900
20240112,10:04:31,1.55,50,113900
20240112,10:04:32,1.6,600,113900
20240112,10:04:38,1.65,9600,113900
20240112,10:04:39,1.7,5000,113900
20240112,10:04:41,1.7,50,113900
20240112,10:04:42,1.65,50,113900
20240112,10:04:43,1.65,50,113900
20240112,10:04:50,1.65,5400,113900
20240112,10:04:53,1.65,3950,113900
20240112,10:04:54,1.7,4150,113900
20240112,10:04:55,1.65,250,113900
20240112,10:04:57,1.65,1200,113900
20240112,10:04:58,1.65,350,113900
20240112,10:05:00,1.65,2450,113900
20240112,10:05:01,1.65,50,113900
20240112,10:05:02,1.65,3700,113900
20240112,10:05:03,1.65,600,113900
20240112,10:05:04,1.65,1050,113900
20240112,10:05:05,1.7,200,113900
20240112,10:05:10,1.7,250,113900
20240112,10:05:24,1.7,250,113900
20240112,10:05:26,1.7,250,113900
20240112,10:05:38,1.7,650,134650
20240112,10:05:40,1.7,1650,134650
20240112,10:05:45,1.7,400,134650
20240112,10:05:50,1.7,550,134650
20240112,10:05:54,1.7,250,134650
20240112,10:05:57,1.7,300,134650
20240112,10:05:59,1.7,850,134650
20240112,10:06:06,1.7,250,134650
20240112,10:06:08,1.7,250,134650
20240112,10:06:11,1.7,250,134650
20240112,10:06:12,1.7,500,134650
20240112,10:06:13,1.75,7400,134650
20240112,10:06:26,1.75,2700,134650
20240112,10:06:46,1.75,1250,134650
20240112,10:06:47,1.7,300,134650
20240112,10:06:49,1.7,1300,134650
20240112,10:06:49,1.7,750,134650
20240112,10:06:57,1.7,50,134650
20240112,10:06:59,1.7,200,134650
20240112,10:07:26,1.7,550,134650
20240112,10:07:27,1.7,950,134650
20240112,10:07:28,1.7,4150,134650
20240112,10:07:29,1.7,950,134650
20240112,10:07:30,1.7,600,134650
20240112,10:07:37,1.7,1800,134650
20240112,10:07:39,1.7,200,134650
20240112,10:08:08,1.75,1800,134650
20240112,10:08:12,1.7,50,134650
20240112,10:08:13,1.75,250,134650
20240112,10:08:28,1.7,1700,134650
20240112,10:08:49,1.65,12000,145250
20240112,10:08:54,1.65,1000,145250
20240112,10:09:07,1.65,1800,145250
20240112,10:09:08,1.65,2900,145250
20240112,10:09:25,1.7,3300,145250
20240112,10:09:32,1.7,300,145250
20240112,10:09:33,1.7,150,145250
20240112,10:09:37,1.75,50,145250
20240112,10:09:42,1.7,50,145250
20240112,10:09:43,1.7,600,145250
20240112,10:09:44,1.7,200,145250
20240112,10:09:45,1.7,200,145250
20240112,10:09:46,1.7,200,145250
20240112,10:09:47,1.7,200,145250
20240112,10:09:48,1.7,600,145250
20240112,10:09:49,1.7,2600,145250
20240112,10:09:50,1.7,4750,145250
20240112,10:09:51,1.7,6250,145250
20240112,10:09:52,1.7,3200,145250
20240112,10:09:53,1.65,600,145250
20240112,10:09:54,1.65,300,145250
20240112,10:09:55,1.65,50,145250
20240112,10:09:56,1.7,550,145250
20240112,10:09:57,1.65,50,145250
20240112,10:09:58,1.7,300,145250
20240112,10:09:59,1.65,50,145250
20240112,10:10:00,1.65,100,145250
20240112,10:10:01,1.65,2650,145250
20240112,10:10:13,1.65,400,145250
20240112,10:10:13,1.65,650,145250
20240112,10:10:14,1.65,3500,145250
20240112,10:10:15,1.65,800,145250
20240112,10:10:16,1.65,2250,145250
20240112,10:10:17,1.6,3350,145250
20240112,10:10:18,1.65,50,145250
20240112,10:10:27,1.7,350,145250
20240112,10:10:33,1.7,100,145250
20240112,10:11:00,1.7,1500,145250
20240112,10:11:02,1.7,3150,145250
20240112,10:11:05,1.7,1500,145250
20240112,10:11:08,1.65,3600,145250
20240112,10:11:09,1.65,800,145250
20240112,10:11:11,1.65,1550,145250
20240112,10:11:15,1.65,1600,145250
20240112,10:11:19,1.7,1500,145250
20240112,10:11:20,1.65,700,145250
20240112,10:11:21,1.65,4100,145250
20240112,10:11:22,1.65,100,145250
20240112,10:11:23,1.65,650,145250
20240112,10:11:27,1.65,2100,160650
20240112,10:11:35,1.65,3350,160650
20240112,10:11:36,1.65,4950,160650
20240112,10:11:37,1.65,2200,160650
20240112,10:11:45,1.65,3950,160650
20240112,10:11:46,1.65,4500,160650
20240112,10:11:57,1.65,1700,160650
20240112,10:11:58,1.65,1500,160650
20240112,10:11:59,1.7,50,160650
20240112,10:12:00,1.7,50,160650
20240112,10:12:01,1.7,50,160650
20240112,10:12:02,1.7,50,160650
20240112,10:12:03,1.7,50,160650
20240112,10:12:04,1.7,100,160650
20240112,10:12:05,1.7,1100,160650
20240112,10:12:06,1.7,50,160650
20240112,10:12:08,1.7,100,160650
20240112,10:12:20,1.7,300,160650
20240112,10:12:41,1.65,850,160650
20240112,10:12:42,1.65,1000,160650
20240112,10:12:45,1.7,50,160650
20240112,10:13:02,1.65,50,160650
20240112,10:13:12,1.65,50,160650
20240112,10:13:14,1.65,50,160650
20240112,10:13:15,1.65,50,160650
20240112,10:13:16,1.65,100,160650
20240112,10:13:17,1.65,50,160650
20240112,10:13:18,1.65,50,160650
20240112,10:13:19,1.65,50,160650
20240112,10:13:20,1.65,50,160650
20240112,10:13:21,1.65,50,160650
20240112,10:13:22,1.65,50,160650
20240112,10:13:23,1.65,50,160650
20240112,10:13:24,1.65,50,160650
20240112,10:13:25,1.65,50,160650
20240112,10:13:26,1.65,50,160650
20240112,10:13:27,1.65,50,160650
20240112,10:13:34,1.6,2000,160650
20240112,10:13:50,1.6,1000,160650
20240112,10:13:52,1.6,2000,160650
20240112,10:14:10,1.6,50,160650
20240112,10:14:21,1.6,100,160650
20240112,10:14:22,1.6,50,160650
20240112,10:14:24,1.6,50,160650
20240112,10:14:25,1.6,50,160650
20240112,10:14:26,1.6,50,160650
20240112,10:14:27,1.6,50,175050
20240112,10:14:29,1.6,50,175050
20240112,10:15:36,1.6,50,175050
20240112,10:17:45,1.55,100,175050
20240112,10:17:49,1.55,100,175050
20240112,10:18:00,1.55,850,175050
20240112,10:18:42,1.55,350,175050
20240112,10:18:44,1.55,400,175050
20240112,10:18:48,1.55,300,175050
20240112,10:18:49,1.55,100,175050
20240112,10:18:51,1.55,950,175050
20240112,10:18:52,1.55,50,175050
20240112,10:18:54,1.55,100,175050
20240112,10:19:06,1.55,50,175050
20240112,10:19:07,1.55,50,175050
20240112,10:19:08,1.55,50,175050
20240112,10:19:09,1.55,200,175050
20240112,10:19:10,1.55,200,175050
20240112,10:19:11,1.55,200,175050
20240112,10:19:12,1.55,50,175050
20240112,10:19:13,1.55,50,175050
20240112,10:19:14,1.55,50,175050
20240112,10:19:15,1.55,50,175050
20240112,10:19:16,1.55,200,175050
20240112,10:19:17,1.55,200,175050
20240112,10:19:22,1.55,50,175050
20240112,10:19:31,1.55,50,175050
20240112,10:19:32,1.55,1100,175050
20240112,10:19:37,1.55,600,175050
20240112,10:19:40,1.55,200,175050
20240112,10:19:47,1.55,50,175050
20240112,10:19:58,1.55,50,175050
20240112,10:20:20,1.55,1200,175050
20240112,10:20:21,1.55,4400,175050
20240112,10:20:24,1.55,450,175050
20240112,10:20:25,1.55,400,175050
20240112,10:20:26,1.55,50,175050
20240112,10:20:28,1.55,50,175050
20240112,10:20:30,1.55,50,175050
20240112,10:20:31,1.55,50,171300
20240112,10:20:41,1.55,5800,171300
20240112,10:20:54,1.55,950,171300
20240112,10:21:06,1.55,300,171300
20240112,10:21:10,1.55,800,171300
20240112,10:21:11,1.55,250,171300
20240112,10:22:21,1.5,4550,171300
20240112,10:22:30,1.55,550,171300
20240112,10:22:31,1.5,400,171300
20240112,10:23:17,1.55,550,171300
20240112,10:23:40,1.55,2200,171300
20240112,10:24:14,1.55,3400,170050
20240112,10:24:14,1.55,850,170050
20240112,10:24:16,1.55,1200,170050
20240112,10:26:14,1.55,200,170050
20240112,10:26:16,1.55,200,170050
20240112,10:26:28,1.6,400,170050
20240112,10:26:32,1.55,200,176250
20240112,10:26:34,1.55,200,176250
20240112,10:26:44,1.55,50,176250
20240112,10:26:45,1.55,50,176250
20240112,10:26:46,1.55,50,176250
20240112,10:26:47,1.55,50,176250
20240112,10:26:48,1.55,50,176250
20240112,10:26:49,1.55,50,176250
20240112,10:26:53,1.55,200,176250
20240112,10:27:01,1.55,200,176250
20240112,10:27:04,1.55,550,176250
20240112,10:27:18,1.55,50,176250
20240112,10:27:19,1.55,50,176250
20240112,10:27:20,1.55,50,176250
20240112,10:27:21,1.55,50,176250
20240112,10:27:22,1.55,600,176250
20240112,10:27:35,1.55,200,176250
20240112,10:27:37,1.55,50,176250
20240112,10:27:38,1.55,600,176250
20240112,10:27:39,1.55,50,176250
20240112,10:27:40,1.55,50,176250
20240112,10:27:41,1.55,50,176250
20240112,10:27:42,1.55,50,176250
20240112,10:27:45,1.55,50,176250
20240112,10:27:46,1.55,50,176250
20240112,10:27:47,1.55,50,176250
20240112,10:27:48,1.55,50,176250
20240112,10:27:49,1.55,50,176250
20240112,10:28:05,1.55,200,176250
20240112,10:28:13,1.55,550,176250
20240112,10:28:21,1.55,50,176250
20240112,10:28:23,1.55,100,176250
20240112,10:28:24,1.55,200,176250
20240112,10:28:25,1.55,200,176250
20240112,10:28:28,1.6,600,176250
20240112,10:28:28,1.6,4750,176250
20240112,10:28:29,1.6,200,176250
20240112,10:28:35,1.6,200,176250
20240112,10:28:38,1.65,200,176250
20240112,10:28:57,1.65,1800,176250
20240112,10:28:58,1.65,1800,176250
20240112,10:29:00,1.65,1500,176250
20240112,10:29:21,1.65,2350,176250
20240112,10:29:26,1.7,50,176250
20240112,10:29:27,1.7,50,176250
20240112,10:29:28,1.7,50,176250
20240112,10:29:29,1.7,50,176250
20240112,10:29:30,1.7,200,176250
20240112,10:29:31,1.7,200,171150
20240112,10:29:32,1.7,200,171150
20240112,10:29:33,1.7,200,171150
20240112,10:29:34,1.7,50,171150
20240112,10:29:35,1.7,50,171150
20240112,10:29:36,1.7,50,171150
20240112,10:29:37,1.7,200,171150
20240112,10:29:38,1.7,200,171150
20240112,10:29:39,1.7,200,171150
20240112,10:29:40,1.7,50,171150
20240112,10:29:41,1.7,4700,171150
20240112,10:29:42,1.7,250,171150
20240112,10:29:45,1.7,500,171150
20240112,10:29:46,1.75,50,171150
20240112,10:29:47,1.75,50,171150
20240112,10:29:48,1.75,50,171150
20240112,10:29:49,1.75,50,171150
20240112,10:29:50,1.75,50,171150
20240112,10:29:51,1.75,50,171150
20240112,10:29:52,1.75,50,171150
20240112,10:29:53,1.75,50,171150
20240112,10:29:54,1.7,1650,171150
20240112,10:29:55,1.7,50,171150
20240112,10:29:56,1.7,50,171150
20240112,10:29:57,1.7,50,171150
20240112,10:29:58,1.7,50,171150
20240112,10:29:59,1.7,50,171150
20240112,10:30:00,1.7,50,171150
20240112,10:30:03,1.7,50,171150
20240112,10:30:06,1.7,50,171150
20240112,10:30:07,1.7,50,171150
20240112,10:30:13,1.7,50,171150
20240112,10:30:14,1.7,50,171150
20240112,10:30:15,1.7,50,171150
20240112,10:30:16,1.7,50,171150
20240112,10:30:17,1.7,50,171150
20240112,10:30:18,1.7,50,171150
20240112,10:30:19,1.7,50,171150
20240112,10:30:20,1.7,50,171150
20240112,10:30:27,1.7,50,171150
20240112,10:30:35,1.7,50,171150
20240112,10:30:37,1.7,50,171150
20240112,10:30:38,1.7,50,171150
20240112,10:30:41,1.7,1800,171150
20240112,10:30:43,1.7,50,171150
20240112,10:30:44,1.7,50,171150
20240112,10:30:45,1.7,50,171150
20240112,10:30:46,1.7,50,171150
20240112,10:30:48,1.7,50,171150
20240112,10:30:57,1.7,50,171150
20240112,10:30:58,1.7,50,171150
20240112,10:30:59,1.7,50,171150
20240112,10:31:00,1.7,50,171150
20240112,10:31:01,1.7,50,171150
20240112,10:31:02,1.7,50,171150
20240112,10:31:04,1.7,2600,171150
20240112,10:31:10,1.75,50,171150
20240112,10:31:16,1.75,50,171150
20240112,10:31:17,1.65,1800,171150
20240112,10:31:18,1.7,50,171150
20240112,10:31:21,1.65,650,171150
20240112,10:31:24,1.7,50,171150
20240112,10:31:25,1.7,50,171150
20240112,10:31:27,1.7,50,171150
20240112,10:31:33,1.7,5000,171150
20240112,10:32:05,1.7,50,171150
20240112,10:32:07,1.7,50,171150
20240112,10:32:10,1.7,50,171150
20240112,10:32:11,1.7,100,171150
20240112,10:32:15,1.7,50,171150
20240112,10:32:17,1.7,50,171150
20240112,10:32:18,1.7,50,171150
20240112,10:32:21,1.7,50,171150
20240112,10:32:24,1.7,50,171150
20240112,10:32:25,1.7,50,171150
20240112,10:32:26,1.7,50,171150
20240112,10:32:27,1.7,50,171150
20240112,10:32:33,1.7,50,174250
20240112,10:32:58,1.65,2400,174250
20240112,10:32:59,1.65,8350,174250
20240112,10:33:01,1.7,20200,174250
20240112,10:33:03,1.7,50,174250
20240112,10:33:05,1.7,50,174250
20240112,10:33:07,1.7,50,174250
20240112,10:33:08,1.7,50,174250
20240112,10:33:12,1.7,50,174250
20240112,10:33:39,1.7,5250,174250
20240112,10:33:44,1.7,500,174250
20240112,10:33:46,1.7,250,174250
20240112,10:33:48,1.7,1650,174250
20240112,10:33:48,1.7,250,174250
20240112,10:34:10,1.75,600,174250
20240112,10:34:17,1.7,50,174250
20240112,10:34:26,1.7,500,174250
20240112,10:34:45,1.7,1600,174250
20240112,10:34:45,1.7,2800,174250
20240112,10:34:59,1.7,2000,174250
20240112,10:35:01,1.7,500,174250
20240112,10:35:03,1.7,2550,174250
20240112,10:35:12,1.7,2400,174250
20240112,10:35:16,1.7,4700,174250
20240112,10:35:19,1.7,2100,174250
20240112,10:35:20,1.7,50,174250
20240112,10:35:21,1.65,900,174250
20240112,10:35:52,1.65,2400,168850
20240112,10:36:04,1.7,400,168850
20240112,10:36:11,1.7,400,168850
20240112,10:36:13,1.75,2450,168850
20240112,10:36:15,1.75,2550,168850
20240112,10:36:29,1.7,800,168850
20240112,10:36:30,1.7,50,168850
20240112,10:36:32,1.7,800,168850
20240112,10:36:49,1.75,900,168850
20240112,10:36:59,1.75,500,168850
20240112,10:37:15,1.7,100,168850
20240112,10:37:32,1.75,600,168850
20240112,10:38:31,1.75,800,168850
20240112,10:38:33,1.7,50,172850
20240112,10:38:41,1.75,600,172850
20240112,10:38:42,1.75,600,172850
20240112,10:38:43,1.75,1200,172850
20240112,10:38:43,1.75,2650,172850
20240112,10:38:56,1.75,150,172850
20240112,10:39:02,1.75,50,172850
20240112,10:39:24,1.8,600,172850
20240112,10:39:25,1.8,1200,172850
20240112,10:39:26,1.8,600,172850
20240112,10:39:54,1.8,1800,172850
20240112,10:40:03,1.8,4800,172850
20240112,10:40:04,1.8,100,172850
20240112,10:40:06,1.85,6050,172850
20240112,10:40:07,1.85,2850,172850
20240112,10:40:09,1.85,100,172850
20240112,10:40:09,1.9,1800,172850
20240112,10:40:11,1.9,50,172850
20240112,10:40:12,1.85,50,172850
20240112,10:40:30,1.9,250,172850
20240112,10:40:39,1.9,1800,172850
20240112,10:40:48,1.9,3150,172850
20240112,10:40:54,1.95,8750,172850
20240112,10:40:55,2.0,150,172850
20240112,10:40:56,2.0,1800,172850
20240112,10:40:57,2.0,6350,172850
20240112,10:40:58,2.0,2200,172850
20240112,10:41:09,2.05,2600,172850
20240112,10:41:10,2.05,5400,172850
20240112,10:41:11,2.05,1500,172850
20240112,10:41:12,2.05,1250,172850
20240112,10:41:23,2.05,1400,172850
20240112,10:41:38,2.0,400,172850
20240112,10:41:44,1.9,4950,180900
20240112,10:41:45,2.0,8400,180900
20240112,10:41:47,2.0,1650,180900
20240112,10:41:49,1.95,4000,180900
20240112,10:41:51,1.95,1000,180900
20240112,10:41:56,1.95,2000,180900
20240112,10:42:04,1.95,2150,180900
20240112,10:42:16,1.95,250,180900
20240112,10:42:17,1.95,200,180900
20240112,10:42:18,1.95,5400,180900
20240112,10:42:22,1.95,200,180900
20240112,10:42:32,1.95,500,180900
20240112,10:42:43,1.95,450,180900
20240112,10:42:44,1.95,500,180900
20240112,10:42:54,1.95,500,180900
20240112,10:43:13,2.0,1800,180900
20240112,10:43:22,1.95,150,180900
20240112,10:43:28,1.95,3200,180900
20240112,10:43:29,1.95,1950,180900
20240112,10:43:31,1.95,100,180900
20240112,10:43:39,1.95,600,180900
20240112,10:43:59,1.95,1400,180900
20240112,10:44:00,1.95,250,180900
20240112,10:44:01,1.95,500,180900
20240112,10:44:07,1.95,650,180900
20240112,10:46:03,2.0,350,192150
20240112,10:46:22,1.95,600,192150
20240112,10:46:49,1.95,1000,192150
20240112,10:46:49,2.05,10800,192150
20240112,10:46:50,2.0,4100,192150
20240112,10:46:57,2.0,1800,192150
20240112,10:47:01,2.0,550,192150
20240112,10:47:05,2.0,150,192150
20240112,10:47:06,1.95,750,192150
20240112,10:47:10,2.0,450,192150
20240112,10:47:32,2.05,1200,196500
20240112,10:47:35,2.0,1100,196500
20240112,10:47:36,2.0,800,196500
20240112,10:47:39,2.0,800,196500
20240112,10:47:54,2.0,300,196500
20240112,10:47:57,2.0,5000,196500
20240112,10:47:58,2.0,3150,196500
20240112,10:48:18,1.95,10800,196500
20240112,10:48:19,1.95,1100,196500
20240112,10:49:16,1.95,1850,196500
20240112,10:49:20,1.9,5050,196500
20240112,10:49:40,1.9,50,196500
20240112,10:49:40,2.0,5650,196500
20240112,10:49:51,2.0,100,196500
20240112,10:50:03,1.95,250,196500
20240112,10:50:08,2.0,50,196500
20240112,10:50:31,1.95,50,196500
20240112,10:51:09,2.0,4100,205700
20240112,10:51:11,2.0,1900,205700
20240112,10:51:11,2.0,250,205700
20240112,10:51:12,2.0,950,205700
20240112,10:51:24,2.0,2150,205700
20240112,10:51:25,2.0,900,205700
20240112,10:51:29,1.95,1600,205700
20240112,10:51:30,2.0,50,205700
20240112,10:51:44,2.0,1600,205700
20240112,10:51:45,2.0,950,205700
20240112,10:51:50,2.0,1450,205700
20240112,10:51:51,2.0,1400,205700
20240112,10:51:57,2.0,150,205700
20240112,10:52:24,2.0,300,205700
20240112,10:52:25,2.0,200,205700
20240112,10:52:26,2.05,2200,205700
20240112,10:52:30,2.0,200,205700
20240112,10:52:33,2.0,850,205700
20240112,10:53:09,2.0,600,205700
20240112,10:53:23,2.05,1000,205700
20240112,10:53:26,2.05,350,205700
20240112,10:53:29,2.0,600,205700
20240112,10:53:32,2.0,1150,205700
20240112,10:53:34,2.0,2000,205700
20240112,10:53:45,2.0,50,206500
20240112,10:53:58,2.0,100,206500
20240112,10:54:07,1.95,3950,206500
20240112,10:54:38,1.9,200,206500
20240112,10:54:39,1.9,550,206500
20240112,10:54:41,1.9,200,206500
20240112,10:54:42,1.9,200,206500
20240112,10:54:44,1.9,750,206500
20240112,10:55:09,1.9,900,206500
20240112,10:55:39,1.9,550,206500
20240112,10:55:42,1.9,50,206500
20240112,10:55:43,1.9,1800,206500
20240112,10:55:52,1.9,1050,206500
20240112,10:56:02,1.9,2500,206500
20240112,10:57:07,1.95,50,206500
20240112,10:57:21,1.9,250,208300
20240112,10:57:22,1.95,50,208300
20240112,10:58:11,1.9,50,208300
20240112,11:00:11,1.95,1000,208300
20240112,11:00:17,1.95,50,208300
20240112,11:00:20,1.9,150,208300
20240112,11:00:21,1.9,200,208300
20240112,11:00:23,1.9,750,208300
20240112,11:00:24,1.9,200,208300
20240112,11:00:26,1.9,400,208300
20240112,11:00:26,1.9,250,208300
20240112,11:00:27,1.9,600,208300
20240112,11:00:32,1.9,50,208300
20240112,11:00:33,1.9,50,208300
20240112,11:00:36,1.9,50,208300
20240112,11:00:37,1.9,50,208300
20240112,11:00:38,1.9,50,208300
20240112,11:00:39,1.9,50,208300
20240112,11:00:40,1.95,100,208300
20240112,11:00:41,1.9,50,208300
20240112,11:00:43,1.9,100,208300
20240112,11:00:44,1.9,50,208300
20240112,11:00:45,1.9,200,208300
20240112,11:00:46,1.9,200,208300
20240112,11:00:47,1.9,200,208300
20240112,11:00:48,1.9,200,208300
20240112,11:00:53,1.9,2100,208300
20240112,11:00:55,1.9,500,208300
20240112,11:01:18,1.9,300,208300
20240112,11:01:32,1.9,2300,208300
20240112,11:01:43,1.95,100,208300
20240112,11:01:45,1.95,100,208300
20240112,11:01:46,1.95,1850,208300
20240112,11:01:47,1.95,50,208300
20240112,11:01:49,1.95,100,208300
20240112,11:01:50,1.95,50,208300
20240112,11:01:51,1.95,50,208300
20240112,11:02:03,1.95,50,208300
20240112,11:02:04,1.95,50,208300
20240112,11:02:08,1.95,50,208300
20240112,11:02:09,1.95,50,208300
20240112,11:02:10,1.95,50,208300
20240112,11:02:16,1.95,1800,208300
20240112,11:02:18,1.95,4200,208300
20240112,11:02:19,1.95,5300,208300
20240112,11:02:22,1.95,650,208300
20240112,11:02:23,1.9,5250,208300
20240112,11:02:24,1.9,5200,208300
20240112,11:02:27,1.95,50,208300
20240112,11:02:28,1.95,50,208300
20240112,11:02:29,1.95,50,208300
20240112,11:02:36,1.95,50,208300
20240112,11:02:37,1.95,50,211700
20240112,11:02:38,1.95,50,211700
20240112,11:02:39,1.95,50,211700
20240112,11:02:40,1.95,50,211700
20240112,11:02:41,1.95,50,211700
20240112,11:02:42,1.95,50,211700
20240112,11:02:43,1.95,50,211700
20240112,11:02:44,1.95,150,211700
20240112,11:02:45,1.95,50,211700
20240112,11:02:53,2.0,50,211700
20240112,11:02:56,2.0,50,211700
20240112,11:02:57,2.0,50,211700
20240112,11:02:58,2.0,50,211700
20240112,11:02:59,2.0,100,211700
20240112,11:03:00,2.0,50,211700
20240112,11:03:01,2.0,50,211700
20240112,11:03:02,2.0,50,211700
20240112,11:03:03,2.0,50,211700
20240112,11:03:04,2.0,50,211700
20240112,11:03:05,2.0,50,211700
20240112,11:03:10,2.0,50,211700
20240112,11:03:11,1.95,1850,211700
20240112,11:03:14,2.0,4250,211700
20240112,11:03:15,2.0,50,211700
20240112,11:03:19,2.0,50,211700
20240112,11:04:06,2.0,50,211700
20240112,11:04:07,2.0,50,211700
20240112,11:04:08,2.0,50,211700
20240112,11:04:09,2.0,50,211700
20240112,11:04:10,2.0,50,211700
20240112,11:04:11,2.0,50,211700
20240112,11:04:12,2.0,50,211700
20240112,11:04:13,2.0,50,211700
20240112,11:04:14,2.0,50,211700
20240112,11:04:15,2.0,50,211700
20240112,11:04:16,2.0,50,211700
20240112,11:04:46,2.0,50,211700
20240112,11:04:48,2.0,50,211700
20240112,11:04:49,2.0,50,211700
20240112,11:04:49,1.95,1000,211700
20240112,11:04:50,2.0,1050,211700
20240112,11:04:53,2.0,50,211700
20240112,11:05:02,1.95,1200,211700
20240112,11:05:22,2.0,50,211700
20240112,11:05:33,2.0,50,211700
20240112,11:05:35,2.0,50,219450
20240112,11:05:37,2.0,50,219450
20240112,11:05:38,2.0,50,219450
20240112,11:05:39,2.0,50,219450
20240112,11:05:40,2.0,50,219450
20240112,11:05:41,2.0,100,219450
20240112,11:05:43,2.0,50,219450
20240112,11:05:59,2.0,1800,219450
20240112,11:06:03,2.0,200,219450
20240112,11:06:46,1.95,1000,219450
20240112,11:07:05,2.0,500,219450
20240112,11:07:37,1.95,50,219450
20240112,11:07:42,2.0,50,219450
20240112,11:07:50,1.95,500,219450
20240112,11:08:14,1.95,1100,219450
20240112,11:08:15,1.95,3950,219450
20240112,11:08:16,1.95,2650,219450
20240112,11:08:17,1.95,400,219450
20240112,11:08:18,1.95,2100,219450
20240112,11:08:19,1.95,1350,219450
20240112,11:08:20,1.95,550,219450
20240112,11:08:21,2.0,2650,219450
20240112,11:08:35,2.0,1100,219450
20240112,11:08:41,2.0,50,219450
20240112,11:09:09,1.95,2200,217950
20240112,11:09:09,1.95,2800,217950
20240112,11:09:52,1.95,50,217950
20240112,11:10:08,1.9,50,217950
20240112,11:10:09,1.9,50,217950
20240112,11:10:10,1.9,50,217950
20240112,11:10:11,1.9,50,217950
20240112,11:10:42,1.95,50,217950
20240112,11:10:53,1.9,50,217950
20240112,11:10:54,1.9,50,217950
20240112,11:10:56,1.9,100,217950
20240112,11:10:57,1.9,50,217950
20240112,11:10:58,1.9,50,217950
20240112,11:10:59,1.9,50,217950
20240112,11:11:00,1.9,50,217950
20240112,11:11:01,1.9,50,217950
20240112,11:11:02,1.9,50,217950
20240112,11:11:03,1.9,200,217950
20240112,11:11:04,1.9,200,217950
20240112,11:11:06,1.9,100,217950
20240112,11:11:06,1.9,1500,217950
20240112,11:11:07,1.9,50,217950
20240112,11:11:08,1.9,50,217950
20240112,11:11:09,1.9,50,217950
20240112,11:11:10,1.9,50,217950
20240112,11:11:11,1.9,50,217950
20240112,11:11:12,1.9,50,217950
20240112,11:11:13,1.9,50,217950
20240112,11:11:14,1.9,50,217950
20240112,11:11:15,1.9,1050,217950
20240112,11:11:16,1.9,150,217950
20240112,11:11:17,1.9,50,217950
20240112,11:11:18,1.9,200,217950
20240112,11:11:19,1.9,200,217950
20240112,11:11:21,1.9,5250,217950
20240112,11:11:33,1.9,50,217950
20240112,11:11:38,1.95,350,217950
20240112,11:11:39,1.9,1600,224450
20240112,11:11:40,1.9,50,224450
20240112,11:11:49,1.85,50,224450
20240112,11:11:51,1.85,50,224450
20240112,11:11:53,1.85,50,224450
20240112,11:11:54,1.85,50,224450
20240112,11:11:55,1.85,50,224450
20240112,11:11:56,1.85,50,224450
20240112,11:11:57,1.85,50,224450
20240112,11:11:58,1.85,50,224450
20240112,11:12:00,1.85,100,224450
20240112,11:12:01,1.85,50,224450
20240112,11:12:02,1.85,50,224450
20240112,11:12:03,1.85,50,224450
20240112,11:12:04,1.85,50,224450
20240112,11:12:05,1.85,50,224450
20240112,11:12:06,1.85,50,224450
20240112,11:12:07,1.85,50,224450
20240112,11:12:08,1.85,50,224450
20240112,11:12:09,1.85,50,224450
20240112,11:12:10,1.85,50,224450
20240112,11:12:11,1.85,50,224450
20240112,11:12:12,1.85,50,224450
20240112,11:12:13,1.85,50,224450
20240112,11:12:14,1.85,50,224450
20240112,11:12:15,1.85,50,224450
20240112,11:12:16,1.85,50,224450
20240112,11:12:17,1.85,50,224450
20240112,11:12:18,1.85,50,224450
20240112,11:12:19,1.85,50,224450
20240112,11:12:20,1.85,50,224450
20240112,11:12:22,1.85,100,224450
20240112,11:12:23,1.85,50,224450
20240112,11:12:24,1.85,50,224450
20240112,11:12:25,1.85,50,224450
20240112,11:12:26,1.85,50,224450
20240112,11:12:27,1.85,50,224450
20240112,11:12:28,1.85,50,224450
20240112,11:12:29,1.85,50,224450
20240112,11:12:36,1.85,5100,224450
20240112,11:12:38,1.85,50,224450
20240112,11:12:43,1.85,50,224450
20240112,11:12:45,1.85,50,224450
20240112,11:13:31,1.85,50,224450
20240112,11:13:32,1.85,50,224450
20240112,11:13:33,1.85,50,224450
20240112,11:13:35,1.85,50,224450
20240112,11:13:55,1.85,150,224450
20240112,11:14:08,1.9,5000,224450
20240112,11:14:21,1.9,150,224450
20240112,11:15:22,1.9,50,227750
20240112,11:16:47,1.85,4000,227750
20240112,11:16:50,1.85,4450,227750
20240112,11:16:51,1.85,1800,227750
20240112,11:17:51,1.85,150,230900
20240112,11:19:21,1.9,300,230900
20240112,11:19:33,1.9,1800,230900
20240112,11:20:03,1.9,2350,230900
20240112,11:20:52,1.85,50,230900
20240112,11:21:12,1.9,400,230500
20240112,11:21:14,1.9,50,230500
20240112,11:21:15,1.95,1800,230500
20240112,11:21:19,1.9,100,230500
20240112,11:21:20,1.9,200,230500
20240112,11:21:21,1.9,200,230500
20240112,11:21:23,1.9,400,230500
20240112,11:21:24,1.9,50,230500
20240112,11:21:27,1.9,50,230500
20240112,11:21:28,1.9,50,230500
20240112,11:21:29,1.9,50,230500
20240112,11:21:30,1.9,50,230500
20240112,11:21:31,1.9,50,230500
20240112,11:21:32,1.9,200,230500
20240112,11:21:33,1.9,200,230500
20240112,11:21:34,1.9,200,230500
20240112,11:21:36,1.9,50,230500
20240112,11:21:37,1.9,50,230500
20240112,11:21:38,1.9,50,230500
20240112,11:21:39,1.9,50,230500
20240112,11:21:40,1.9,50,230500
20240112,11:21:42,1.9,100,230500
20240112,11:21:43,1.9,50,230500
20240112,11:21:44,1.9,50,230500
20240112,11:21:46,1.9,100,230500
20240112,11:21:47,1.9,50,230500
20240112,11:21:48,1.9,50,230500
20240112,11:21:49,1.9,50,230500
20240112,11:21:50,1.9,50,230500
20240112,11:22:08,1.9,50,230500
20240112,11:22:51,1.95,500,230500
20240112,11:22:57,1.95,500,230500
20240112,11:23:42,1.9,2150,229450
20240112,11:23:42,1.9,1000,229450
20240112,11:23:53,1.9,1000,229450
20240112,11:25:18,1.9,800,229450
20240112,11:25:41,1.9,3600,229450
20240112,11:25:42,1.9,5850,229450
20240112,11:26:02,1.95,500,229450
20240112,11:27:02,1.95,100,239800
20240112,11:27:54,1.9,400,239800
20240112,11:28:00,1.9,1600,239800
20240112,11:28:04,1.9,400,239800
20240112,11:28:06,1.95,1800,239800
20240112,11:28:07,1.9,400,239800
20240112,11:28:08,1.95,2200,239800
20240112,11:28:11,1.95,1300,239800
20240112,11:28:13,1.95,1800,239800
20240112,11:28:28,1.95,200,239800
20240112,11:28:31,1.95,5900,239800
20240112,11:28:31,1.95,350,239800
20240112,11:28:57,1.95,50,239800
20240112,11:28:58,1.95,50,239800
20240112,11:29:22,1.95,50,239800
20240112,11:30:13,1.95,100,239800
20240112,11:30:14,2.0,50,240500
20240112,11:31:15,2.0,50,240500
20240112,11:31:16,1.95,350,240500
20240112,11:31:18,1.95,1150,240500
20240112,11:31:19,2.0,3300,240500
20240112,11:31:21,1.95,250,240500
20240112,11:31:24,1.95,450,240500
20240112,11:31:25,1.95,250,240500
20240112,11:31:26,1.95,600,240500
20240112,11:31:31,1.95,50,240500
20240112,11:32:04,1.95,50,240500
20240112,11:32:50,1.9,50,240500
20240112,11:32:51,1.95,50,241350
20240112,11:32:56,1.9,50,241350
20240112,11:33:48,1.95,3250,241350
20240112,11:33:49,1.95,1800,241350
20240112,11:33:51,1.95,2300,241350
20240112,11:33:51,1.95,100,241350
20240112,11:34:04,1.95,550,241350
20240112,11:34:11,1.95,550,241350
20240112,11:34:14,1.95,100,241350
20240112,11:34:16,1.95,250,241350
20240112,11:34:23,1.95,250,241350
20240112,11:34:30,1.95,300,241350
20240112,11:34:35,1.95,50,241350
20240112,11:35:35,2.0,50,241350
20240112,11:36:08,1.95,100,240500
20240112,11:36:11,1.95,50,240500
20240112,11:36:18,1.95,50,240500
20240112,11:36:24,1.95,50,240500
20240112,11:36:34,1.95,50,240500
20240112,11:36:47,1.95,50,240500
20240112,11:37:06,1.95,50,240500
20240112,11:37:09,1.95,50,240500
20240112,11:37:19,1.95,250,240500
20240112,11:37:37,1.9,7300,240500
20240112,11:37:41,1.9,50,240500
20240112,11:37:59,1.9,2400,240500
20240112,11:38:17,1.95,50,240500
20240112,11:38:18,1.95,50,240500
20240112,11:38:20,1.95,50,240500
20240112,11:38:22,1.95,50,240500
20240112,11:38:23,1.9,200,240500
20240112,11:38:24,1.95,50,240500
20240112,11:38:25,1.95,50,240500
20240112,11:38:26,1.95,50,240500
20240112,11:38:27,1.95,50,240500
20240112,11:38:28,1.95,50,240500
20240112,11:38:29,1.95,50,240500
20240112,11:38:37,1.95,50,240500
20240112,11:38:42,1.95,700,244400
20240112,11:38:43,1.95,5100,244400
20240112,11:38:54,1.95,850,244400
20240112,11:38:54,1.95,1200,244400
20240112,11:38:57,1.95,50,244400
20240112,11:39:03,1.95,600,244400
20240112,11:39:10,2.0,50,244400
20240112,11:39:12,2.0,50,244400
20240112,11:39:13,2.0,50,244400
20240112,11:39:15,2.0,50,244400
20240112,11:39:16,2.0,50,244400
20240112,11:39:17,1.95,50,244400
20240112,11:39:20,2.0,50,244400
20240112,11:39:24,1.95,100,244400
20240112,11:39:27,2.0,50,244400
20240112,11:39:29,2.0,50,244400
20240112,11:39:31,2.0,50,244400
20240112,11:39:32,2.0,50,244400
20240112,11:39:33,2.0,50,244400
20240112,11:39:35,2.0,50,244400
20240112,11:39:39,2.0,50,244400
20240112,11:39:40,2.0,50,244400
20240112,11:39:42,2.0,50,244400
20240112,11:39:43,2.0,50,244400
20240112,11:39:45,2.0,50,244400
20240112,11:39:46,2.0,50,244400
20240112,11:39:58,2.0,50,244400
20240112,11:39:59,1.95,4000,244400
20240112,11:40:06,2.0,5450,244400
20240112,11:40:38,1.95,50,244400
20240112,11:40:40,2.0,50,244400
20240112,11:40:42,2.0,1800,244400
20240112,11:40:43,2.0,3750,244400
20240112,11:40:43,2.0,1000,244400
20240112,11:40:44,2.0,2150,244400
20240112,11:40:45,2.0,250,244400
20240112,11:40:46,2.0,50,244400
20240112,11:40:48,2.0,300,244400
20240112,11:40:49,2.0,50,244400
20240112,11:40:51,2.0,50,244400
20240112,11:40:56,2.0,50,244400
20240112,11:40:59,2.05,50,244400
20240112,11:41:17,2.0,50,244400
20240112,11:41:17,2.05,1850,244400
20240112,11:41:22,2.0,50,244400
20240112,11:41:40,2.0,250,245650
20240112,11:41:41,2.05,50,245650
20240112,11:41:42,2.05,50,245650
20240112,11:41:43,2.05,50,245650
20240112,11:41:44,2.05,50,245650
20240112,11:41:45,2.05,50,245650
20240112,11:41:46,2.05,50,245650
20240112,11:41:47,2.05,50,245650
20240112,11:41:50,2.05,50,245650
20240112,11:41:51,2.05,50,245650
20240112,11:41:55,2.0,50,245650
20240112,11:41:58,2.05,650,245650
20240112,11:42:01,2.0,250,245650
20240112,11:42:02,2.05,50,245650
20240112,11:42:03,2.0,250,245650
20240112,11:42:08,2.05,50,245650
20240112,11:42:17,2.05,250,245650
20240112,11:42:26,2.05,50,245650
20240112,11:42:28,2.0,2000,245650
20240112,11:42:29,2.05,50,245650
20240112,11:42:31,2.05,50,245650
20240112,11:42:32,2.05,50,245650
20240112,11:42:33,2.05,50,245650
20240112,11:42:35,2.05,50,245650
20240112,11:42:37,2.05,50,245650
20240112,11:42:39,2.05,50,245650
20240112,11:42:41,2.05,50,245650
20240112,11:42:42,2.05,50,245650
20240112,11:42:47,2.05,50,245650
20240112,11:42:49,2.05,50,245650
20240112,11:42:50,2.05,50,245650
20240112,11:42:53,2.05,50,245650
20240112,11:43:03,2.0,1000,245650
20240112,11:43:07,2.05,3600,245650
20240112,11:43:33,2.0,1000,245650
20240112,11:44:00,2.05,50,245650
20240112,11:44:01,2.05,50,245650
20240112,11:44:02,2.05,50,245650
20240112,11:44:03,2.05,50,245650
20240112,11:44:04,2.05,50,245650
20240112,11:44:05,2.05,50,245650
20240112,11:44:06,2.05,50,245650
20240112,11:44:08,2.05,100,245650
20240112,11:44:09,2.05,50,245650
20240112,11:44:10,2.05,50,245650
20240112,11:44:11,2.05,100,245650
20240112,11:45:01,2.05,50,248900
20240112,11:45:02,2.05,50,248900
20240112,11:45:03,2.05,50,248900
20240112,11:45:04,2.05,50,248900
20240112,11:45:05,2.05,50,248900
20240112,11:45:06,2.05,50,248900
20240112,11:45:08,2.05,100,248900
20240112,11:45:09,2.05,50,248900
20240112,11:45:09,2.05,100,248900
20240112,11:45:10,2.05,50,248900
20240112,11:45:11,2.05,1850,248900
20240112,11:45:12,2.05,1850,248900
20240112,11:45:13,2.05,4800,248900
20240112,11:45:14,2.1,50,248900
20240112,11:45:15,2.1,50,248900
20240112,11:45:17,2.1,100,248900
20240112,11:45:18,2.1,50,248900
20240112,11:45:19,2.1,50,248900
20240112,11:45:27,2.1,50,248900
20240112,11:45:33,2.1,50,248900
20240112,11:45:34,2.1,50,248900
20240112,11:45:35,2.1,50,248900
20240112,11:45:36,2.1,50,248900
20240112,11:45:37,2.1,50,248900
20240112,11:45:38,2.1,50,248900
20240112,11:45:39,2.1,50,248900
20240112,11:45:40,2.1,50,248900
20240112,11:45:41,2.1,50,248900
20240112,11:45:42,2.1,50,248900
20240112,11:45:43,2.1,50,248900
20240112,11:45:44,2.1,50,248900
20240112,11:45:45,2.1,50,248900
20240112,11:45:46,2.1,50,248900
20240112,11:45:47,2.1,50,248900
20240112,11:45:48,2.1,50,248900
20240112,11:45:49,2.1,50,248900
20240112,11:45:50,2.1,50,248900
20240112,11:45:51,2.1,150,248900
20240112,11:45:52,2.1,50,248900
20240112,11:45:53,2.1,200,248900
20240112,11:45:54,2.1,50,248900
20240112,11:45:55,2.1,50,248900
20240112,11:45:56,2.1,50,248900
20240112,11:45:57,2.1,50,248900
20240112,11:45:59,2.1,50,248900
20240112,11:46:00,2.1,100,248900
20240112,11:46:06,2.1,50,248900
20240112,11:46:09,2.1,50,248900
20240112,11:46:10,2.1,50,248900
20240112,11:46:11,2.1,50,248900
20240112,11:46:12,2.1,50,248900
20240112,11:46:13,2.1,50,248900
20240112,11:46:14,2.1,100,248900
20240112,11:46:15,2.1,50,248900
20240112,11:46:16,2.1,50,248900
20240112,11:46:18,2.1,1950,248900
20240112,11:46:19,2.1,3750,248900
20240112,11:46:20,2.1,250,248900
20240112,11:46:21,2.1,50,248900
20240112,11:46:25,2.15,50,248900
20240112,11:46:28,2.15,50,248900
20240112,11:46:30,2.15,50,248900
20240112,11:46:39,2.15,50,248900
20240112,11:46:40,2.1,1900,248900
20240112,11:46:41,2.1,1400,248900
20240112,11:46:44,2.1,800,248900
20240112,11:46:45,2.1,50,248900
20240112,11:46:46,2.05,1050,248900
20240112,11:46:47,2.1,50,248900
20240112,11:46:48,2.05,3400,248900
20240112,11:46:49,2.1,550,248900
20240112,11:46:51,2.1,1850,248900
20240112,11:46:57,2.1,150,248900
20240112,11:47:10,2.05,800,248900
20240112,11:47:36,2.1,200,248900
20240112,11:47:38,2.05,1000,248900
20240112,11:48:01,2.05,50,248900
20240112,11:48:27,2.1,1800,259550
20240112,11:49:44,2.05,350,259550
20240112,11:49:52,2.1,2400,259550
20240112,11:49:53,2.1,8400,259550
20240112,11:49:54,2.1,100,259550
20240112,11:49:56,2.1,50,259550
20240112,11:50:53,2.15,1800,259650
20240112,11:51:29,2.1,50,259650
20240112,11:53:32,2.1,1800,259650
20240112,11:54:59,2.1,50,260250
20240112,11:55:11,2.1,150,260250
20240112,11:55:31,2.1,1100,260250
20240112,11:56:33,2.15,50,260250
20240112,11:56:39,2.1,3150,260250
20240112,11:56:45,2.05,50,257300
20240112,11:56:46,2.1,100,257300
20240112,11:57:24,2.1,50,257300
20240112,11:58:02,2.05,1800,257300
20240112,11:58:20,2.05,1400,257300
20240112,11:58:21,2.05,150,257300
20240112,11:58:22,2.05,3900,257300
20240112,11:58:38,2.1,50,257300
20240112,11:59:21,2.05,100,257300
20240112,11:59:25,2.05,50,257300
20240112,11:59:30,2.05,6000,257300
20240112,11:59:46,2.1,250,257300
20240112,12:00:25,2.0,6350,256000
20240112,12:00:26,2.05,50,256000
20240112,12:00:27,2.05,50,256000
20240112,12:00:29,2.05,850,256000
20240112,12:00:31,2.05,2150,256000
20240112,12:00:31,2.05,50,256000
20240112,12:00:32,2.05,50,256000
20240112,12:00:36,2.05,350,256000
20240112,12:00:37,2.05,650,256000
20240112,12:01:05,2.05,50,256000
20240112,12:01:16,2.05,250,256000
20240112,12:01:19,2.05,50,256000
20240112,12:01:42,2.05,450,256000
20240112,12:01:50,2.05,50,256000
20240112,12:02:12,2.1,100,256000
20240112,12:02:16,2.05,50,256000
20240112,12:02:28,2.1,150,256000
20240112,12:02:29,2.1,50,256000
20240112,12:02:30,2.1,50,256000
20240112,12:02:31,2.1,50,256000
20240112,12:02:32,2.1,50,256000
20240112,12:02:33,2.1,50,256000
20240112,12:02:34,2.1,50,256000
20240112,12:02:35,2.1,50,256000
20240112,12:02:36,2.1,150,256000
20240112,12:02:46,2.1,100,258500
20240112,12:03:06,2.05,1800,258500
20240112,12:03:12,2.05,1800,258500
20240112,12:03:13,2.1,100,258500
20240112,12:03:21,2.05,1400,258500
20240112,12:03:24,2.1,100,258500
20240112,12:03:26,2.1,100,258500
20240112,12:03:34,2.05,1850,258500
20240112,12:03:35,2.05,50,258500
20240112,12:03:40,2.05,350,258500
20240112,12:03:41,2.05,350,258500
20240112,12:03:44,2.0,3000,258500
20240112,12:03:46,2.0,300,258500
20240112,12:03:47,2.05,100,258500
20240112,12:03:52,2.05,100,258500
20240112,12:03:57,2.05,100,258500
20240112,12:04:05,2.0,50,258500
20240112,12:04:06,2.0,50,258500
20240112,12:04:07,2.0,1800,258500
20240112,12:04:09,2.0,1800,258500
20240112,12:04:17,2.05,450,258500
20240112,12:04:18,2.05,100,258500
20240112,12:04:21,2.0,550,258500
20240112,12:04:25,2.0,1800,258500
20240112,12:04:30,1.95,3300,258500
20240112,12:04:30,2.0,450,258500
20240112,12:04:37,2.0,1450,258500
20240112,12:04:41,2.05,1350,258500
20240112,12:04:41,2.05,300,258500
20240112,12:04:49,2.05,50,258500
20240112,12:04:51,2.05,1350,258500
20240112,12:04:52,2.0,100,258500
20240112,12:04:57,2.05,100,258500
20240112,12:05:00,2.0,50,258500
20240112,12:05:01,2.05,1750,258500
20240112,12:05:02,2.0,50,258500
20240112,12:05:03,2.0,50,258500
20240112,12:05:10,2.0,600,258500
20240112,12:05:12,2.0,1700,258500
20240112,12:05:13,2.0,2600,258500
20240112,12:05:17,1.95,150,258500
20240112,12:05:18,1.95,50,258500
20240112,12:05:19,1.95,50,258500
20240112,12:05:20,1.95,50,258500
20240112,12:05:22,1.95,600,258500
20240112,12:05:25,1.95,100,258500
20240112,12:05:26,1.95,50,258500
20240112,12:05:30,1.95,3600,258500
20240112,12:05:31,1.95,550,258500
20240112,12:05:43,2.0,50,258500
20240112,12:05:44,2.0,400,257050
20240112,12:06:03,2.0,100,257050
20240112,12:06:11,2.0,100,257050
20240112,12:06:16,2.0,100,257050
20240112,12:06:17,1.95,5750,257050
20240112,12:06:25,2.0,100,257050
20240112,12:06:26,1.95,900,257050
20240112,12:06:34,1.95,600,257050
20240112,12:06:37,2.0,100,257050
20240112,12:06:58,2.0,100,257050
20240112,12:07:06,2.0,100,257050
20240112,12:07:24,2.0,150,257050
20240112,12:07:31,1.95,4800,257050
20240112,12:07:32,1.95,9250,257050
20240112,12:07:33,1.95,5400,257050
20240112,12:07:54,1.95,50,257050
20240112,12:07:55,1.95,50,257050
20240112,12:07:56,1.95,100,257050
20240112,12:07:57,1.95,50,257050
20240112,12:07:58,1.95,50,257050
20240112,12:07:59,1.95,50,257050
20240112,12:08:00,1.95,50,257050
20240112,12:08:01,1.95,200,257050
20240112,12:08:02,1.95,200,257050
20240112,12:08:03,1.95,50,257050
20240112,12:08:04,1.95,50,257050
20240112,12:08:05,1.9,600,257050
20240112,12:08:06,1.9,50,257050
20240112,12:08:07,1.9,50,257050
20240112,12:08:08,1.95,850,257050
20240112,12:08:09,1.95,50,257050
20240112,12:08:10,1.95,200,257050
20240112,12:08:11,1.95,200,257050
20240112,12:08:12,1.95,2200,257050
20240112,12:08:13,1.95,850,257050
20240112,12:08:14,1.9,550,257050
20240112,12:08:15,1.95,1250,257050
20240112,12:08:16,1.95,50,257050
20240112,12:08:17,1.95,50,257050
20240112,12:08:18,1.95,50,257050
20240112,12:08:19,1.95,50,257050
20240112,12:08:20,1.95,8550,257050
20240112,12:08:22,1.95,50,257050
20240112,12:08:23,1.95,200,257050
20240112,12:08:24,1.95,300,257050
20240112,12:08:25,1.95,300,257050
20240112,12:08:26,1.95,300,257050
20240112,12:08:32,1.95,5400,257050
20240112,12:08:33,1.95,4400,257050
20240112,12:08:38,1.95,250,257050
20240112,12:08:40,1.95,50,257050
20240112,12:08:46,1.95,50,271350
20240112,12:09:08,2.0,50,271350
20240112,12:09:09,1.95,100,271350
20240112,12:09:30,1.95,950,271350
20240112,12:09:34,1.95,2900,271350
20240112,12:09:36,1.95,1800,271350
20240112,12:09:39,1.95,6400,271350
20240112,12:09:47,1.95,50,271350
20240112,12:10:16,1.9,1800,271350
20240112,12:10:32,1.95,450,271350
20240112,12:10:51,1.9,50,271350
20240112,12:11:29,1.9,50,271350
20240112,12:11:30,1.9,900,271350
20240112,12:11:40,1.9,3000,271350
20240112,12:11:42,1.9,50,271350
20240112,12:11:51,1.9,250,271350
20240112,12:11:57,1.85,1800,261200
20240112,12:11:58,1.85,1800,261200
20240112,12:11:59,1.85,3600,261200
20240112,12:12:00,1.85,5400,261200
20240112,12:12:01,1.85,2450,261200
20240112,12:12:03,1.85,450,261200
20240112,12:12:17,1.9,1400,261200
20240112,12:12:30,1.9,2600,261200
20240112,12:13:51,1.9,200,261200
20240112,12:13:53,1.9,300,261200
20240112,12:13:53,1.9,350,261200
20240112,12:14:25,1.9,250,261200
20240112,12:15:00,1.9,600,261200
20240112,12:15:43,1.9,250,270550
20240112,12:15:45,1.9,50,270550
20240112,12:16:13,1.9,50,270550
20240112,12:17:08,1.9,6100,270550
20240112,12:17:10,1.9,50,270550
20240112,12:17:18,1.9,50,270550
20240112,12:17:21,1.95,50,270550
20240112,12:17:56,1.95,50,270300
20240112,12:18:29,1.95,1800,270300
20240112,12:18:31,1.95,2200,270300
20240112,12:18:43,1.95,350,270300
20240112,12:18:44,1.95,300,270300
20240112,12:18:45,1.95,250,270300
20240112,12:18:46,1.95,200,270300
20240112,12:18:54,1.95,4650,270300
20240112,12:19:04,1.95,450,270300
20240112,12:19:10,2.0,1600,270300
20240112,12:19:12,1.95,250,270300
20240112,12:19:13,1.95,1500,270300
20240112,12:19:55,1.95,2000,270300
20240112,12:20:37,1.95,100,270300
20240112,12:21:49,1.95,100,268800
20240112,12:21:54,1.95,300,268800
20240112,12:21:57,1.95,350,268800
20240112,12:21:59,1.95,250,268800
20240112,12:22:09,1.95,1000,268800
20240112,12:23:34,2.0,150,268800
20240112,12:24:04,2.0,200,268800
20240112,12:25:33,2.0,50,268900
20240112,12:26:09,2.0,250,268900
20240112,12:26:11,2.0,50,268900
20240112,12:26:14,1.95,50,268900
20240112,12:29:59,2.0,50,268900
20240112,12:30:50,2.0,50,268950
20240112,12:31:52,2.0,50,268950
20240112,12:32:30,1.95,2350,268950
20240112,12:32:31,1.95,3000,268950
20240112,12:33:48,2.0,50,270950
20240112,12:33:54,1.95,1250,270950
20240112,12:34:34,1.95,250,270950
20240112,12:34:35,1.95,250,270950
20240112,12:34:41,1.95,600,270950
20240112,12:34:42,1.95,400,270950
20240112,12:34:43,1.95,500,270950
20240112,12:36:39,1.95,150,270950
20240112,12:38:20,1.95,50,270650
20240112,12:39:32,1.95,200,270650
20240112,12:39:58,1.95,2400,270850
20240112,12:40:47,1.9,50,270850
20240112,12:41:09,1.9,5750,270850
20240112,12:41:14,1.9,1500,270850
20240112,12:41:37,1.95,100,270850
20240112,12:41:39,1.95,100,270850
20240112,12:41:43,1.9,50,270850
20240112,12:41:45,1.95,100,270850
20240112,12:41:48,1.95,100,270850
20240112,12:42:03,1.95,500,271250
20240112,12:42:06,1.95,100,271250
20240112,12:42:07,1.95,100,271250
20240112,12:42:08,1.95,100,271250
20240112,12:42:10,1.95,450,271250
20240112,12:45:37,1.9,200,271250
20240112,12:46:56,1.95,5750,271250
20240112,12:46:57,1.95,250,271250
20240112,12:46:59,1.95,2000,271250
20240112,12:47:01,1.95,2200,271250
20240112,12:47:05,1.95,2100,271250
20240112,12:47:09,1.95,1800,271250
20240112,12:47:12,1.95,50,271250
20240112,12:47:33,1.9,200,271250
20240112,12:47:40,1.95,200,271250
20240112,12:47:47,1.9,200,271250
20240112,12:47:59,1.9,200,259750
20240112,12:48:36,1.95,50,259750
20240112,12:48:43,1.9,200,259750
20240112,12:49:12,1.9,200,259750
20240112,12:49:29,1.95,50,259750
20240112,12:49:36,1.9,200,259750
20240112,12:49:57,1.9,200,259750
20240112,12:50:07,1.9,200,259750
20240112,12:50:11,1.95,300,259750
20240112,12:50:34,1.95,250,259750
20240112,12:50:36,1.95,50,259750
20240112,12:50:40,1.95,250,259750
20240112,12:50:59,1.95,50,259700
20240112,12:51:11,1.95,250,259700
20240112,12:51:12,1.95,250,259700
20240112,12:51:42,1.95,50,259700
20240112,12:51:43,1.9,300,259700
20240112,12:51:47,1.95,50,259700
20240112,12:51:58,1.95,1100,259700
20240112,12:52:02,1.95,500,259700
20240112,12:52:11,1.95,200,259700
20240112,12:52:12,1.95,200,259700
20240112,12:52:13,1.95,200,259700
20240112,12:52:33,1.95,200,259700
20240112,12:54:08,2.0,50,259700
20240112,12:54:51,1.95,9300,258900
20240112,12:54:53,1.95,1000,258900
20240112,12:54:57,2.0,50,258900
20240112,12:55:08,2.0,50,258900
20240112,12:55:30,2.0,50,258900
20240112,12:55:39,2.0,1000,258900
20240112,12:55:50,2.05,15450,258900
20240112,12:55:51,2.05,1800,258900
20240112,12:56:10,2.0,900,258900
20240112,12:56:13,2.0,550,258900
20240112,12:56:15,2.0,800,258900
20240112,12:56:19,2.05,700,258900
20240112,12:56:24,2.05,50,258900
20240112,12:56:25,2.05,1250,258900
20240112,12:56:26,2.05,300,258900
20240112,12:57:10,2.05,400,258900
20240112,12:57:15,2.1,5200,258900
20240112,12:57:16,2.15,1800,258900
20240112,12:57:26,2.15,1800,258900
20240112,12:57:44,2.15,50,258900
20240112,12:57:45,2.15,500,258900
20240112,12:57:46,2.15,50,258900
20240112,12:58:03,2.15,7300,258900
20240112,12:58:11,2.2,250,258900
20240112,12:58:12,2.2,7200,258900
20240112,12:58:19,2.2,250,258900
20240112,12:58:40,2.2,1200,258900
20240112,12:58:44,2.2,6100,258900
20240112,12:58:51,2.2,3150,258900
20240112,12:58:54,2.2,2950,258900
20240112,12:59:04,2.2,250,258900
20240112,12:59:06,2.2,50,258900
20240112,12:59:07,2.2,50,258900
20240112,12:59:08,2.2,50,258900
20240112,12:59:09,2.2,100,258900
20240112,12:59:10,2.2,50,258900
20240112,12:59:11,2.2,50,258900
20240112,12:59:12,2.2,50,258900
20240112,12:59:13,2.2,2250,258900
20240112,12:59:14,2.2,50,258900
20240112,12:59:21,2.2,50,258900
20240112,12:59:23,2.2,100,258900
20240112,12:59:24,2.2,100,258900
20240112,12:59:25,2.2,100,258900
20240112,12:59:26,2.2,7400,258900
20240112,12:59:27,2.2,1800,258900
20240112,13:00:07,2.2,500,258900
20240112,13:00:11,2.15,600,254750
20240112,13:00:14,2.15,100,254750
20240112,13:00:17,2.15,500,254750
20240112,13:00:18,2.15,300,254750
20240112,13:00:20,2.2,500,254750
20240112,13:00:23,2.2,400,254750
20240112,13:00:25,2.15,50,254750
20240112,13:00:35,2.2,400,254750
20240112,13:00:37,2.2,5900,254750
20240112,13:01:26,2.2,250,254750
20240112,13:01:35,2.25,250,254750
20240112,13:03:09,2.25,2750,255650
20240112,13:03:48,2.25,750,255650
20240112,13:03:51,2.2,100,255650
20240112,13:03:53,2.2,400,255650
20240112,13:03:58,2.25,1800,255650
20240112,13:04:27,2.25,50,255650
20240112,13:04:28,2.25,100,255650
20240112,13:04:29,2.25,50,255650
20240112,13:04:30,2.25,50,255650
20240112,13:04:31,2.25,50,255650
20240112,13:04:32,2.25,50,255650
20240112,13:04:33,2.25,50,255650
20240112,13:04:34,2.25,50,255650
20240112,13:04:35,2.25,50,255650
20240112,13:04:36,2.25,50,255650
20240112,13:04:37,2.25,50,255650
20240112,13:04:38,2.25,50,255650
20240112,13:04:39,2.25,50,255650
20240112,13:04:40,2.25,150,255650
20240112,13:04:41,2.25,150,255650
20240112,13:04:42,2.25,150,255650
20240112,13:04:44,2.25,50,255650
20240112,13:04:45,2.25,50,255650
20240112,13:04:46,2.25,50,255650
20240112,13:04:47,2.25,50,255650
20240112,13:04:48,2.25,1250,255650
20240112,13:04:49,2.25,50,255650
20240112,13:04:50,2.25,50,255650
20240112,13:04:51,2.25,50,255650
20240112,13:04:52,2.25,50,255650
20240112,13:04:54,2.25,50,255650
20240112,13:04:57,2.25,50,255650
20240112,13:04:58,2.25,3850,255650
20240112,13:04:59,2.25,4500,255650
20240112,13:05:00,2.3,50,255650
20240112,13:05:01,2.3,100,255650
20240112,13:05:02,2.3,50,255650
20240112,13:05:03,2.3,50,255650
20240112,13:05:04,2.3,550,255650
20240112,13:05:05,2.3,50,255650
20240112,13:05:06,2.3,50,255650
20240112,13:05:07,2.3,50,255650
20240112,13:05:08,2.3,50,255650
20240112,13:05:09,2.3,50,255650
20240112,13:05:10,2.3,50,255650
20240112,13:05:11,2.3,50,255650
20240112,13:05:12,2.3,50,255650
20240112,13:05:13,2.3,50,255650
20240112,13:05:14,2.3,50,255650
20240112,13:05:17,2.3,50,255650
20240112,13:05:18,2.3,50,255650
20240112,13:05:19,2.3,50,255650
20240112,13:05:20,2.3,50,255650
20240112,13:05:21,2.3,50,255650
20240112,13:05:22,2.3,50,255650
20240112,13:05:23,2.3,50,255650
20240112,13:05:24,2.3,50,255650
20240112,13:05:25,2.3,50,255650
20240112,13:05:26,2.3,50,255650
20240112,13:05:27,2.3,50,255650
20240112,13:05:28,2.3,50,255650
20240112,13:05:29,2.3,50,255650
20240112,13:05:30,2.3,50,255650
20240112,13:05:31,2.3,50,255650
20240112,13:05:32,2.3,50,255650
20240112,13:05:33,2.3,50,255650
20240112,13:05:37,2.3,500,255650
20240112,13:05:40,2.3,1400,255650
20240112,13:05:42,2.3,250,255650
20240112,13:05:43,2.3,50,255650
20240112,13:05:44,2.3,750,255650
20240112,13:05:45,2.3,7750,255650
20240112,13:05:47,2.3,2650,255650
20240112,13:05:49,2.3,2950,255650
20240112,13:05:51,2.3,1050,255650
20240112,13:05:52,2.3,5400,255650
20240112,13:05:53,2.35,650,255650
20240112,13:05:56,2.35,50,269450
20240112,13:06:04,2.3,50,269450
20240112,13:06:07,2.3,50,269450
20240112,13:06:08,2.35,250,269450
20240112,13:06:09,2.3,500,269450
20240112,13:06:10,2.3,7850,269450
20240112,13:06:17,2.3,50,269450
20240112,13:06:27,2.35,3600,269450
20240112,13:06:28,2.35,22050,269450
20240112,13:06:29,2.35,50,269450
20240112,13:06:30,2.35,50,269450
20240112,13:06:31,2.35,50,269450
20240112,13:06:32,2.4,300,269450
20240112,13:06:33,2.4,50,269450
20240112,13:06:35,2.35,50,269450
20240112,13:06:36,2.35,50,269450
20240112,13:06:37,2.35,50,269450
20240112,13:06:40,2.35,300,269450
20240112,13:06:42,2.35,50,269450
20240112,13:06:43,2.35,50,269450
20240112,13:07:11,2.35,50,269450
20240112,13:07:14,2.35,50,269450
20240112,13:07:19,2.35,650,269450
20240112,13:07:39,2.35,1800,269450
20240112,13:07:40,2.35,1800,269450
20240112,13:07:42,2.35,1150,269450
20240112,13:07:49,2.35,50,269450
20240112,13:07:52,2.35,50,269450
20240112,13:08:01,2.4,100,269450
20240112,13:08:09,2.35,50,269450
20240112,13:08:10,2.4,650,269450
20240112,13:08:11,2.4,650,269450
20240112,13:08:13,2.4,5050,269450
20240112,13:08:14,2.4,500,269450
20240112,13:08:15,2.4,450,269450
20240112,13:08:51,2.4,50,269450
20240112,13:09:03,2.35,50,269450
20240112,13:09:39,2.35,200,259200
20240112,13:09:41,2.35,250,259200
20240112,13:09:49,2.35,500,259200
20240112,13:10:01,2.4,50,259200
20240112,13:10:02,2.4,50,259200
20240112,13:10:03,2.4,50,259200
20240112,13:10:04,2.4,50,259200
20240112,13:10:14,2.4,50,259200
20240112,13:10:15,2.4,50,259200
20240112,13:10:16,2.4,50,259200
20240112,13:10:17,2.4,50,259200
20240112,13:10:18,2.4,50,259200
20240112,13:10:19,2.4,50,259200
20240112,13:10:20,2.4,50,259200
20240112,13:10:21,2.4,50,259200
20240112,13:10:22,2.4,50,259200
20240112,13:10:23,2.4,50,259200
20240112,13:10:24,2.4,150,259200
20240112,13:10:25,2.4,150,259200
20240112,13:10:26,2.4,50,259200
20240112,13:10:27,2.35,100,259200
20240112,13:10:28,2.4,50,259200
20240112,13:10:29,2.4,50,259200
20240112,13:10:44,2.4,50,259200
20240112,13:10:46,2.4,50,259200
20240112,13:10:52,2.35,50,259200
20240112,13:11:20,2.4,5900,259200
20240112,13:11:31,2.35,50,259200
20240112,13:11:49,2.35,250,259200
20240112,13:11:50,2.35,600,259200
20240112,13:11:51,2.4,1000,259200
20240112,13:12:01,2.35,50,254950
20240112,13:12:48,2.35,50,254950
20240112,13:13:02,2.35,500,254950
20240112,13:13:19,2.35,50,254950
20240112,13:13:25,2.4,1000,254950
20240112,13:13:40,2.4,1800,254950
20240112,13:13:46,2.35,50,254950
20240112,13:14:10,2.35,200,254950
20240112,13:14:15,2.4,1000,254950
20240112,13:14:22,2.35,1500,254950
20240112,13:14:24,2.35,1500,254950
20240112,13:14:34,2.4,100,254950
20240112,13:15:14,2.4,200,253650
20240112,13:15:15,2.4,3000,253650
20240112,13:15:17,2.4,750,253650
20240112,13:15:18,2.45,1850,253650
20240112,13:15:26,2.45,150,253650
20240112,13:15:32,2.4,50,253650
20240112,13:15:54,2.4,1800,253650
20240112,13:16:07,2.5,7700,253650
20240112,13:16:09,2.5,1800,253650
20240112,13:16:18,2.5,400,253650
20240112,13:16:19,2.45,250,253650
20240112,13:16:49,2.45,600,253650
20240112,13:16:54,2.45,250,253650
20240112,13:16:59,2.45,450,253650
20240112,13:17:15,2.45,250,253650
20240112,13:17:17,2.5,4000,253650
20240112,13:17:23,2.45,1800,253650
20240112,13:17:26,2.5,1600,253650
20240112,13:17:27,2.5,2000,253650
20240112,13:17:35,2.45,1800,253650
20240112,13:17:49,2.45,1800,253650
20240112,13:18:13,2.5,1900,260150
20240112,13:18:16,2.45,50,260150
20240112,13:18:26,2.5,1100,260150
20240112,13:19:14,2.5,250,260150
20240112,13:19:20,2.45,250,260150
20240112,13:19:22,2.5,850,260150
20240112,13:19:23,2.5,1600,260150
20240112,13:19:24,2.45,350,260150
20240112,13:19:37,2.45,450,260150
20240112,13:19:41,2.45,550,260150
20240112,13:19:44,2.45,250,260150
20240112,13:20:04,2.45,50,260150
20240112,13:20:14,2.45,250,260150
20240112,13:20:24,2.5,50,260150
20240112,13:20:26,2.5,50,260150
20240112,13:20:27,2.5,50,260150
20240112,13:20:28,2.5,50,260150
20240112,13:20:29,2.5,50,260150
20240112,13:20:31,2.5,50,260150
20240112,13:20:32,2.5,500,260150
20240112,13:20:33,2.5,50,260150
20240112,13:20:34,2.45,150,260150
20240112,13:20:43,2.5,1800,260150
20240112,13:20:46,2.5,2800,260150
20240112,13:22:56,2.45,100,260150
20240112,13:22:58,2.45,250,255200
20240112,13:23:00,2.45,600,255200
20240112,13:23:02,2.45,1450,255200
20240112,13:23:07,2.45,500,255200
20240112,13:23:14,2.45,1800,255200
20240112,13:23:19,2.45,900,255200
20240112,13:23:19,2.45,600,255200
20240112,13:23:35,2.45,1800,255200
20240112,13:23:50,2.5,1800,255200
20240112,13:23:57,2.45,1900,251800
20240112,13:24:02,2.45,1800,251800
20240112,13:24:10,2.5,800,251800
20240112,13:25:01,2.5,150,251800
20240112,13:25:22,2.5,250,251800
20240112,13:25:28,2.55,5000,251800
20240112,13:25:36,2.55,1800,251800
20240112,13:25:42,2.55,3200,251800
20240112,13:25:43,2.5,350,251800
20240112,13:25:50,2.5,50,251800
20240112,13:25:52,2.5,250,251800
20240112,13:25:57,2.5,500,251800
20240112,13:26:01,2.5,300,251800
20240112,13:26:06,2.5,750,251800
20240112,13:26:08,2.5,50,251800
20240112,13:26:14,2.45,5100,251800
20240112,13:26:15,2.5,3250,251800
20240112,13:26:16,2.5,6250,251800
20240112,13:26:17,2.5,1500,251800
20240112,13:26:23,2.5,250,251800
20240112,13:26:32,2.5,250,251800
20240112,13:27:26,2.5,250,249400
20240112,13:28:32,2.55,1800,249400
20240112,13:29:00,2.55,50,249400
20240112,13:29:18,2.55,50,249400
20240112,13:29:20,2.5,250,249400
20240112,13:31:30,2.55,50,249550
20240112,13:31:43,2.5,1050,249550
20240112,13:32:02,2.5,500,249550
20240112,13:32:18,2.5,500,249550
20240112,13:32:53,2.5,300,249550
20240112,13:33:33,2.45,1050,249550
20240112,13:33:56,2.45,4200,250850
20240112,13:33:57,2.45,50,250850
20240112,13:33:58,2.45,1200,250850
20240112,13:34:00,2.45,100,250850
20240112,13:34:26,2.45,100,250850
20240112,13:34:57,2.45,1800,250850
20240112,13:35:18,2.45,4250,250850
20240112,13:35:21,2.45,1800,250850
20240112,13:35:32,2.45,50,250850
20240112,13:35:34,2.45,1700,250850
20240112,13:35:37,2.45,3300,250850
20240112,13:35:38,2.45,50,250850
20240112,13:35:39,2.45,50,250850
20240112,13:35:44,2.45,500,250850
20240112,13:35:52,2.45,600,250850
20240112,13:35:56,2.45,650,250850
20240112,13:35:57,2.45,500,250850
20240112,13:36:35,2.45,3250,259700
20240112,13:36:38,2.45,50,259700
20240112,13:36:45,2.45,50,259700
20240112,13:37:47,2.5,50,259700
20240112,13:38:06,2.45,50,259700
20240112,13:38:36,2.45,50,259700
20240112,13:39:59,2.45,50,258950
20240112,13:40:22,2.45,100,258950
20240112,13:40:33,2.5,900,258950
20240112,13:40:41,2.45,50,258950
20240112,13:41:16,2.5,5000,258950
20240112,13:41:17,2.55,4900,258950
20240112,13:41:18,2.55,1350,258950
20240112,13:41:23,2.55,1050,258950
20240112,13:41:26,2.55,50,258950
20240112,13:41:26,2.55,200,258950
20240112,13:42:00,2.6,2000,258950
20240112,13:42:02,2.65,3000,260200
20240112,13:42:41,2.65,4250,260200
20240112,13:42:53,2.75,2100,260200
20240112,13:42:55,2.75,1150,260200
20240112,13:42:56,2.8,250,260200
20240112,13:42:59,2.8,150,260200
20240112,13:43:07,2.75,1800,260200
20240112,13:43:08,2.75,2650,260200
20240112,13:43:19,2.7,50,260200
20240112,13:43:23,2.7,50,260200
20240112,13:43:29,2.7,50,260200
20240112,13:43:56,2.75,550,260200
20240112,13:43:57,2.7,50,260200
20240112,13:44:14,2.75,50,260200
20240112,13:45:18,2.7,400,258850
20240112,13:46:01,2.7,3500,258850
20240112,13:46:18,2.7,250,258850
20240112,13:46:21,2.7,250,258850
20240112,13:46:23,2.75,1800,258850
20240112,13:46:24,2.7,450,258850
20240112,13:46:37,2.7,250,258850
20240112,13:46:51,2.7,250,258850
20240112,13:47:53,2.7,50,258850
20240112,13:47:56,2.7,50,258850
20240112,13:47:58,2.7,250,258850
20240112,13:48:03,2.7,250,258850
20240112,13:48:04,2.7,300,258850
20240112,13:48:08,2.75,4650,258850
20240112,13:48:10,2.75,500,258850
20240112,13:48:32,2.7,50,258850
20240112,13:48:41,2.7,50,258850
20240112,13:48:53,2.75,6500,258850
20240112,13:49:22,2.75,1800,258850
20240112,13:49:30,2.75,3900,258850
20240112,13:49:30,2.75,350,258850
20240112,13:49:47,2.75,650,258850
20240112,13:50:43,2.75,600,258850
20240112,13:50:52,2.8,1600,258850
20240112,13:50:53,2.8,400,258850
20240112,13:50:59,2.8,200,258850
20240112,13:51:00,2.8,450,258850
20240112,13:51:01,2.75,100,252200
20240112,13:51:02,2.75,350,252200
20240112,13:51:03,2.75,50,252200
20240112,13:51:04,2.8,800,252200
20240112,13:51:05,2.8,200,252200
20240112,13:51:07,2.75,650,252200
20240112,13:51:08,2.75,450,252200
20240112,13:52:01,2.8,700,252200
20240112,13:52:16,2.8,4050,252200
20240112,13:52:24,2.75,50,252200
20240112,13:52:26,2.85,1150,252200
20240112,13:52:26,2.85,1100,252200
20240112,13:53:02,2.8,1800,252200
20240112,13:53:40,2.85,600,252200
20240112,13:53:40,2.85,50,252200
20240112,13:53:42,2.85,1250,252200
20240112,13:53:44,2.9,1800,252200
20240112,13:54:02,2.9,250,252200
20240112,13:54:43,2.85,300,252850
20240112,13:54:46,2.85,950,252850
20240112,13:54:51,2.85,250,252850
20240112,13:54:59,2.85,250,252850
20240112,13:55:01,2.9,800,252850
20240112,13:55:09,2.85,250,252850
20240112,13:55:18,2.85,250,252850
20240112,13:55:27,2.85,250,252850
20240112,13:55:34,2.9,200,252850
20240112,13:55:35,2.85,600,252850
20240112,13:55:38,2.85,250,252850
20240112,13:55:42,2.85,250,252850
20240112,13:55:48,2.85,250,252850
20240112,13:55:51,2.85,250,252850
20240112,13:55:52,2.85,400,252850
20240112,13:56:02,2.9,500,252850
20240112,13:56:24,2.85,250,252850
20240112,13:56:25,2.85,300,252850
20240112,13:56:26,2.85,250,252850
20240112,13:56:28,2.85,250,252850
20240112,13:56:39,2.85,5100,252850
20240112,13:56:40,2.85,650,252850
20240112,13:56:42,2.8,350,252850
20240112,13:56:44,2.85,400,252850
20240112,13:57:01,2.9,300,252850
20240112,13:57:12,2.85,50,252450
20240112,13:57:52,2.85,1000,252450
20240112,13:58:01,2.9,300,252450
20240112,13:58:18,2.85,1000,252450
20240112,13:58:38,2.85,50,252450
20240112,13:59:09,2.85,50,252450
20240112,13:59:15,2.85,250,252450
20240112,13:59:18,2.85,50,252450
20240112,13:59:23,2.85,100,252450
20240112,13:59:46,2.85,300,252450
20240112,13:59:59,2.85,250,252450
20240112,14:00:00,2.85,1800,252450
20240112,14:00:02,2.85,2600,253650
20240112,14:00:25,2.85,1800,253650
20240112,14:00:46,2.8,500,253650
20240112,14:00:49,2.8,1000,253650
20240112,14:00:51,2.75,300,253650
20240112,14:00:54,2.8,50,253650
20240112,14:01:03,2.8,50,253650
20240112,14:01:04,2.8,50,253650
20240112,14:01:44,2.75,4350,253650
20240112,14:01:49,2.75,100,253650
20240112,14:01:59,2.75,100,253650
20240112,14:02:06,2.75,250,253650
20240112,14:02:27,2.75,50,253650
20240112,14:02:39,2.7,500,253650
20240112,14:03:06,2.75,200,256000
20240112,14:03:19,2.75,1800,256000
20240112,14:05:30,2.75,1000,256000
20240112,14:05:50,2.7,5700,256000
20240112,14:05:52,2.7,500,256000
20240112,14:06:13,2.75,350,255700
20240112,14:06:18,2.7,50,255700
20240112,14:06:22,2.75,300,255700
20240112,14:06:23,2.75,1800,255700
20240112,14:06:26,2.75,550,255700
20240112,14:06:52,2.75,250,255700
20240112,14:07:11,2.75,1800,255700
20240112,14:07:13,2.75,50,255700
20240112,14:07:23,2.75,1800,255700
20240112,14:07:32,2.75,1800,255700
20240112,14:07:55,2.75,1100,255700
20240112,14:08:07,2.7,4600,255700
20240112,14:08:08,2.7,50,255700
20240112,14:08:14,2.7,150,255700
20240112,14:10:06,2.7,1800,260100
20240112,14:10:14,2.7,4250,260100
20240112,14:10:31,2.7,50,260100
20240112,14:10:53,2.7,50,260100
20240112,14:10:58,2.7,750,260100
20240112,14:11:00,2.65,100,260100
20240112,14:11:02,2.65,50,260100
20240112,14:11:05,2.65,50,260100
20240112,14:11:06,2.65,50,260100
20240112,14:11:07,2.65,50,260100
20240112,14:11:08,2.65,50,260100
20240112,14:11:10,2.65,50,260100
20240112,14:11:11,2.65,50,260100
20240112,14:11:12,2.65,50,260100
20240112,14:11:14,2.65,50,260100
20240112,14:11:18,2.65,50,260100
20240112,14:11:20,2.65,250,260100
20240112,14:11:21,2.65,50,260100
20240112,14:11:23,2.65,50,260100
20240112,14:11:24,2.65,50,260100
20240112,14:11:40,2.65,2000,260100
20240112,14:11:54,2.65,1800,260100
20240112,14:12:05,2.65,1800,263500
20240112,14:12:46,2.65,800,263500
20240112,14:13:13,2.65,50,263500
20240112,14:14:41,2.65,50,263500
20240112,14:14:45,2.6,100,263500
20240112,14:14:53,2.6,1000,263500
20240112,14:14:57,2.6,50,263500
20240112,14:14:58,2.6,50,263500
20240112,14:14:59,2.6,50,263500
20240112,14:15:00,2.6,50,263500
20240112,14:15:01,2.6,50,263500
20240112,14:15:02,2.6,50,263500
20240112,14:15:03,2.6,50,263500
20240112,14:15:04,2.6,50,265550
20240112,14:15:05,2.6,50,265550
20240112,14:15:06,2.65,100,265550
20240112,14:15:07,2.6,50,265550
20240112,14:15:08,2.6,50,265550
20240112,14:15:09,2.6,50,265550
20240112,14:15:10,2.6,50,265550
20240112,14:15:11,2.6,50,265550
20240112,14:15:12,2.6,200,265550
20240112,14:15:13,2.6,200,265550
20240112,14:15:14,2.6,200,265550
20240112,14:15:15,2.6,50,265550
20240112,14:15:21,2.6,50,265550
20240112,14:15:23,2.6,50,265550
20240112,14:15:24,2.6,50,265550
20240112,14:15:25,2.6,50,265550
20240112,14:15:27,2.6,50,265550
20240112,14:15:28,2.6,50,265550
20240112,14:15:29,2.6,50,265550
20240112,14:15:30,2.6,50,265550
20240112,14:15:31,2.6,50,265550
20240112,14:15:32,2.6,50,265550
20240112,14:15:33,2.6,50,265550
20240112,14:15:34,2.6,50,265550
20240112,14:15:35,2.6,50,265550
20240112,14:15:36,2.6,50,265550
20240112,14:15:37,2.6,50,265550
20240112,14:15:38,2.6,50,265550
20240112,14:15:39,2.6,50,265550
20240112,14:15:40,2.6,50,265550
20240112,14:15:41,2.6,50,265550
20240112,14:15:42,2.6,50,265550
20240112,14:15:43,2.6,50,265550
20240112,14:15:44,2.6,50,265550
20240112,14:15:46,2.6,50,265550
20240112,14:15:47,2.6,8350,265550
20240112,14:15:49,2.6,50,265550
20240112,14:17:01,2.65,200,265550
20240112,14:17:03,2.65,200,265550
20240112,14:17:43,2.6,250,265550
20240112,14:17:44,2.6,1800,265550
20240112,14:18:01,2.6,200,265550
20240112,14:18:04,2.6,2300,265550
20240112,14:18:35,2.6,250,263400
20240112,14:18:52,2.55,1800,263400
20240112,14:18:53,2.55,2500,263400
20240112,14:18:58,2.6,500,263400
20240112,14:19:28,2.6,2000,263400
20240112,14:21:07,2.6,500,263400
20240112,14:21:51,2.55,100,262850
20240112,14:22:06,2.55,50,262850
20240112,14:22:32,2.6,50,262850
20240112,14:22:58,2.6,3350,262850
20240112,14:23:01,2.6,100,262850
20240112,14:23:04,2.6,300,262850
20240112,14:23:05,2.6,1250,262850
20240112,14:23:12,2.6,100,262850
20240112,14:23:45,2.6,250,262850
20240112,14:23:47,2.55,50,262850
20240112,14:23:53,2.6,250,262850
20240112,14:24:03,2.55,100,262850
20240112,14:24:10,2.6,100,263350
20240112,14:25:13,2.6,350,263350
20240112,14:25:15,2.55,50,263350
20240112,14:25:22,2.6,50,263350
20240112,14:25:33,2.55,1800,263350
20240112,14:25:44,2.55,1500,263350
20240112,14:25:45,2.55,450,263350
20240112,14:25:46,2.55,750,263350
20240112,14:25:47,2.55,500,263350
20240112,14:25:59,2.55,50,263350
20240112,14:25:59,2.6,50,263350
20240112,14:26:29,2.55,450,263350
20240112,14:26:31,2.55,300,263350
20240112,14:26:32,2.55,450,263350
20240112,14:26:33,2.55,150,263350
20240112,14:26:36,2.55,150,263350
20240112,14:26:36,2.55,1100,263350
20240112,14:26:57,2.6,250,263350
20240112,14:26:58,2.6,850,263350
20240112,14:27:00,2.6,300,263350
20240112,14:27:03,2.6,250,263350
20240112,14:27:04,2.6,350,263350
20240112,14:27:35,2.6,250,267000
20240112,14:27:38,2.6,50,267000
20240112,14:27:39,2.6,50,267000
20240112,14:27:48,2.6,50,267000
20240112,14:27:51,2.6,300,267000
20240112,14:28:04,2.6,50,267000
20240112,14:28:12,2.6,2150,267000
20240112,14:28:38,2.65,1300,267000
20240112,14:28:42,2.65,50,267000
20240112,14:28:43,2.65,3850,267000
20240112,14:28:50,2.6,450,267000
20240112,14:30:27,2.65,3950,266950
20240112,14:30:34,2.65,550,266950
20240112,14:30:40,2.65,500,266950
20240112,14:30:55,2.65,1200,266950
20240112,14:31:12,2.6,50,266950
20240112,14:31:13,2.6,50,266950
20240112,14:33:05,2.65,50,266950
20240112,14:33:09,2.6,50,267000
20240112,14:33:45,2.65,450,267000
20240112,14:33:46,2.65,600,267000
20240112,14:33:47,2.65,450,267000
20240112,14:34:11,2.65,250,267000
20240112,14:34:13,2.65,700,267000
20240112,14:34:13,2.65,550,267000
20240112,14:34:14,2.65,250,267000
20240112,14:34:18,2.6,1500,267000
20240112,14:34:21,2.6,1500,267000
20240112,14:34:22,2.6,1500,267000
20240112,14:34:34,2.65,550,267000
20240112,14:34:35,2.65,250,267000
20240112,14:34:37,2.65,250,267000
20240112,14:34:38,2.6,1500,267000
20240112,14:34:40,2.65,250,267000
20240112,14:35:00,2.65,250,267000
20240112,14:35:04,2.6,500,267000
20240112,14:35:08,2.65,700,267000
20240112,14:35:10,2.65,350,267000
20240112,14:36:02,2.65,300,267000
20240112,14:36:14,2.65,600,265500
20240112,14:36:23,2.65,100,265500
20240112,14:36:31,2.65,50,265500
20240112,14:36:38,2.65,1450,265500
20240112,14:36:42,2.7,300,265500
20240112,14:36:43,2.75,4050,265500
20240112,14:36:55,2.7,300,265500
20240112,14:36:57,2.75,300,265500
20240112,14:37:08,2.75,700,265500
20240112,14:37:11,2.75,7200,265500
20240112,14:37:13,2.85,4200,265500
20240112,14:37:46,2.85,150,265500
20240112,14:37:56,2.85,50,265500
20240112,14:38:05,2.85,3600,265500
20240112,14:38:06,2.85,8450,265500
20240112,14:38:07,2.9,5400,265500
20240112,14:38:08,2.9,5400,265500
20240112,14:38:09,2.9,1800,265500
20240112,14:38:31,2.9,100,265500
20240112,14:38:49,2.85,250,265500
20240112,14:38:52,2.85,250,265500
20240112,14:38:54,2.85,500,265500
20240112,14:38:59,2.85,650,265500
20240112,14:39:03,2.85,550,265500
20240112,14:39:04,2.85,250,265500
20240112,14:39:11,2.85,250,265500
20240112,14:39:17,2.9,200,270050
20240112,14:39:18,2.85,450,270050
20240112,14:39:38,2.85,500,270050
20240112,14:40:11,2.9,1000,270050
20240112,14:40:15,2.9,100,270050
20240112,14:40:36,2.85,250,270050
20240112,14:40:37,2.85,250,270050
20240112,14:40:41,2.85,500,270050
20240112,14:41:02,2.85,2000,270050
20240112,14:41:14,2.9,2700,270050
20240112,14:41:34,2.9,50,270050
20240112,14:41:35,2.9,550,270050
20240112,14:41:52,2.9,50,270050
20240112,14:42:09,2.85,150,270050
20240112,14:42:14,2.9,700,271550
20240112,14:42:25,2.9,3350,271550
20240112,14:42:52,2.9,4150,271550
20240112,14:43:01,2.9,1650,271550
20240112,14:43:04,2.9,8600,271550
20240112,14:43:16,2.95,1200,271550
20240112,14:43:17,2.95,2400,271550
20240112,14:43:52,2.95,150,271550
20240112,14:44:01,2.95,300,271550
20240112,14:44:15,2.95,250,271550
20240112,14:44:16,2.9,250,271550
20240112,14:44:18,2.9,1600,271550
20240112,14:44:27,2.85,1600,271550
20240112,14:44:36,2.9,500,271550
20240112,14:44:50,2.85,250,271550
20240112,14:44:53,2.85,250,271550
20240112,14:44:54,2.85,250,271550
20240112,14:45:17,2.9,250,270250
20240112,14:45:23,2.85,250,270250
20240112,14:45:24,2.85,250,270250
20240112,14:45:25,2.85,250,270250
20240112,14:45:30,2.85,400,270250
20240112,14:45:44,2.85,1200,270250
20240112,14:45:45,2.85,2850,270250
20240112,14:46:28,2.85,400,270250
20240112,14:46:28,2.85,200,270250
20240112,14:46:41,2.85,250,270250
20240112,14:46:55,2.8,150,270250
20240112,14:47:04,2.8,11500,270250
20240112,14:47:13,2.75,8750,270250
20240112,14:47:14,2.75,2000,270250
20240112,14:47:40,2.75,5400,270250
20240112,14:48:05,2.75,600,270250
20240112,14:48:05,2.75,250,270250
20240112,14:48:48,2.75,8850,270350
20240112,14:48:51,2.75,2300,270350
20240112,14:48:53,2.75,6750,270350
20240112,14:48:55,2.75,5800,270350
20240112,14:49:30,2.75,50,270350
20240112,14:49:45,2.75,50,270350
20240112,14:49:48,2.75,1100,270350
20240112,14:49:54,2.75,250,270350
20240112,14:49:59,2.75,1600,270350
20240112,14:50:00,2.75,800,270350
20240112,14:50:01,2.75,3100,270350
20240112,14:50:01,2.7,50,270350
20240112,14:50:12,2.65,2700,270350
20240112,14:50:18,2.7,4250,270350
20240112,14:50:21,2.7,2000,270350
20240112,14:50:40,2.65,50,270350
20240112,14:50:44,2.65,1200,270350
20240112,14:50:57,2.65,50,270350
20240112,14:51:16,2.7,1000,270350
20240112,14:51:24,2.7,1000,268350
20240112,14:51:25,2.65,2150,268350
20240112,14:51:31,2.65,1100,268350
20240112,14:51:32,2.65,350,268350
20240112,14:51:37,2.7,8150,268350
20240112,14:51:39,2.7,1000,268350
20240112,14:51:42,2.65,500,268350
20240112,14:51:43,2.65,500,268350
20240112,14:51:47,2.65,4100,268350
20240112,14:51:51,2.7,300,268350
20240112,14:51:53,2.7,1650,268350
20240112,14:51:56,2.7,300,268350
