date,time,tick_price,volume,open_interest
20240207,09:15:20,2.95,900,1650
20240207,09:15:32,2.95,350,1650
20240207,09:15:46,2.95,300,1650
20240207,09:16:28,2.95,100,1650
20240207,09:17:17,2.9,250,1650
20240207,09:17:29,2.85,50,1650
20240207,09:17:40,2.85,300,1650
20240207,09:17:52,2.85,900,1650
20240207,09:18:05,2.85,350,1650
20240207,09:18:15,2.85,350,1650
20240207,09:19:00,2.85,50,1650
20240207,09:19:10,2.95,100,1650
20240207,09:19:28,2.95,150,1650
20240207,09:19:38,2.95,50,3700
20240207,09:20:06,2.9,100,3700
20240207,09:20:27,2.95,50,3700
20240207,09:20:46,2.95,50,3700
20240207,09:20:56,2.95,50,3700
20240207,09:21:04,2.95,50,3700
20240207,09:21:14,2.75,50,3700
20240207,09:21:35,2.75,50,3700
20240207,09:21:46,2.95,300,3700
20240207,09:22:16,2.95,50,3700
20240207,09:22:26,2.95,50,3700
20240207,09:22:58,2.95,50,4050
20240207,09:23:08,2.95,300,4050
20240207,09:23:28,2.95,300,4050
20240207,09:24:08,2.9,100,4050
20240207,09:24:40,2.85,50,4050
20240207,09:25:48,2.95,50,4700
20240207,09:26:09,2.95,50,4700
20240207,09:27:03,2.9,50,4700
20240207,09:36:11,2.8,50,4700
20240207,10:03:54,2.75,300,4750
20240207,10:32:14,2.7,150,4900
20240207,10:40:47,2.55,200,4900
20240207,10:47:36,2.55,500,4700
20240207,10:53:09,2.55,350,4700
20240207,10:53:16,2.7,600,4700
20240207,10:53:48,2.65,50,4700
20240207,10:54:24,2.75,50,4700
20240207,10:54:28,2.7,300,4700
20240207,10:54:32,2.75,100,4700
20240207,11:01:08,2.75,50,3750
20240207,11:02:56,2.8,150,3750
20240207,11:06:27,2.8,50,3650
20240207,11:09:45,2.8,50,3650
20240207,11:20:33,2.6,100,3700
20240207,11:21:10,2.6,50,3700
20240207,11:33:43,2.8,100,3600
20240207,11:33:51,2.8,50,3600
20240207,11:33:59,2.8,50,3600
20240207,11:34:31,2.8,50,3600
20240207,11:39:24,2.8,50,3850
20240207,11:40:15,2.8,100,3850
20240207,11:41:22,2.8,50,4000
20240207,11:41:38,2.8,50,4000
20240207,11:42:05,2.7,50,4000
20240207,11:47:00,2.6,150,4150
20240207,11:47:08,2.55,50,4150
20240207,11:48:17,2.6,50,4150
20240207,11:50:46,2.55,50,4000
20240207,11:57:40,2.7,50,3950
20240207,11:59:11,2.65,50,4000
20240207,11:59:26,2.7,450,4000
20240207,12:01:34,2.65,50,4000
20240207,12:05:07,2.55,50,3900
20240207,12:10:23,2.55,50,3850
20240207,12:13:25,2.55,50,3800
20240207,12:34:37,2.4,50,3750
20240207,12:35:36,2.4,100,3700
20240207,12:36:26,2.35,250,3700
20240207,12:38:15,2.35,150,3650
20240207,12:38:22,2.35,50,3650
20240207,12:38:34,2.35,50,3650
20240207,12:44:21,2.45,500,3900
20240207,12:44:40,2.55,500,3900
20240207,12:44:46,2.5,50,3900
20240207,12:54:34,2.5,100,3950
20240207,12:54:41,2.5,50,3950
20240207,12:55:08,2.5,50,3950
20240207,12:58:56,2.5,50,3950
20240207,13:09:33,2.5,250,3950
20240207,13:14:09,2.5,50,3750
20240207,13:26:38,2.5,50,3750
20240207,13:32:26,2.5,50,3750
20240207,13:32:37,2.5,50,3750
20240207,13:33:02,2.5,50,3750
20240207,13:34:00,2.5,50,3750
20240207,13:37:46,2.5,50,3750
20240207,13:39:58,2.5,50,3800
20240207,13:41:04,2.5,50,3800
20240207,13:41:47,2.5,150,3900
20240207,13:41:59,2.5,50,3900
20240207,13:42:08,2.5,100,3900
20240207,13:42:17,2.5,550,3900
20240207,13:42:37,2.4,150,3900
20240207,13:42:45,2.4,50,3900
20240207,13:43:16,2.35,50,3900
20240207,13:43:33,2.35,50,3900
20240207,13:43:50,2.3,50,3900
20240207,13:43:56,2.3,50,3900
20240207,13:44:11,2.35,50,3900
20240207,13:47:12,2.4,50,4050
20240207,13:48:45,2.45,100,4050
20240207,13:50:50,2.35,50,3900
20240207,13:50:55,2.3,100,3900
20240207,13:50:59,2.25,200,3900
20240207,13:53:36,2.25,50,3950
20240207,13:54:33,2.3,50,3950
20240207,13:57:57,2.2,250,4050
20240207,14:12:28,2.55,500,4000
20240207,14:15:04,2.25,200,4450
20240207,14:16:25,2.2,50,4450
20240207,14:18:48,2.2,100,4350
20240207,14:18:58,2.2,50,4350
20240207,14:19:06,2.2,50,4350
20240207,14:20:03,2.15,50,4350
20240207,14:20:35,2.15,50,4300
20240207,14:21:12,2.15,200,4300
20240207,14:21:43,2.15,50,4300
20240207,14:26:25,2.15,50,4300
20240207,14:26:45,2.15,50,4300
20240207,14:34:22,2.15,50,4200
20240207,14:35:09,2.15,50,4200
20240207,14:35:38,2.2,550,4100
20240207,14:35:59,2.25,1100,4100
20240207,14:39:08,2.25,50,4650
20240207,14:39:22,2.25,50,4650
20240207,14:40:43,2.25,50,4650
20240207,14:43:05,2.2,100,4500
20240207,14:45:00,2.2,50,4600
20240207,14:45:47,2.2,100,4600
20240207,14:49:25,2.2,200,4650
20240207,14:50:27,2.15,50,4650
20240207,14:51:37,2.1,50,4650
20240207,15:00:16,2.1,50,4650
20240207,15:00:27,2.2,250,4650
20240207,15:02:52,2.1,150,4550
20240207,15:03:40,2.1,50,4550
20240207,15:06:16,2.1,50,4550
20240207,15:11:50,2.05,50,4600
20240207,15:13:26,2.05,50,4600
20240207,15:19:02,2.05,50,4600
20240207,15:19:21,2.05,50,4600
20240207,15:20:55,2.15,100,4600
20240207,15:23:16,2.1,100,4600
20240207,15:25:38,1.7,1300,4500
20240207,15:25:44,1.7,500,4500
20240207,15:26:02,1.7,100,4500
20240207,15:26:08,1.9,50,4500
20240207,15:26:25,1.9,50,4500
20240207,15:26:31,1.9,50,4050
20240207,15:26:37,1.95,500,4050
20240207,15:27:36,1.95,250,4050
20240207,15:27:51,1.95,250,4050
20240207,15:28:14,1.95,150,4050
20240208,09:15:07,1.9,1,3600
20240208,09:15:07,1.9,550,3600
20240208,09:15:19,1.95,100,3600
20240208,09:15:28,1.95,100,3600
20240208,09:16:08,1.7,50,3600
20240208,09:16:15,1.7,100,3600
20240208,09:16:25,1.75,50,3600
20240208,09:16:32,1.75,50,3600
20240208,09:16:49,1.75,50,4450
20240208,09:16:56,1.75,50,4450
20240208,09:17:20,1.85,50,4450
20240208,09:17:31,1.9,50,4450
20240208,09:20:30,1.85,250,4650
20240208,09:21:17,1.9,50,4650
20240208,09:24:04,1.8,50,4450
20240208,09:24:24,1.85,100,4450
20240208,09:25:49,1.75,150,4350
20240208,09:32:04,1.85,450,4400
20240208,09:32:50,1.75,50,4400
20240208,09:32:59,1.75,50,4400
20240208,09:33:09,1.75,100,4400
20240208,09:33:59,1.85,50,4400
20240208,09:34:08,1.85,200,4400
20240208,09:34:37,1.75,50,4400
20240208,09:34:56,1.9,100,4600
20240208,09:36:27,1.8,150,4600
20240208,09:37:04,1.8,400,4600
20240208,09:37:22,1.85,800,4600
20240208,09:37:31,1.85,50,4600
20240208,09:37:40,1.85,50,4600
20240208,09:37:49,1.8,100,4600
20240208,09:37:59,1.85,100,4950
20240208,09:38:19,1.85,600,4950
20240208,09:38:29,1.85,50,4950
20240208,09:38:49,1.85,250,4950
20240208,09:40:01,1.9,250,4950
20240208,09:42:30,1.9,200,6050
20240208,09:42:51,1.85,150,6050
20240208,09:43:01,1.9,50,6050
20240208,09:46:06,1.85,50,6150
20240208,09:46:15,1.85,100,6150
20240208,09:46:37,1.85,50,6150
20240208,09:46:58,1.85,50,6050
20240208,09:49:43,1.8,50,6050
20240208,09:50:12,1.8,100,6050
20240208,09:57:03,1.7,2000,6150
20240208,09:58:06,1.8,250,6150
20240208,09:58:43,1.8,50,6150
20240208,09:58:52,1.8,50,5050
20240208,09:59:29,1.85,50,5050
20240208,10:00:42,1.8,250,5050
20240208,10:02:12,1.75,50,5400
20240208,10:02:27,1.8,50,5400
20240208,10:03:17,1.8,100,5400
20240208,10:03:45,1.85,100,5400
20240208,10:04:30,1.8,50,5400
20240208,10:04:49,1.8,50,5400
20240208,10:04:59,1.8,50,5650
20240208,10:06:17,1.65,50,5650
20240208,10:08:27,1.65,50,5650
20240208,10:08:52,1.8,100,5650
20240208,10:09:12,1.85,50,5650
20240208,10:09:23,1.85,100,5650
20240208,10:09:52,1.85,100,5650
20240208,10:10:11,1.9,100,5650
20240208,10:16:16,1.95,150,5700
20240208,10:16:35,1.95,50,5700
20240208,10:19:20,1.95,50,5850
20240208,10:20:20,1.8,150,5900
20240208,10:24:41,1.8,50,5900
20240208,10:26:40,1.75,50,5900
20240208,10:26:49,1.75,50,5900
20240208,10:28:08,1.7,50,5900
20240208,10:28:17,1.7,50,5900
20240208,10:41:26,1.75,300,5950
20240208,10:41:35,1.75,700,5950
20240208,10:45:17,1.75,50,6350
20240208,10:48:30,1.8,50,6350
20240208,10:58:02,1.85,50,6400
20240208,10:58:14,1.75,600,6400
20240208,10:58:26,1.75,100,6400
20240208,11:00:20,1.85,50,5750
20240208,11:00:31,1.85,50,5750
20240208,11:01:52,1.35,500,5750
20240208,11:03:13,1.35,50,5500
20240208,11:04:32,2.0,100,5500
20240208,11:04:42,2.05,200,5500
20240208,11:05:18,2.05,500,5500
20240208,11:06:05,1.8,400,5500
20240208,11:06:24,1.75,50,5500
20240208,11:06:55,1.7,50,5500
20240208,11:08:06,1.7,100,4850
20240208,11:08:15,1.7,100,4850
20240208,11:08:25,1.85,100,4850
20240208,11:08:34,1.9,200,4850
20240208,11:11:40,2.05,100,4750
20240208,11:11:58,2.0,300,4750
20240208,11:12:17,2.1,100,4750
20240208,11:13:45,2.1,50,4750
20240208,11:14:02,2.1,150,4750
20240208,11:14:20,1.95,200,4900
20240208,11:14:45,2.05,50,4900
20240208,11:15:18,2.0,400,4900
20240208,11:15:35,2.1,500,4900
20240208,11:17:18,1.95,100,4150
20240208,11:17:27,1.9,150,4150
20240208,11:18:23,1.9,50,4150
20240208,11:21:18,1.85,50,3900
20240208,11:21:27,1.85,500,3900
20240208,11:23:37,1.8,100,3850
20240208,11:23:45,1.8,50,3850
20240208,11:24:24,1.9,100,3850
20240208,11:25:46,1.9,50,3850
20240208,11:26:04,1.9,100,3900
20240208,11:26:20,1.9,50,3900
20240208,11:26:36,1.85,50,3900
20240208,11:27:02,1.85,50,3900
20240208,11:27:46,1.8,50,3900
20240208,11:29:33,1.7,50,4000
20240208,11:30:39,1.8,100,4000
20240208,11:30:56,1.85,100,4000
20240208,11:31:04,1.85,50,4000
20240208,11:31:29,1.8,50,4000
20240208,11:32:41,1.8,50,4200
20240208,11:32:49,1.8,50,4200
20240208,11:37:23,1.75,50,4150
20240208,11:37:31,1.75,50,4150
20240208,11:38:27,1.65,50,4250
20240208,11:39:49,1.8,50,4250
20240208,11:42:16,1.85,100,4250
20240208,11:42:30,1.9,150,4250
20240208,11:42:37,1.85,200,4250
20240208,11:42:44,1.9,650,4250
20240208,11:42:52,1.9,400,4250
20240208,11:43:08,1.9,1300,4250
20240208,11:43:16,1.95,100,4250
20240208,11:43:24,1.9,300,4250
20240208,11:43:47,1.9,100,4250
20240208,11:44:01,1.9,100,4250
20240208,11:44:08,1.9,50,6150
20240208,11:44:16,1.9,100,6150
20240208,11:45:39,1.9,500,6150
20240208,11:46:22,1.9,100,6150
20240208,11:46:56,1.9,50,6150
20240208,11:47:09,1.9,100,6600
20240208,11:47:43,1.9,50,6600
20240208,11:47:58,1.9,250,6600
20240208,11:48:05,1.9,50,6600
20240208,11:52:19,1.9,800,6950
20240208,11:53:29,1.9,200,7750
20240208,11:53:55,1.85,50,7750
20240208,11:54:03,1.85,50,7750
20240208,12:03:10,1.9,50,7900
20240208,12:06:15,1.85,100,7900
20240208,12:15:27,1.8,50,7900
20240208,12:17:07,1.85,50,7900
20240208,12:20:33,1.85,100,7850
20240208,12:20:40,1.85,950,7850
20240208,12:20:53,1.85,50,7850
20240208,12:21:00,1.85,50,7850
20240208,12:23:03,1.9,100,7850
20240208,12:23:09,1.9,50,7850
20240208,12:23:17,1.9,100,8100
20240208,12:23:38,1.9,50,8100
20240208,12:26:05,1.8,250,8100
20240208,12:26:11,1.8,300,8100
20240208,12:26:18,1.8,50,8000
20240208,12:27:25,1.8,200,8000
20240208,12:27:37,1.75,300,8000
20240208,12:27:43,1.75,200,8000
20240208,12:27:54,1.75,50,8000
20240208,12:28:00,1.75,50,8000
20240208,12:28:11,1.7,100,8000
20240208,12:28:34,1.75,100,8000
20240208,12:31:30,1.8,50,6750
20240208,12:31:36,1.85,100,6750
20240208,12:36:28,1.8,100,6850
20240208,12:44:24,1.8,750,6850
20240208,12:47:08,1.8,50,6850
20240208,12:47:14,1.8,50,6850
20240208,12:47:20,1.8,50,7550
20240208,12:47:37,1.8,50,7550
20240208,12:47:54,1.8,50,7550
20240208,12:53:15,1.8,50,7500
20240208,12:54:01,1.8,50,7500
20240208,12:54:43,1.8,50,7500
20240208,12:54:55,1.8,50,7500
20240208,12:55:04,1.8,150,7500
20240208,12:55:39,1.8,50,7500
20240208,13:00:02,1.7,100,7500
20240208,13:01:35,1.8,100,7500
20240208,13:02:28,1.75,100,7550
20240208,13:08:02,1.7,50,7600
20240208,13:08:30,1.7,50,7600
20240208,13:13:09,1.8,50,7600
20240208,13:13:14,1.75,200,7600
20240208,13:13:19,1.75,150,7600
20240208,13:14:00,1.75,50,7600
20240208,13:14:55,1.85,500,7900
20240208,13:15:02,1.75,50,7900
20240208,13:19:01,1.75,50,8400
20240208,13:19:13,1.75,50,8400
20240208,13:20:09,1.75,50,8400
20240208,13:20:50,1.7,50,8400
20240208,13:20:54,1.7,50,8400
20240208,13:20:58,1.7,50,8400
20240208,13:21:56,1.8,100,8400
20240208,13:23:32,1.75,50,8500
20240208,13:24:13,1.75,150,8500
20240208,13:24:50,1.8,50,8500
20240208,13:25:02,1.8,50,8500
20240208,13:28:56,1.7,50,8450
20240208,13:29:56,1.7,50,8500
20240208,13:31:28,1.8,50,8500
20240208,13:35:58,1.8,100,8550
20240208,13:36:04,1.85,150,8550
20240208,13:36:08,1.85,50,8550
20240208,13:38:12,1.85,50,8550
20240208,13:40:54,1.85,50,8650
20240208,13:41:28,1.85,50,8650
20240208,13:42:00,1.9,850,8650
20240208,13:43:24,1.9,50,8650
20240208,13:43:28,1.9,50,8650
20240208,13:43:35,1.85,250,8650
20240208,13:44:09,1.85,50,8650
20240208,13:44:30,1.85,50,8950
20240208,13:44:45,1.85,50,8950
20240208,13:44:53,1.85,50,8950
20240208,13:45:53,1.95,350,8950
20240208,13:45:57,1.95,250,8950
20240208,13:46:19,1.95,200,8950
20240208,13:46:22,1.95,150,8950
20240208,13:46:25,1.9,100,8950
20240208,13:47:29,1.9,100,9400
20240208,13:47:33,1.9,50,9400
20240208,13:47:37,1.95,250,9400
20240208,13:47:48,1.9,150,9400
20240208,13:47:58,1.95,150,9400
20240208,13:48:02,2.0,800,9400
20240208,13:48:06,1.9,500,9400
20240208,13:48:21,1.95,100,9400
20240208,13:48:30,1.95,50,9400
20240208,13:48:49,1.95,50,9400
20240208,13:49:30,1.95,50,9400
20240208,13:49:43,2.0,250,9400
20240208,13:50:11,2.0,450,9400
20240208,13:50:20,1.95,50,9400
20240208,13:50:25,2.0,300,9400
20240208,13:51:40,2.0,50,9400
20240208,13:52:03,2.0,100,10000
20240208,13:53:13,2.0,50,10000
20240208,13:54:43,1.95,800,10200
20240208,13:55:02,1.9,50,10200
20240208,13:55:08,1.9,50,10200
20240208,13:55:49,1.85,200,10200
20240208,14:01:40,1.9,50,10450
20240208,14:03:28,1.95,700,10500
20240208,14:04:28,1.9,50,10500
20240208,14:05:12,1.9,150,10500
20240208,14:08:25,1.95,50,10550
20240208,14:10:05,2.0,150,10550
20240208,14:10:43,1.9,100,10550
20240208,14:12:06,2.0,400,10450
20240208,14:12:12,2.05,50,10450
20240208,14:12:29,2.05,250,10450
20240208,14:12:43,2.1,950,10450
20240208,14:13:27,2.05,100,10450
20240208,14:13:40,2.15,50,10450
20240208,14:13:53,2.15,150,10450
20240208,14:14:00,2.15,50,10450
20240208,14:14:09,2.15,50,10450
20240208,14:14:27,2.05,200,10450
20240208,14:14:43,2.15,150,11100
20240208,14:15:17,2.15,50,11100
20240208,14:15:34,2.2,50,11100
20240208,14:15:43,2.25,450,11100
20240208,14:15:59,2.25,50,11100
20240208,14:16:39,2.3,300,11100
20240208,14:16:47,2.3,200,11100
20240208,14:16:55,2.3,300,11100
20240208,14:17:11,2.3,350,11100
20240208,14:17:20,2.3,100,11100
20240208,14:17:28,2.3,200,11100
20240208,14:17:36,2.3,150,11700
20240208,14:19:02,2.2,50,11700
20240208,14:19:17,2.2,100,11700
20240208,14:19:24,2.2,200,11700
20240208,14:19:38,2.25,250,11700
20240208,14:19:59,2.2,150,11700
20240208,14:20:05,2.25,250,11700
20240208,14:20:12,2.2,300,11700
20240208,14:21:16,2.25,50,12450
20240208,14:21:43,2.15,150,12450
20240208,14:22:54,2.25,50,12450
20240208,14:23:00,2.25,50,12450
20240208,14:23:07,2.25,100,12450
20240208,14:23:13,2.2,600,12450
20240208,14:23:20,2.25,550,12450
20240208,14:23:27,2.35,1200,12450
20240208,14:23:34,2.25,200,13600
20240208,14:23:41,2.3,100,13600
20240208,14:24:10,2.25,250,13600
20240208,14:24:31,2.2,200,13600
20240208,14:25:18,2.15,150,13600
20240208,14:25:25,2.25,1200,13600
20240208,14:26:32,2.3,250,13600
20240208,14:27:26,2.25,250,14400
20240208,14:27:51,2.25,550,14400
20240208,14:27:59,2.25,100,14400
20240208,14:28:47,2.25,100,14400
20240208,14:28:56,2.25,150,14400
20240208,14:29:03,2.25,1700,14400
20240208,14:29:26,2.3,100,14400
20240208,14:30:17,2.3,100,15450
20240208,14:30:32,2.3,50,15450
20240208,14:31:46,2.4,100,15450
20240208,14:31:56,2.45,1550,15450
20240208,14:32:05,2.45,200,15450
20240208,14:33:17,2.45,100,16400
20240208,14:33:25,2.4,200,16400
20240208,14:33:32,2.45,50,16400
20240208,14:34:10,2.35,100,16400
20240208,14:34:40,2.4,50,16400
20240208,14:35:41,2.5,650,16300
20240208,14:35:48,2.5,950,16300
20240208,14:36:30,2.5,100,16300
20240208,14:36:46,2.4,450,16300
20240208,14:36:56,2.4,100,16300
20240208,14:37:41,2.45,200,16300
20240208,14:37:50,2.45,500,16300
20240208,14:38:17,2.5,50,16300
20240208,14:39:10,2.35,3900,16200
20240208,14:39:18,2.3,1050,16200
20240208,14:39:27,2.35,200,16200
20240208,14:39:36,2.3,100,16200
20240208,14:39:45,2.3,750,16200
20240208,14:39:53,2.3,800,16200
20240208,14:40:01,2.3,250,16200
20240208,14:40:10,2.3,500,16200
20240208,14:40:26,2.3,250,16200
20240208,14:40:35,2.3,250,16200
20240208,14:40:51,2.35,100,16200
20240208,14:41:08,2.3,200,16200
20240208,14:41:25,2.3,150,16200
20240208,14:41:42,2.25,150,17400
20240208,14:42:15,2.2,1000,17400
20240208,14:42:33,2.2,700,17400
20240208,14:43:32,2.25,100,17400
20240208,14:43:41,2.2,100,17400
20240208,14:45:25,2.3,2350,16650
20240208,14:45:41,2.3,50,16650
20240208,14:48:52,2.25,550,18250
20240208,14:49:07,2.3,50,18250
20240208,14:49:46,2.25,250,18250
20240208,14:50:18,2.25,50,18250
20240208,14:50:26,2.25,50,18250
20240208,14:50:41,2.25,250,18550
20240208,14:50:48,2.2,200,18550
20240208,14:53:35,2.25,50,18550
20240208,14:54:20,2.3,400,18350
20240208,14:58:02,2.35,300,18450
20240208,14:58:10,2.3,600,18450
20240208,14:59:03,2.3,50,18450
20240208,14:59:21,2.35,200,18450
20240208,15:00:49,2.25,900,18850
20240208,15:02:14,2.35,150,18850
20240208,15:03:22,2.35,50,18850
20240208,15:03:50,2.45,600,18850
20240208,15:04:00,2.4,400,18850
20240208,15:04:10,2.4,200,18850
20240208,15:04:45,2.35,50,18850
20240208,15:05:03,2.3,50,18850
20240208,15:05:14,2.3,350,18850
20240208,15:05:58,2.2,400,19150
20240208,15:06:07,2.25,200,19150
20240208,15:07:08,2.2,1800,19150
20240208,15:07:27,2.25,100,19150
20240208,15:07:35,2.2,200,19150
20240208,15:08:03,2.2,200,19150
20240208,15:09:03,2.2,200,20550
20240208,15:09:11,2.15,50,20550
20240208,15:09:21,2.25,850,20550
20240208,15:09:49,2.2,250,20550
20240208,15:09:58,2.2,450,20550
20240208,15:10:15,2.25,100,20550
20240208,15:10:32,2.25,200,20550
20240208,15:11:57,2.25,200,20150
20240208,15:12:30,2.2,1250,20150
20240208,15:12:38,2.2,50,20150
20240208,15:12:46,2.2,200,20150
20240208,15:13:02,2.2,250,20150
20240208,15:13:59,2.2,50,20150
20240208,15:14:07,2.2,100,20150
20240208,15:15:49,2.2,400,21950
20240208,15:16:13,2.2,250,21950
20240208,15:16:22,2.2,50,21950
20240208,15:16:45,2.2,300,21950
20240208,15:17:48,2.25,50,22150
20240208,15:20:19,2.25,200,22150
20240208,15:22:54,2.15,100,22150
20240208,15:23:10,2.15,150,22150
20240208,15:23:26,2.05,200,22150
20240208,15:24:03,2.1,50,22350
20240208,15:24:10,2.1,300,22350
20240208,15:25:20,2.05,200,22350
20240208,15:27:06,2.05,100,22200
20240208,15:27:15,2.1,300,22200
20240208,15:27:24,2.1,100,22200
20240208,15:27:33,2.05,50,22200
20240208,15:27:43,2.05,200,22200
20240208,15:28:38,2.05,100,22200
20240208,15:29:04,2.15,250,22200
20240208,15:29:13,2.15,50,22200
20240208,15:29:30,2.2,100,22200
20240209,09:15:03,2.3,1,22300
20240209,09:15:03,2.25,100,22300
20240209,09:15:04,2.85,850,22300
20240209,09:15:05,2.2,150,22300
20240209,09:15:06,1.35,600,22300
20240209,09:15:07,1.35,100,22300
20240209,09:15:11,2.15,400,22300
20240209,09:15:12,2.1,1950,22300
20240209,09:15:13,2.1,200,22300
20240209,09:15:15,2.05,1800,22300
20240209,09:15:17,2.05,250,22300
20240209,09:15:18,2.05,250,22300
20240209,09:15:20,2.05,100,22300
20240209,09:15:30,2.05,50,22300
20240209,09:15:31,2.05,50,22300
20240209,09:15:37,2.0,50,22300
20240209,09:15:38,2.0,50,22300
20240209,09:15:42,2.0,400,22300
20240209,09:15:43,1.95,250,22300
20240209,09:15:44,1.95,250,22300
20240209,09:15:45,1.95,250,22300
20240209,09:15:46,1.95,50,22300
20240209,09:15:46,1.95,100,22300
20240209,09:15:47,1.95,50,22300
20240209,09:15:49,1.95,200,22300
20240209,09:15:56,1.95,200,22300
20240209,09:16:11,1.9,300,22300
20240209,09:16:12,1.9,1900,22300
20240209,09:16:14,1.9,850,22300
20240209,09:16:18,1.9,100,25550
20240209,09:16:20,1.9,150,25550
20240209,09:16:22,1.95,100,25550
20240209,09:16:24,1.9,700,25550
20240209,09:16:25,1.9,50,25550
20240209,09:16:30,1.95,100,25550
20240209,09:16:31,1.9,300,25550
20240209,09:16:38,1.9,50,25550
20240209,09:16:42,1.9,50,25550
20240209,09:16:44,1.9,50,25550
20240209,09:16:46,1.9,50,25550
20240209,09:16:51,1.85,300,25550
20240209,09:16:52,1.85,250,25550
20240209,09:16:53,1.8,250,25550
20240209,09:16:55,1.85,50,25550
20240209,09:17:01,1.85,500,25550
20240209,09:17:04,1.85,150,25550
20240209,09:17:05,1.9,100,25550
20240209,09:17:10,1.9,50,25550
20240209,09:17:11,1.9,100,25550
20240209,09:17:13,1.9,200,25550
20240209,09:17:14,1.9,350,25550
20240209,09:17:17,1.9,450,25550
20240209,09:17:18,1.9,100,25550
20240209,09:17:20,1.9,200,25550
20240209,09:17:21,1.9,250,25550
20240209,09:17:22,1.9,900,25550
20240209,09:17:24,1.9,550,25550
20240209,09:17:26,1.9,150,25550
20240209,09:17:30,1.95,500,25550
20240209,09:17:31,1.95,800,25550
20240209,09:17:32,1.95,200,25550
20240209,09:17:33,1.95,550,25550
20240209,09:17:34,1.95,2000,25550
20240209,09:17:35,1.95,600,25550
20240209,09:17:36,2.0,1000,25550
20240209,09:17:37,2.0,350,25550
20240209,09:17:48,1.95,250,25550
20240209,09:17:50,2.0,1300,25550
20240209,09:17:51,2.0,1400,25550
20240209,09:17:53,2.0,100,25550
20240209,09:17:54,2.0,100,25550
20240209,09:17:55,2.0,4250,25550
20240209,09:17:57,2.0,250,25550
20240209,09:17:58,2.0,250,25550
20240209,09:17:59,2.0,50,25550
20240209,09:18:02,1.95,100,25550
20240209,09:18:08,2.0,50,25550
20240209,09:18:12,1.95,50,25550
20240209,09:18:17,2.0,200,25550
20240209,09:18:19,1.95,250,25550
20240209,09:18:25,1.95,300,25550
20240209,09:18:30,2.0,50,25550
20240209,09:18:31,1.95,150,25550
20240209,09:18:36,1.95,100,25550
20240209,09:18:38,1.95,50,25550
20240209,09:18:48,1.95,50,25550
20240209,09:18:50,1.95,1000,25550
20240209,09:19:04,1.9,1550,25550
20240209,09:19:05,1.9,4000,25550
20240209,09:19:06,1.9,150,25550
20240209,09:19:07,1.9,50,25550
20240209,09:19:09,1.9,50,25550
20240209,09:19:41,1.85,200,38700
20240209,09:19:42,1.8,100,38700
20240209,09:19:45,1.85,100,38700
20240209,09:19:48,1.8,1000,38700
20240209,09:19:52,1.8,100,38700
20240209,09:19:57,1.85,50,38700
20240209,09:20:02,1.8,450,38700
20240209,09:20:04,1.8,50,38700
20240209,09:20:05,1.8,50,38700
20240209,09:20:16,1.75,400,38700
20240209,09:20:22,1.75,50,38700
20240209,09:20:29,1.75,650,38700
20240209,09:20:31,1.75,50,38700
20240209,09:20:32,1.8,900,38700
20240209,09:20:35,1.75,100,38700
20240209,09:20:42,1.75,200,38700
20240209,09:20:51,1.8,100,38700
20240209,09:21:07,1.75,50,38700
20240209,09:21:08,1.8,300,38700
20240209,09:21:13,1.8,300,38700
20240209,09:21:14,1.8,100,38700
20240209,09:21:15,1.8,300,38700
20240209,09:21:38,1.8,50,38700
20240209,09:21:41,1.8,250,38700
20240209,09:21:42,1.8,50,38700
20240209,09:21:45,1.8,100,38700
20240209,09:21:49,1.85,1000,38700
20240209,09:21:59,1.9,500,38700
20240209,09:22:03,1.9,100,38700
20240209,09:22:04,1.9,600,38700
20240209,09:22:05,1.9,1200,38700
20240209,09:22:06,1.9,500,38700
20240209,09:22:08,1.9,200,38700
20240209,09:22:14,1.85,50,38700
20240209,09:22:19,1.85,950,40150
20240209,09:22:23,1.85,450,40150
20240209,09:22:26,1.85,50,40150
20240209,09:22:28,1.9,50,40150
20240209,09:22:29,1.85,300,40150
20240209,09:22:50,1.8,250,40150
20240209,09:22:52,1.75,1400,40150
20240209,09:22:53,1.75,100,40150
20240209,09:22:54,1.8,50,40150
20240209,09:22:56,1.8,250,40150
20240209,09:23:15,1.75,50,40150
20240209,09:23:22,1.75,250,40150
20240209,09:23:34,1.75,50,40150
20240209,09:23:35,1.7,50,40150
20240209,09:23:51,1.75,500,40150
20240209,09:23:58,1.75,250,40150
20240209,09:24:10,1.75,650,40150
20240209,09:24:15,1.75,50,40150
20240209,09:24:27,1.75,500,40150
20240209,09:24:46,1.7,500,40150
20240209,09:24:55,1.7,150,40150
20240209,09:24:59,1.75,50,40150
20240209,09:25:09,1.7,1200,40150
20240209,09:25:17,1.65,1500,40150
20240209,09:25:21,1.65,1000,40150
20240209,09:25:21,1.7,100,43600
20240209,09:25:25,1.7,1400,43600
20240209,09:25:36,1.65,100,43600
20240209,09:25:40,1.65,150,43600
20240209,09:26:00,1.7,50,43600
20240209,09:26:07,1.65,500,43600
20240209,09:26:27,1.7,50,43600
20240209,09:27:22,1.7,100,43600
20240209,09:27:52,1.7,1800,43600
20240209,09:27:54,1.7,1450,43600
20240209,09:27:57,1.7,50,43600
20240209,09:28:03,1.7,50,43600
20240209,09:28:19,1.7,50,41650
20240209,09:28:21,1.75,500,41650
20240209,09:28:40,1.7,50,41650
20240209,09:29:02,1.7,250,41650
20240209,09:29:51,1.75,500,41650
20240209,09:29:53,1.7,1850,41650
20240209,09:29:54,1.7,50,41650
20240209,09:30:03,1.7,1700,41650
20240209,09:30:16,1.75,50,41650
20240209,09:30:24,1.7,650,41650
20240209,09:30:29,1.75,550,41650
20240209,09:30:34,1.75,500,41650
20240209,09:30:36,1.75,550,41650
20240209,09:31:02,1.75,1200,41650
20240209,09:31:15,1.7,50,41650
20240209,09:31:22,1.7,50,37850
20240209,09:31:23,1.65,1900,37850
20240209,09:33:10,1.65,1200,37850
20240209,09:33:10,1.65,300,37850
20240209,09:33:24,1.6,50,37850
20240209,09:33:56,1.6,100,37850
20240209,09:33:57,1.6,50,37850
20240209,09:34:27,1.65,1600,37850
20240209,09:34:29,1.65,1600,37000
20240209,09:34:31,1.65,2450,37000
20240209,09:34:33,1.65,250,37000
20240209,09:34:39,1.65,1700,37000
20240209,09:34:39,1.65,200,37000
20240209,09:34:43,1.65,100,37000
20240209,09:35:20,1.6,150,37000
20240209,09:35:26,1.6,50,37000
20240209,09:37:18,1.6,150,37000
20240209,09:37:31,1.65,250,37000
20240209,09:37:38,1.6,500,40250
20240209,09:37:50,1.65,1800,40250
20240209,09:37:51,1.65,3600,40250
20240209,09:37:58,1.65,500,40250
20240209,09:38:01,1.65,1350,40250
20240209,09:38:03,1.7,950,40250
20240209,09:38:09,1.65,250,40250
20240209,09:38:14,1.65,50,40250
20240209,09:38:37,1.7,50,40250
20240209,09:38:43,1.7,50,40250
20240209,09:38:44,1.7,50,40250
20240209,09:38:45,1.7,50,40250
20240209,09:38:46,1.7,50,40250
20240209,09:38:55,1.7,1800,40250
20240209,09:39:39,1.7,150,40250
20240209,09:39:52,1.7,50,40250
20240209,09:39:53,1.7,50,40250
20240209,09:39:54,1.7,50,40250
20240209,09:39:55,1.7,50,40250
20240209,09:39:56,1.7,50,40250
20240209,09:39:57,1.7,50,40250
20240209,09:39:58,1.7,100,40250
20240209,09:39:59,1.7,100,40250
20240209,09:40:00,1.7,50,40250
20240209,09:40:01,1.7,50,40250
20240209,09:40:02,1.7,50,40250
20240209,09:40:03,1.7,50,40250
20240209,09:40:04,1.7,50,40250
20240209,09:40:05,1.7,50,40250
20240209,09:40:06,1.7,100,40250
20240209,09:40:07,1.7,100,40250
20240209,09:40:08,1.7,50,40250
20240209,09:40:09,1.7,50,40250
20240209,09:40:10,1.7,100,40250
20240209,09:40:11,1.7,150,40250
20240209,09:40:12,1.7,150,40250
20240209,09:40:13,1.7,150,40250
20240209,09:40:14,1.7,150,40250
20240209,09:40:15,1.7,200,40250
20240209,09:40:16,1.7,400,40250
20240209,09:40:17,1.7,150,40250
20240209,09:40:18,1.7,200,40250
20240209,09:40:19,1.75,2300,40250
20240209,09:40:20,1.8,800,40250
20240209,09:40:21,1.8,150,40250
20240209,09:40:22,1.8,150,46000
20240209,09:40:23,1.8,150,46000
20240209,09:40:24,1.8,150,46000
20240209,09:40:25,1.8,150,46000
20240209,09:40:26,1.8,150,46000
20240209,09:40:27,1.8,150,46000
20240209,09:40:28,1.8,200,46000
20240209,09:40:29,1.8,200,46000
20240209,09:40:30,1.8,1650,46000
20240209,09:40:31,1.8,50,46000
20240209,09:40:32,1.8,1150,46000
20240209,09:40:33,1.8,50,46000
20240209,09:40:34,1.8,1200,46000
20240209,09:40:35,1.85,50,46000
20240209,09:40:36,1.8,100,46000
20240209,09:40:37,1.8,50,46000
20240209,09:40:38,1.8,50,46000
20240209,09:40:39,1.8,50,46000
20240209,09:40:40,1.8,50,46000
20240209,09:40:41,1.8,50,46000
20240209,09:40:42,1.8,50,46000
20240209,09:40:43,1.8,50,46000
20240209,09:40:44,1.8,50,46000
20240209,09:40:45,1.8,50,46000
20240209,09:40:46,1.8,50,46000
20240209,09:40:47,1.8,50,46000
20240209,09:40:48,1.8,50,46000
20240209,09:40:49,1.8,50,46000
20240209,09:40:54,1.8,50,46000
20240209,09:40:55,1.8,50,46000
20240209,09:40:56,1.8,50,46000
20240209,09:40:57,1.8,50,46000
20240209,09:40:58,1.8,50,46000
20240209,09:40:59,1.8,50,46000
20240209,09:41:02,1.8,50,46000
20240209,09:41:03,1.8,50,46000
20240209,09:41:04,1.8,50,46000
20240209,09:41:05,1.8,50,46000
20240209,09:41:06,1.8,50,46000
20240209,09:41:07,1.8,50,46000
20240209,09:41:08,1.85,3550,46000
20240209,09:41:09,1.85,50,46000
20240209,09:41:10,1.85,50,46000
20240209,09:41:11,1.85,50,46000
20240209,09:41:12,1.85,50,46000
20240209,09:41:13,1.85,50,46000
20240209,09:41:14,1.85,150,46000
20240209,09:41:15,1.85,50,46000
20240209,09:41:16,1.8,1050,46000
20240209,09:41:17,1.8,50,46000
20240209,09:41:18,1.8,50,46000
20240209,09:41:19,1.8,50,46000
20240209,09:41:20,1.8,50,46000
20240209,09:41:21,1.8,50,46000
20240209,09:41:22,1.8,50,46000
20240209,09:41:23,1.8,50,46000
20240209,09:41:24,1.8,50,46000
20240209,09:42:08,1.8,50,46000
20240209,09:42:10,1.8,50,46000
20240209,09:42:11,1.8,50,46000
20240209,09:42:12,1.8,50,46000
20240209,09:42:13,1.8,50,46000
20240209,09:42:14,1.8,50,46000
20240209,09:42:15,1.85,850,46000
20240209,09:42:16,1.85,50,46000
20240209,09:42:28,1.8,50,46000
20240209,09:42:29,1.8,1050,46000
20240209,09:42:33,1.8,1500,46000
20240209,09:42:34,1.8,250,46000
20240209,09:42:36,1.8,50,46000
20240209,09:42:46,1.75,250,46000
20240209,09:42:53,1.8,1800,46000
20240209,09:43:30,1.75,100,50800
20240209,09:44:09,1.75,1050,50800
20240209,09:45:13,1.7,1000,50800
20240209,09:45:20,1.7,100,50800
20240209,09:45:21,1.7,800,50800
20240209,09:45:22,1.7,1600,50800
20240209,09:45:23,1.7,200,50800
20240209,09:45:28,1.7,2050,50800
20240209,09:45:50,1.7,700,50800
20240209,09:46:10,1.7,250,50800
20240209,09:46:13,1.7,50,50800
20240209,09:46:24,1.7,300,49650
20240209,09:46:27,1.65,100,49650
20240209,09:46:38,1.7,250,49650
20240209,09:47:00,1.7,50,49650
20240209,09:47:02,1.7,100,49650
20240209,09:47:03,1.7,50,49650
20240209,09:47:04,1.7,200,49650
20240209,09:47:05,1.7,200,49650
20240209,09:47:07,1.7,200,49650
20240209,09:47:09,1.7,50,49650
20240209,09:47:11,1.75,100,49650
20240209,09:47:12,1.75,200,49650
20240209,09:47:13,1.75,200,49650
20240209,09:47:14,1.75,200,49650
20240209,09:47:16,1.75,1950,49650
20240209,09:48:58,1.75,50,49650
20240209,09:48:59,1.75,50,49650
20240209,09:49:00,1.75,50,49650
20240209,09:49:01,1.75,50,49650
20240209,09:49:03,1.75,100,49650
20240209,09:49:04,1.8,50,49650
20240209,09:49:05,1.8,50,49650
20240209,09:49:06,1.8,200,49650
20240209,09:49:07,1.8,200,49650
20240209,09:49:08,1.8,50,49650
20240209,09:49:10,1.8,100,49650
20240209,09:49:11,1.8,50,49650
20240209,09:49:12,1.8,50,49650
20240209,09:49:13,1.8,50,49650
20240209,09:49:14,1.8,50,49650
20240209,09:49:15,1.8,50,49650
20240209,09:49:16,1.8,50,49650
20240209,09:49:18,1.8,100,49650
20240209,09:49:19,1.8,50,49650
20240209,09:49:21,1.8,100,49650
20240209,09:49:22,1.8,50,49650
20240209,09:49:23,1.8,50,49650
20240209,09:49:24,1.8,50,53400
20240209,09:49:25,1.8,50,53400
20240209,09:49:26,1.8,50,53400
20240209,09:49:27,1.75,100,53400
20240209,09:49:28,1.8,50,53400
20240209,09:49:29,1.8,450,53400
20240209,09:49:30,1.8,50,53400
20240209,09:49:31,1.8,450,53400
20240209,09:49:32,1.85,50,53400
20240209,09:49:33,1.85,150,53400
20240209,09:49:34,1.8,50,53400
20240209,09:50:02,1.8,650,53400
20240209,09:50:03,1.8,50,53400
20240209,09:50:06,1.8,50,53400
20240209,09:50:07,1.8,50,53400
20240209,09:50:08,1.8,100,53400
20240209,09:50:09,1.8,100,53400
20240209,09:50:10,1.8,50,53400
20240209,09:50:11,1.8,600,53400
20240209,09:50:12,1.8,50,53400
20240209,09:50:13,1.85,100,53400
20240209,09:50:14,1.8,400,53400
20240209,09:50:15,1.85,50,53400
20240209,09:50:16,1.85,50,53400
20240209,09:50:22,1.85,50,53400
20240209,09:50:40,1.75,50,53400
20240209,09:50:42,1.8,50,53400
20240209,09:51:04,1.8,100,53400
20240209,09:51:05,1.8,50,53400
20240209,09:51:06,1.85,200,53400
20240209,09:51:07,1.85,200,53400
20240209,09:51:08,1.8,250,53400
20240209,09:51:09,1.85,200,53400
20240209,09:51:10,1.85,200,53400
20240209,09:51:11,1.85,200,53400
20240209,09:51:12,1.85,200,53400
20240209,09:51:13,1.85,200,53400
20240209,09:51:14,1.85,200,53400
20240209,09:51:15,1.85,750,53400
20240209,09:51:16,1.8,450,53400
20240209,09:51:17,1.8,600,53400
20240209,09:51:28,1.8,800,53400
20240209,09:51:29,1.8,1000,53400
20240209,09:51:35,1.85,50,53400
20240209,09:51:43,1.85,50,53400
20240209,09:51:44,1.85,850,53400
20240209,09:52:14,1.9,50,53400
20240209,09:52:41,1.9,50,53400
20240209,09:52:45,1.9,100,56750
20240209,09:52:55,1.85,1250,56750
20240209,09:52:56,1.8,100,56750
20240209,09:52:57,1.8,100,56750
20240209,09:52:58,1.8,50,56750
20240209,09:52:59,1.8,50,56750
20240209,09:53:00,1.8,50,56750
20240209,09:53:01,1.8,50,56750
20240209,09:53:02,1.8,200,56750
20240209,09:53:03,1.8,200,56750
20240209,09:53:04,1.8,500,56750
20240209,09:53:05,1.75,200,56750
20240209,09:53:06,1.75,50,56750
20240209,09:53:07,1.75,50,56750
20240209,09:53:08,1.75,50,56750
20240209,09:53:09,1.75,50,56750
20240209,09:53:10,1.75,50,56750
20240209,09:53:11,1.75,50,56750
20240209,09:53:12,1.75,200,56750
20240209,09:53:13,1.75,200,56750
20240209,09:53:14,1.75,200,56750
20240209,09:53:15,1.75,200,56750
20240209,09:53:16,1.75,50,56750
20240209,09:53:17,1.75,200,56750
20240209,09:53:18,1.75,200,56750
20240209,09:53:19,1.75,200,56750
20240209,09:53:20,1.75,200,56750
20240209,09:53:21,1.75,200,56750
20240209,09:53:22,1.75,200,56750
20240209,09:53:23,1.75,200,56750
20240209,09:53:24,1.75,200,56750
20240209,09:53:25,1.75,200,56750
20240209,09:53:26,1.75,200,56750
20240209,09:53:27,1.75,200,56750
20240209,09:53:28,1.75,200,56750
20240209,09:53:29,1.75,200,56750
20240209,09:53:30,1.75,200,56750
20240209,09:53:31,1.75,200,56750
20240209,09:53:33,1.8,250,56750
20240209,09:53:35,1.8,300,56750
20240209,09:53:36,1.75,50,56750
20240209,09:53:37,1.8,500,56750
20240209,09:53:38,1.8,50,56750
20240209,09:53:39,1.8,150,56750
20240209,09:53:44,1.8,50,56750
20240209,09:53:45,1.8,50,56750
20240209,09:53:46,1.8,50,56750
20240209,09:53:47,1.8,200,56750
20240209,09:53:48,1.8,200,56750
20240209,09:54:03,1.8,50,56750
20240209,09:54:04,1.8,200,56750
20240209,09:54:05,1.8,250,56750
20240209,09:54:06,1.8,350,56750
20240209,09:54:07,1.75,200,56750
20240209,09:54:08,1.75,200,56750
20240209,09:54:09,1.75,200,56750
20240209,09:54:10,1.75,200,56750
20240209,09:54:11,1.75,200,56750
20240209,09:54:12,1.75,200,56750
20240209,09:54:13,1.75,200,56750
20240209,09:54:14,1.75,200,56750
20240209,09:54:15,1.75,200,56750
20240209,09:54:16,1.75,200,56750
20240209,09:54:17,1.75,200,56750
20240209,09:54:18,1.75,1950,56750
20240209,09:54:19,1.75,200,56750
20240209,09:54:20,1.75,200,56750
20240209,09:54:21,1.75,150,56750
20240209,09:54:22,1.75,150,56750
20240209,09:54:25,1.7,150,56750
20240209,09:54:26,1.7,150,56750
20240209,09:54:27,1.7,150,56750
20240209,09:54:28,1.7,150,56750
20240209,09:54:29,1.7,150,56750
20240209,09:54:30,1.7,150,56750
20240209,09:54:37,1.75,1000,56750
20240209,09:54:42,1.75,250,56750
20240209,09:54:48,1.75,50,56750
20240209,09:54:57,1.75,50,56750
20240209,09:54:59,1.75,50,56750
20240209,09:55:04,1.75,200,56750
20240209,09:55:10,1.75,400,56750
20240209,09:55:11,1.75,900,56750
20240209,09:55:42,1.75,50,49050
20240209,09:56:04,1.8,250,49050
20240209,09:56:05,1.8,100,49050
20240209,09:56:09,1.8,250,49050
20240209,09:56:18,1.8,50,49050
20240209,09:56:27,1.75,50,49050
20240209,09:57:26,1.8,50,49050
20240209,09:57:32,1.8,50,49050
20240209,09:58:17,1.8,50,49050
20240209,09:58:31,1.8,300,49250
20240209,09:58:32,1.75,450,49250
20240209,09:58:52,1.8,100,49250
20240209,09:59:18,1.8,1450,49250
20240209,09:59:37,1.85,200,49250
20240209,09:59:37,1.85,100,49250
20240209,09:59:39,1.9,100,49250
20240209,09:59:40,1.9,1850,49250
20240209,09:59:41,1.9,50,49250
20240209,09:59:42,1.9,150,49250
20240209,09:59:42,1.9,350,49250
20240209,09:59:43,1.9,50,49250
20240209,09:59:44,1.9,50,49250
20240209,09:59:45,1.9,100,49250
20240209,09:59:47,1.95,150,49250
20240209,09:59:48,1.95,150,49250
20240209,09:59:49,1.9,200,49250
20240209,09:59:50,1.9,100,49250
20240209,09:59:53,1.95,100,49250
20240209,09:59:55,1.9,1300,49250
20240209,09:59:56,1.9,300,49250
20240209,09:59:57,1.9,150,49250
20240209,09:59:59,1.9,200,49250
20240209,10:00:00,1.95,50,49250
20240209,10:00:02,1.95,100,49250
20240209,10:00:03,1.95,200,49250
20240209,10:00:05,1.95,300,49250
20240209,10:00:06,1.95,200,49250
20240209,10:00:07,1.95,200,49250
20240209,10:00:08,1.95,200,49250
20240209,10:00:09,1.95,200,49250
20240209,10:00:10,1.95,100,49250
20240209,10:00:11,1.95,100,49250
20240209,10:00:12,2.0,50,49250
20240209,10:00:13,2.0,50,49250
20240209,10:00:15,2.0,100,49250
20240209,10:00:16,2.0,50,49250
20240209,10:00:17,2.0,50,49250
20240209,10:00:18,2.0,50,49250
20240209,10:00:20,2.0,100,49250
20240209,10:00:21,2.0,50,49250
20240209,10:00:22,2.0,50,49250
20240209,10:00:23,2.0,50,49250
20240209,10:00:25,2.0,50,49250
20240209,10:00:26,2.05,4600,49250
20240209,10:00:27,2.05,50,49250
20240209,10:00:28,2.05,200,49250
20240209,10:00:29,2.05,200,49250
20240209,10:00:30,2.05,250,49250
20240209,10:00:31,2.05,200,49250
20240209,10:00:32,2.05,200,49250
20240209,10:00:33,2.05,1550,49250
20240209,10:00:34,2.1,50,49250
20240209,10:00:35,2.1,50,49250
20240209,10:00:36,2.1,150,49250
20240209,10:00:37,2.1,50,49250
20240209,10:00:38,2.1,50,49250
20240209,10:00:39,2.1,200,49250
20240209,10:00:40,2.1,200,49250
20240209,10:00:41,2.1,200,49250
20240209,10:00:42,2.1,200,49250
20240209,10:00:43,2.1,450,49250
20240209,10:00:44,2.1,200,49250
20240209,10:00:45,2.1,200,49250
20240209,10:00:46,2.1,50,49250
20240209,10:00:47,2.1,50,49250
20240209,10:00:48,2.1,50,49250
20240209,10:00:49,2.1,250,49250
20240209,10:00:50,2.1,50,49250
20240209,10:00:54,2.1,50,49250
20240209,10:00:56,2.1,50,49250
20240209,10:00:59,2.1,100,49250
20240209,10:01:00,2.1,250,49250
20240209,10:01:01,2.1,4050,49250
20240209,10:01:05,2.1,450,49250
20240209,10:01:06,2.15,300,49250
20240209,10:01:07,2.2,100,49250
20240209,10:01:08,2.2,650,49250
20240209,10:01:09,2.25,300,49250
20240209,10:01:10,2.25,650,49250
20240209,10:01:11,2.3,200,49250
20240209,10:01:12,2.3,300,49250
20240209,10:01:13,2.3,200,49250
20240209,10:01:14,2.3,200,49250
20240209,10:01:18,2.3,350,49250
20240209,10:01:22,2.3,100,49250
20240209,10:01:25,2.3,150,57250
20240209,10:01:28,2.25,250,57250
20240209,10:01:31,2.3,50,57250
20240209,10:01:34,2.25,350,57250
20240209,10:01:41,2.25,1850,57250
20240209,10:01:44,2.25,50,57250
20240209,10:01:47,2.2,500,57250
20240209,10:01:49,2.2,300,57250
20240209,10:01:50,2.2,50,57250
20240209,10:02:00,2.2,50,57250
20240209,10:02:06,2.2,100,57250
20240209,10:02:08,2.15,350,57250
20240209,10:02:13,2.15,50,57250
20240209,10:02:16,2.15,50,57250
20240209,10:02:22,2.15,250,57250
20240209,10:02:28,2.1,50,57250
20240209,10:02:29,2.1,1050,57250
20240209,10:02:30,2.1,350,57250
20240209,10:02:31,2.1,350,57250
20240209,10:02:32,2.05,200,57250
20240209,10:02:35,2.05,50,57250
20240209,10:02:36,2.05,50,57250
20240209,10:02:37,2.05,350,57250
20240209,10:02:38,2.0,100,57250
20240209,10:02:39,2.0,50,57250
20240209,10:02:40,2.0,50,57250
20240209,10:02:41,2.0,50,57250
20240209,10:02:42,2.0,50,57250
20240209,10:02:43,2.0,100,57250
20240209,10:02:44,2.0,50,57250
20240209,10:02:45,1.95,150,57250
20240209,10:02:46,1.95,100,57250
20240209,10:02:47,1.95,200,57250
20240209,10:02:48,1.95,200,57250
20240209,10:02:49,1.95,200,57250
20240209,10:02:50,1.95,50,57250
20240209,10:02:51,1.95,50,57250
20240209,10:02:52,1.95,50,57250
20240209,10:02:53,1.95,1550,57250
20240209,10:02:54,1.95,50,57250
20240209,10:02:55,1.95,50,57250
20240209,10:02:56,1.95,250,57250
20240209,10:02:57,1.9,200,57250
20240209,10:02:58,1.9,250,57250
20240209,10:02:59,1.9,200,57250
20240209,10:03:00,1.9,200,57250
20240209,10:03:01,1.9,250,57250
20240209,10:03:02,1.9,600,57250
20240209,10:03:03,1.85,600,57250
20240209,10:03:04,1.85,200,57250
20240209,10:03:05,1.85,200,57250
20240209,10:03:06,1.85,200,57250
20240209,10:03:07,1.85,200,57250
20240209,10:03:08,1.85,200,57250
20240209,10:03:09,1.85,200,57250
20240209,10:03:10,1.85,200,57250
20240209,10:03:13,1.85,50,57250
20240209,10:03:14,1.85,50,57250
20240209,10:03:15,1.9,300,57250
20240209,10:03:16,1.85,200,57250
20240209,10:03:17,1.85,200,57250
20240209,10:03:18,1.85,50,57250
20240209,10:03:20,1.85,50,57250
20240209,10:03:21,1.85,50,57250
20240209,10:03:22,1.85,50,57250
20240209,10:03:26,1.85,50,57250
20240209,10:03:29,1.9,50,57250
20240209,10:03:34,1.9,100,57250
20240209,10:03:37,1.9,250,57250
20240209,10:03:53,1.9,250,57250
20240209,10:03:55,1.9,50,57250
20240209,10:04:05,1.9,50,57250
20240209,10:04:06,1.9,50,57250
20240209,10:04:08,1.9,100,57250
20240209,10:04:09,1.9,150,57250
20240209,10:04:10,1.9,250,57250
20240209,10:04:28,1.9,50,53300
20240209,10:04:31,1.9,100,53300
20240209,10:04:32,1.9,250,53300
20240209,10:04:38,1.9,50,53300
20240209,10:04:44,1.9,300,53300
20240209,10:04:46,1.9,250,53300
20240209,10:04:52,1.85,300,53300
20240209,10:04:53,1.85,500,53300
20240209,10:04:54,1.85,50,53300
20240209,10:04:56,1.85,50,53300
20240209,10:04:58,1.85,250,53300
20240209,10:05:11,1.85,50,53300
20240209,10:05:14,1.85,100,53300
20240209,10:05:20,1.85,50,53300
20240209,10:05:54,1.85,100,53300
20240209,10:05:57,1.85,200,53300
20240209,10:05:59,1.8,550,53300
20240209,10:06:09,1.85,100,53300
20240209,10:06:10,1.8,50,53300
20240209,10:06:11,1.8,50,53300
20240209,10:06:12,1.8,50,53300
20240209,10:06:13,1.8,50,53300
20240209,10:06:18,1.8,50,53300
20240209,10:06:19,1.8,100,53300
20240209,10:06:30,1.8,50,53300
20240209,10:06:31,1.8,50,53300
20240209,10:06:32,1.8,50,53300
20240209,10:06:33,1.8,50,53300
20240209,10:06:34,1.8,200,53300
20240209,10:06:35,1.8,200,53300
20240209,10:06:36,1.8,200,53300
20240209,10:06:37,1.8,250,53300
20240209,10:06:38,1.8,300,53300
20240209,10:06:39,1.75,200,53300
20240209,10:06:40,1.75,200,53300
20240209,10:06:41,1.75,200,53300
20240209,10:06:42,1.75,150,53300
20240209,10:06:43,1.75,200,53300
20240209,10:06:44,1.75,150,53300
20240209,10:06:45,1.75,150,53300
20240209,10:06:46,1.75,150,53300
20240209,10:06:47,1.75,150,53300
20240209,10:06:48,1.75,150,53300
20240209,10:06:49,1.75,150,53300
20240209,10:06:50,1.75,200,53300
20240209,10:06:51,1.75,150,53300
20240209,10:06:52,1.75,1100,53300
20240209,10:07:22,1.75,1650,53300
20240209,10:07:25,1.75,200,53300
20240209,10:07:30,1.8,50,51900
20240209,10:08:26,1.75,250,51900
20240209,10:08:39,1.75,50,51900
20240209,10:08:58,1.75,2000,51900
20240209,10:09:11,1.75,1000,51900
20240209,10:09:42,1.75,50,51900
20240209,10:09:43,1.75,50,51900
20240209,10:09:44,1.75,50,51900
20240209,10:09:45,1.75,50,51900
20240209,10:09:46,1.75,50,51900
20240209,10:09:47,1.75,300,51900
20240209,10:09:53,1.75,50,51900
20240209,10:09:54,1.75,50,51900
20240209,10:09:55,1.75,100,51900
20240209,10:09:56,1.75,150,51900
20240209,10:09:57,1.75,200,51900
20240209,10:09:58,1.75,200,51900
20240209,10:09:59,1.75,250,51900
20240209,10:10:06,1.8,50,51900
20240209,10:10:07,1.8,50,51900
20240209,10:10:09,1.8,100,51900
20240209,10:10:09,1.8,250,51900
20240209,10:10:10,1.8,300,51900
20240209,10:10:13,1.85,50,51900
20240209,10:10:14,1.85,300,51900
20240209,10:10:15,1.85,50,51900
20240209,10:10:16,1.85,50,51900
20240209,10:10:17,1.85,50,51900
20240209,10:10:18,1.85,50,51900
20240209,10:10:19,1.85,50,51900
20240209,10:10:21,1.85,400,51900
20240209,10:10:21,1.75,750,51900
20240209,10:10:24,1.8,300,51900
20240209,10:10:25,1.8,250,51900
20240209,10:10:26,1.85,200,51900
20240209,10:10:27,1.85,50,55300
20240209,10:10:28,1.85,50,55300
20240209,10:10:29,1.8,200,55300
20240209,10:10:30,1.8,100,55300
20240209,10:10:31,1.8,100,55300
20240209,10:10:31,1.8,1800,55300
20240209,10:10:32,1.85,50,55300
20240209,10:10:33,1.85,50,55300
20240209,10:10:35,1.85,100,55300
20240209,10:10:36,1.85,50,55300
20240209,10:10:37,1.85,50,55300
20240209,10:10:38,1.85,50,55300
20240209,10:10:39,1.85,50,55300
20240209,10:10:40,1.85,50,55300
20240209,10:10:41,1.85,50,55300
20240209,10:10:42,1.85,50,55300
20240209,10:10:43,1.85,50,55300
20240209,10:10:45,1.85,400,55300
20240209,10:10:46,1.85,250,55300
20240209,10:10:47,1.85,200,55300
20240209,10:10:48,1.85,50,55300
20240209,10:10:49,1.85,50,55300
20240209,10:10:51,1.85,250,55300
20240209,10:10:52,1.85,200,55300
20240209,10:10:53,1.85,200,55300
20240209,10:10:54,1.85,200,55300
20240209,10:10:55,1.85,200,55300
20240209,10:10:56,1.85,200,55300
20240209,10:10:58,1.85,400,55300
20240209,10:11:00,1.85,100,55300
20240209,10:11:01,1.85,200,55300
20240209,10:11:02,1.85,200,55300
20240209,10:11:03,1.85,200,55300
20240209,10:11:06,1.9,200,55300
20240209,10:11:07,1.9,50,55300
20240209,10:11:08,1.9,50,55300
20240209,10:11:09,1.9,50,55300
20240209,10:11:11,1.9,100,55300
20240209,10:11:12,1.9,50,55300
20240209,10:11:13,1.9,50,55300
20240209,10:11:14,1.9,50,55300
20240209,10:11:15,1.9,50,55300
20240209,10:11:16,1.9,50,55300
20240209,10:11:17,1.9,50,55300
20240209,10:11:18,1.9,50,55300
20240209,10:11:19,1.9,50,55300
20240209,10:11:20,1.9,50,55300
20240209,10:11:21,1.9,50,55300
20240209,10:11:22,1.9,1250,55300
20240209,10:11:48,1.9,50,55300
20240209,10:11:49,1.9,50,55300
20240209,10:11:50,1.9,50,55300
20240209,10:11:51,1.9,50,55300
20240209,10:11:52,1.9,50,55300
20240209,10:11:53,1.9,50,55300
20240209,10:11:54,1.9,50,55300
20240209,10:11:55,1.9,50,55300
20240209,10:11:56,1.9,50,55300
20240209,10:11:57,1.9,50,55300
20240209,10:11:58,1.9,50,55300
20240209,10:11:59,1.9,50,55300
20240209,10:12:00,1.9,50,55300
20240209,10:12:01,1.9,50,55300
20240209,10:12:24,1.9,250,55300
20240209,10:12:35,1.95,50,55300
20240209,10:12:36,1.95,50,55300
20240209,10:12:42,1.95,50,55300
20240209,10:12:43,1.95,300,55300
20240209,10:12:44,1.95,50,55300
20240209,10:12:45,1.95,50,55300
20240209,10:12:46,1.95,50,55300
20240209,10:12:47,1.95,50,55300
20240209,10:13:09,1.9,50,55300
20240209,10:13:10,1.9,50,55300
20240209,10:13:29,1.9,250,55300
20240209,10:13:49,1.95,50,59800
20240209,10:13:50,1.95,50,59800
20240209,10:13:51,1.95,50,59800
20240209,10:13:52,1.95,300,59800
20240209,10:13:53,1.95,50,59800
20240209,10:13:54,1.95,100,59800
20240209,10:13:55,1.95,50,59800
20240209,10:13:56,1.95,50,59800
20240209,10:13:57,1.95,50,59800
20240209,10:13:58,1.95,200,59800
20240209,10:13:59,1.95,200,59800
20240209,10:14:00,1.95,200,59800
20240209,10:14:02,1.95,50,59800
20240209,10:14:03,1.95,50,59800
20240209,10:14:04,1.95,50,59800
20240209,10:14:05,1.95,50,59800
20240209,10:14:06,1.95,50,59800
20240209,10:14:07,1.95,50,59800
20240209,10:14:08,1.95,50,59800
20240209,10:14:09,1.95,50,59800
20240209,10:14:10,1.95,50,59800
20240209,10:14:15,1.95,50,59800
20240209,10:14:16,1.95,50,59800
20240209,10:14:17,1.95,50,59800
20240209,10:14:18,1.95,50,59800
20240209,10:14:19,1.95,50,59800
20240209,10:14:20,1.95,50,59800
20240209,10:14:21,1.95,50,59800
20240209,10:14:22,1.95,50,59800
20240209,10:14:23,1.95,50,59800
20240209,10:14:24,1.95,50,59800
20240209,10:14:25,1.95,50,59800
20240209,10:14:26,1.95,50,59800
20240209,10:14:27,1.95,50,59800
20240209,10:14:28,1.95,50,59800
20240209,10:14:29,1.95,50,59800
20240209,10:14:30,1.95,600,59800
20240209,10:14:40,1.9,50,59800
20240209,10:15:44,1.95,250,59800
20240209,10:15:47,1.95,50,59800
20240209,10:15:48,1.95,50,59800
20240209,10:15:49,1.95,50,59800
20240209,10:15:50,1.95,50,59800
20240209,10:15:51,1.95,50,59800
20240209,10:15:52,1.95,50,59800
20240209,10:15:53,1.95,50,59800
20240209,10:15:54,1.95,50,59800
20240209,10:15:55,1.95,550,59800
20240209,10:15:56,1.95,50,59800
20240209,10:15:57,1.95,50,59800
20240209,10:15:58,1.95,50,59800
20240209,10:15:59,1.95,50,59800
20240209,10:16:02,2.0,50,59800
20240209,10:16:03,2.0,50,59800
20240209,10:16:04,2.0,50,59800
20240209,10:16:05,2.0,50,59800
20240209,10:16:06,2.0,50,59800
20240209,10:16:07,2.0,50,59800
20240209,10:16:08,2.0,50,59800
20240209,10:16:09,2.0,50,59800
20240209,10:16:10,2.0,50,59800
20240209,10:16:11,2.0,50,59800
20240209,10:16:12,2.0,50,59800
20240209,10:16:13,2.0,200,59800
20240209,10:16:14,2.0,200,59800
20240209,10:16:15,2.0,50,59800
20240209,10:16:16,2.0,50,59800
20240209,10:16:17,2.0,300,59800
20240209,10:16:18,2.0,200,59800
20240209,10:16:19,2.0,200,59800
20240209,10:16:20,2.0,200,59800
20240209,10:16:21,2.0,200,59800
20240209,10:16:22,2.0,200,59800
20240209,10:16:23,2.0,100,59800
20240209,10:16:24,2.0,300,59800
20240209,10:16:25,1.95,700,59800
20240209,10:16:26,2.0,50,59800
20240209,10:16:27,2.0,50,65200
20240209,10:16:28,2.0,200,65200
20240209,10:16:29,2.0,200,65200
20240209,10:16:30,2.0,200,65200
20240209,10:16:31,2.0,50,65200
20240209,10:16:32,2.0,50,65200
20240209,10:16:33,2.0,50,65200
20240209,10:16:34,2.0,50,65200
20240209,10:16:35,2.0,50,65200
20240209,10:16:36,2.0,50,65200
20240209,10:16:37,2.0,50,65200
20240209,10:16:38,2.0,200,65200
20240209,10:16:39,2.0,200,65200
20240209,10:16:40,2.0,50,65200
20240209,10:16:41,2.0,50,65200
20240209,10:16:42,2.0,50,65200
20240209,10:16:43,2.0,50,65200
20240209,10:16:44,2.0,50,65200
20240209,10:16:45,2.0,50,65200
20240209,10:16:46,2.0,50,65200
20240209,10:16:47,2.0,50,65200
20240209,10:16:48,2.0,50,65200
20240209,10:16:49,2.0,50,65200
20240209,10:16:50,2.0,50,65200
20240209,10:16:51,2.0,150,65200
20240209,10:16:52,2.0,50,65200
20240209,10:16:53,2.0,50,65200
20240209,10:16:54,2.0,50,65200
20240209,10:16:55,2.0,50,65200
20240209,10:16:56,2.0,50,65200
20240209,10:16:57,2.0,50,65200
20240209,10:16:58,2.0,50,65200
20240209,10:16:59,2.0,50,65200
20240209,10:17:00,2.0,50,65200
20240209,10:17:01,2.0,50,65200
20240209,10:17:02,2.0,100,65200
20240209,10:17:03,2.0,50,65200
20240209,10:17:04,2.0,50,65200
20240209,10:17:05,2.0,50,65200
20240209,10:17:06,2.0,50,65200
20240209,10:17:07,2.0,50,65200
20240209,10:17:08,2.0,1050,65200
20240209,10:17:09,2.0,50,65200
20240209,10:17:10,2.0,550,65200
20240209,10:17:11,2.0,50,65200
20240209,10:17:12,2.0,50,65200
20240209,10:17:13,2.0,50,65200
20240209,10:17:14,2.0,50,65200
20240209,10:17:15,2.0,50,65200
20240209,10:17:19,1.95,100,65200
20240209,10:17:34,2.0,250,65200
20240209,10:17:35,2.0,50,65200
20240209,10:17:45,2.0,100,65200
20240209,10:17:46,1.95,500,65200
20240209,10:17:53,2.0,200,65200
20240209,10:17:54,2.0,450,65200
20240209,10:17:55,2.0,600,65200
20240209,10:17:56,2.0,100,65200
20240209,10:17:57,2.0,400,65200
20240209,10:17:58,2.0,300,65200
20240209,10:17:59,2.0,50,65200
20240209,10:18:02,2.05,50,65200
20240209,10:18:03,2.05,50,65200
20240209,10:18:04,2.05,50,65200
20240209,10:18:05,2.05,50,65200
20240209,10:18:06,2.05,50,65200
20240209,10:18:08,2.05,50,65200
20240209,10:18:09,2.05,50,65200
20240209,10:18:10,2.05,50,65200
20240209,10:18:11,2.05,50,65200
20240209,10:18:12,2.05,50,65200
20240209,10:18:13,2.05,50,65200
20240209,10:18:14,2.05,200,65200
20240209,10:18:15,2.05,200,65200
20240209,10:18:16,2.05,200,65200
20240209,10:18:20,2.05,50,65200
20240209,10:18:21,2.05,50,65200
20240209,10:18:22,2.05,50,65200
20240209,10:18:23,2.05,50,65200
20240209,10:18:24,2.05,50,65200
20240209,10:18:25,2.05,50,65200
20240209,10:18:26,2.05,50,65200
20240209,10:18:27,2.05,50,65200
20240209,10:18:28,2.05,50,65200
20240209,10:18:29,2.05,50,65200
20240209,10:18:30,2.05,50,65200
20240209,10:18:31,2.05,50,65200
20240209,10:18:32,2.05,50,65200
20240209,10:18:33,2.05,200,65200
20240209,10:18:34,2.05,200,65200
20240209,10:18:35,2.05,200,65200
20240209,10:18:36,2.05,50,65200
20240209,10:18:37,2.05,50,65200
20240209,10:18:38,2.05,100,65200
20240209,10:18:39,2.05,50,65200
20240209,10:18:40,2.05,300,65200
20240209,10:18:41,2.05,50,65200
20240209,10:18:42,2.05,300,65200
20240209,10:18:43,2.05,50,65200
20240209,10:18:44,2.05,200,65200
20240209,10:18:45,2.1,50,65200
20240209,10:18:54,2.1,50,65200
20240209,10:18:55,2.1,50,65200
20240209,10:18:56,2.1,50,65200
20240209,10:18:57,2.1,50,65200
20240209,10:18:59,2.1,50,65200
20240209,10:19:00,2.1,50,65200
20240209,10:19:01,2.05,150,65200
20240209,10:19:02,2.1,50,65200
20240209,10:19:03,2.1,50,65200
20240209,10:19:04,2.1,50,65200
20240209,10:19:05,2.1,50,65200
20240209,10:19:06,2.1,50,65200
20240209,10:19:07,2.1,50,65200
20240209,10:19:08,2.1,50,65200
20240209,10:19:09,2.1,50,65200
20240209,10:19:10,2.1,50,65200
20240209,10:19:11,2.1,50,65200
20240209,10:19:12,2.1,50,65200
20240209,10:19:13,2.1,50,65200
20240209,10:19:14,2.1,50,65200
20240209,10:19:15,2.1,50,65200
20240209,10:19:16,2.1,50,65200
20240209,10:19:17,2.1,50,65200
20240209,10:19:18,2.05,100,65200
20240209,10:19:19,2.05,100,65200
20240209,10:19:20,2.1,50,65200
20240209,10:19:21,2.1,50,65200
20240209,10:19:22,2.1,50,65200
20240209,10:19:41,2.1,2100,65200
20240209,10:19:58,2.1,650,72850
20240209,10:20:01,2.1,2100,72850
20240209,10:20:02,2.1,200,72850
20240209,10:20:29,2.1,100,72850
20240209,10:20:30,2.1,50,72850
20240209,10:20:31,2.1,50,72850
20240209,10:20:33,2.1,100,72850
20240209,10:20:34,2.1,50,72850
20240209,10:20:35,2.1,50,72850
20240209,10:20:36,2.1,50,72850
20240209,10:20:37,2.1,50,72850
20240209,10:20:38,2.1,50,72850
20240209,10:20:39,2.1,50,72850
20240209,10:20:41,2.1,400,72850
20240209,10:20:42,2.1,50,72850
20240209,10:20:43,2.1,50,72850
20240209,10:20:45,2.1,100,72850
20240209,10:20:46,2.1,150,72850
20240209,10:20:47,2.1,50,72850
20240209,10:20:49,2.1,500,72850
20240209,10:20:50,2.1,1200,72850
20240209,10:20:52,2.1,100,72850
20240209,10:20:53,2.1,50,72850
20240209,10:20:54,2.1,50,72850
20240209,10:20:56,2.1,100,72850
20240209,10:20:57,2.1,50,72850
20240209,10:20:59,2.1,100,72850
20240209,10:21:00,2.1,50,72850
20240209,10:21:11,2.05,2800,72850
20240209,10:21:32,2.0,1900,72850
20240209,10:21:33,2.0,100,72850
20240209,10:21:33,2.0,50,72850
20240209,10:21:34,2.0,450,72850
20240209,10:21:39,2.0,50,72850
20240209,10:21:49,1.95,3050,72850
20240209,10:23:51,2.0,50,79050
20240209,10:23:57,1.95,250,79050
20240209,10:23:59,1.95,250,79050
20240209,10:24:12,2.0,50,79050
20240209,10:24:36,2.0,1400,79050
20240209,10:24:40,1.95,50,79050
20240209,10:25:08,1.95,500,79050
20240209,10:25:11,2.0,50,79050
20240209,10:25:27,2.0,2000,79050
20240209,10:25:38,2.05,50,78700
20240209,10:25:40,2.05,50,78700
20240209,10:25:45,2.05,50,78700
20240209,10:25:47,2.05,450,78700
20240209,10:25:48,2.05,200,78700
20240209,10:26:03,2.0,200,78700
20240209,10:26:05,2.05,200,78700
20240209,10:26:08,2.1,800,78700
20240209,10:27:55,2.1,1800,78700
20240209,10:27:57,2.05,100,78700
20240209,10:28:27,2.1,50,78700
20240209,10:28:32,2.05,50,80300
20240209,10:28:48,2.05,50,80300
20240209,10:28:51,2.05,100,80300
20240209,10:29:49,2.1,100,80300
20240209,10:30:17,2.05,50,80300
20240209,10:30:24,2.1,250,80300
20240209,10:30:33,2.0,2100,80300
20240209,10:30:35,2.05,100,80300
20240209,10:30:38,2.0,4400,80300
20240209,10:30:56,2.0,100,80300
20240209,10:31:13,2.0,2150,80300
20240209,10:31:24,2.05,50,80300
20240209,10:31:50,2.05,500,85900
20240209,10:32:26,2.1,100,85900
20240209,10:32:39,2.1,100,85900
20240209,10:32:45,2.1,50,85900
20240209,10:32:50,2.1,100,85900
20240209,10:33:18,2.1,800,85900
20240209,10:33:20,2.05,1750,85900
20240209,10:33:30,2.05,1100,85900
20240209,10:33:33,2.1,50,85900
20240209,10:33:35,2.1,100,85900
20240209,10:33:49,2.1,50,85900
20240209,10:34:05,2.05,50,85900
20240209,10:34:06,2.05,50,85900
20240209,10:34:07,2.05,100,85900
20240209,10:34:08,2.05,50,85900
20240209,10:34:09,2.05,50,85900
20240209,10:34:10,2.05,50,85900
20240209,10:34:11,2.05,50,85900
20240209,10:34:12,2.05,50,85900
20240209,10:34:13,2.05,200,85900
20240209,10:34:14,2.05,200,85900
20240209,10:34:15,2.05,200,85900
20240209,10:34:16,2.05,200,85900
20240209,10:34:17,2.05,200,85900
20240209,10:34:18,2.05,200,85900
20240209,10:34:19,2.05,200,85900
20240209,10:34:20,2.05,1200,85900
20240209,10:34:21,2.05,200,85900
20240209,10:34:22,2.05,200,85900
20240209,10:34:23,2.05,200,85900
20240209,10:34:24,2.05,200,85900
20240209,10:34:25,2.05,200,85900
20240209,10:34:26,2.05,200,85900
20240209,10:34:27,2.05,450,85900
20240209,10:34:28,2.0,200,85900
20240209,10:34:30,2.0,50,85900
20240209,10:34:31,2.0,50,82500
20240209,10:34:32,2.0,50,82500
20240209,10:34:33,2.0,50,82500
20240209,10:34:34,2.0,200,82500
20240209,10:34:35,2.0,200,82500
20240209,10:34:36,2.0,200,82500
20240209,10:34:37,2.0,50,82500
20240209,10:34:38,2.0,50,82500
20240209,10:34:39,2.0,50,82500
20240209,10:34:40,2.0,50,82500
20240209,10:34:41,2.0,50,82500
20240209,10:34:42,2.0,50,82500
20240209,10:34:43,2.0,50,82500
20240209,10:34:44,2.0,50,82500
20240209,10:34:45,2.0,200,82500
20240209,10:34:46,2.0,7500,82500
20240209,10:34:47,2.0,200,82500
20240209,10:34:48,2.0,950,82500
20240209,10:34:49,2.0,200,82500
20240209,10:34:50,2.0,200,82500
20240209,10:34:51,2.0,1650,82500
20240209,10:34:52,2.0,450,82500
20240209,10:34:53,2.0,200,82500
20240209,10:34:54,2.0,200,82500
20240209,10:34:55,2.05,300,82500
20240209,10:34:56,2.0,200,82500
20240209,10:34:57,2.0,200,82500
20240209,10:34:58,2.0,8150,82500
20240209,10:34:59,2.0,200,82500
20240209,10:35:00,2.0,200,82500
20240209,10:35:01,2.0,200,82500
20240209,10:35:03,2.0,100,82500
20240209,10:35:05,1.95,50,82500
20240209,10:35:09,1.95,50,82500
20240209,10:35:10,1.95,50,82500
20240209,10:35:11,1.95,50,82500
20240209,10:35:12,1.95,50,82500
20240209,10:35:13,1.95,50,82500
20240209,10:35:14,2.0,150,82500
20240209,10:35:15,1.95,50,82500
20240209,10:35:16,1.95,200,82500
20240209,10:35:17,1.95,200,82500
20240209,10:35:18,1.95,200,82500
20240209,10:35:20,1.95,50,82500
20240209,10:35:21,1.95,50,82500
20240209,10:35:22,1.95,50,82500
20240209,10:35:23,1.95,50,82500
20240209,10:35:24,1.95,50,82500
20240209,10:35:25,1.95,50,82500
20240209,10:35:45,2.0,700,82500
20240209,10:35:46,2.0,50,82500
20240209,10:35:47,2.0,50,82500
20240209,10:35:49,2.0,50,82500
20240209,10:36:10,2.0,50,82500
20240209,10:36:11,2.0,50,82500
20240209,10:36:12,2.0,1850,82500
20240209,10:36:13,2.0,50,82500
20240209,10:36:30,2.0,50,82500
20240209,10:36:50,2.05,250,82500
20240209,10:36:52,2.05,600,82500
20240209,10:37:02,2.0,1800,82500
20240209,10:37:04,2.0,50,82500
20240209,10:37:21,2.05,50,82500
20240209,10:37:45,2.05,50,82500
20240209,10:37:46,2.05,50,90750
20240209,10:38:31,2.05,50,90750
20240209,10:39:18,2.05,1850,90750
20240209,10:40:03,2.0,1800,90750
20240209,10:40:06,2.0,1800,90750
20240209,10:40:09,2.0,1800,90750
20240209,10:40:11,2.0,1600,90750
20240209,10:40:17,2.0,50,90750
20240209,10:40:30,2.0,50,92700
20240209,10:41:02,1.95,50,92700
20240209,10:41:03,1.95,50,92700
20240209,10:41:04,1.95,200,92700
20240209,10:41:05,1.95,200,92700
20240209,10:41:06,1.95,200,92700
20240209,10:41:07,1.95,1900,92700
20240209,10:41:08,1.95,50,92700
20240209,10:41:09,1.95,50,92700
20240209,10:41:10,1.95,50,92700
20240209,10:41:11,1.95,50,92700
20240209,10:41:12,1.95,50,92700
20240209,10:41:13,1.95,50,92700
20240209,10:41:14,1.95,50,92700
20240209,10:41:16,1.9,150,92700
20240209,10:41:17,1.9,50,92700
20240209,10:41:18,1.9,50,92700
20240209,10:41:19,1.9,50,92700
20240209,10:41:20,1.9,50,92700
20240209,10:41:21,1.9,50,92700
20240209,10:41:22,1.9,50,92700
20240209,10:41:23,1.9,50,92700
20240209,10:41:24,1.9,50,92700
20240209,10:41:25,1.9,50,92700
20240209,10:41:26,1.9,50,92700
20240209,10:41:27,1.9,50,92700
20240209,10:41:28,1.9,50,92700
20240209,10:41:29,1.9,50,92700
20240209,10:41:30,1.9,200,92700
20240209,10:41:31,1.9,200,92700
20240209,10:41:32,1.9,200,92700
20240209,10:41:34,1.95,50,92700
20240209,10:41:56,1.9,5300,92700
20240209,10:41:57,1.9,1150,92700
20240209,10:42:11,1.95,600,92700
20240209,10:43:42,1.95,50,93100
20240209,10:45:11,1.95,150,93100
20240209,10:46:08,1.95,200,93100
20240209,10:46:28,1.95,50,93100
20240209,10:46:29,1.95,100,93100
20240209,10:46:30,1.95,150,93100
20240209,10:46:31,1.95,350,93500
20240209,10:46:32,2.0,150,93500
20240209,10:46:33,2.0,150,93500
20240209,10:46:34,2.0,150,93500
20240209,10:46:35,2.0,150,93500
20240209,10:46:36,2.0,50,93500
20240209,10:46:37,2.0,50,93500
20240209,10:46:38,2.0,50,93500
20240209,10:46:39,2.0,200,93500
20240209,10:46:40,2.0,200,93500
20240209,10:46:41,2.0,200,93500
20240209,10:46:42,2.0,200,93500
20240209,10:46:43,2.0,50,93500
20240209,10:46:44,2.0,50,93500
20240209,10:46:45,2.0,50,93500
20240209,10:46:46,2.0,50,93500
20240209,10:46:47,2.0,50,93500
20240209,10:46:48,2.0,50,93500
20240209,10:46:49,2.0,50,93500
20240209,10:46:50,2.0,50,93500
20240209,10:46:51,2.0,1600,93500
20240209,10:46:54,2.0,50,93500
20240209,10:47:15,2.0,50,93500
20240209,10:47:28,1.95,50,93500
20240209,10:47:29,1.95,50,93500
20240209,10:47:30,1.95,350,93500
20240209,10:47:31,1.95,200,93500
20240209,10:47:32,1.95,200,93500
20240209,10:47:33,1.95,200,93500
20240209,10:47:34,1.95,200,93500
20240209,10:47:35,1.95,200,93500
20240209,10:47:36,1.95,200,93500
20240209,10:47:37,2.0,350,93500
20240209,10:47:38,1.95,200,93500
20240209,10:47:39,1.95,200,93500
20240209,10:47:40,1.95,1750,93500
20240209,10:47:42,1.9,100,93500
20240209,10:47:43,1.9,200,93500
20240209,10:47:44,1.9,200,93500
20240209,10:47:45,1.9,200,93500
20240209,10:47:46,1.9,200,93500
20240209,10:47:47,1.9,200,93500
20240209,10:47:48,1.95,200,93500
20240209,10:47:49,1.9,150,93500
20240209,10:47:52,1.95,50,93500
20240209,10:47:55,1.9,150,93500
20240209,10:47:56,1.9,200,93500
20240209,10:47:57,1.9,150,93500
20240209,10:48:06,1.9,150,93500
20240209,10:48:07,1.9,150,93500
20240209,10:48:08,1.9,150,93500
20240209,10:48:11,1.9,150,93500
20240209,10:48:12,1.9,150,93500
20240209,10:48:19,1.9,100,93500
20240209,10:48:40,1.9,200,93500
20240209,10:48:45,1.85,150,93500
20240209,10:48:46,1.85,150,93500
20240209,10:48:51,1.85,50,93500
20240209,10:48:53,1.8,350,93500
20240209,10:48:54,1.8,150,93500
20240209,10:48:58,1.8,50,93500
20240209,10:49:04,1.8,4050,93500
20240209,10:49:05,1.8,1950,93500
20240209,10:49:11,1.75,150,93500
20240209,10:49:12,1.75,150,93500
20240209,10:49:13,1.75,150,93500
20240209,10:49:14,1.75,250,93500
20240209,10:49:21,1.75,150,93500
20240209,10:49:22,1.75,150,93500
20240209,10:49:33,1.8,50,85200
20240209,10:49:42,1.7,150,85200
20240209,10:49:43,1.7,150,85200
20240209,10:49:44,1.7,150,85200
20240209,10:49:51,1.7,3250,85200
20240209,10:49:52,1.7,2800,85200
20240209,10:49:57,1.7,800,85200
20240209,10:50:04,1.7,1500,85200
20240209,10:50:27,1.7,250,85200
20240209,10:50:49,1.7,4350,85200
20240209,10:50:51,1.7,5050,85200
20240209,10:50:52,1.7,50,85200
20240209,10:50:53,1.7,4700,85200
20240209,10:50:55,1.75,1500,85200
20240209,10:50:56,1.75,1800,85200
20240209,10:50:59,1.75,300,85200
20240209,10:51:02,1.75,150,85200
20240209,10:51:49,1.7,50,85200
20240209,10:51:55,1.7,50,85200
20240209,10:53:11,1.75,450,69750
20240209,10:53:13,1.75,50,69750
20240209,10:54:05,1.7,1850,69750
20240209,10:54:12,1.7,50,69750
20240209,10:54:36,1.7,800,69750
20240209,10:54:44,1.7,50,69750
20240209,10:55:11,1.7,50,69750
20240209,10:55:21,1.7,650,69750
20240209,10:55:23,1.7,300,69750
20240209,10:55:25,1.7,50,69750
20240209,10:55:46,1.7,50,68200
20240209,10:55:51,1.7,50,68200
20240209,10:55:52,1.7,800,68200
20240209,10:55:53,1.7,1200,68200
20240209,10:55:54,1.7,800,68200
20240209,10:55:56,1.75,50,68200
20240209,10:55:59,1.7,50,68200
20240209,10:56:00,1.75,50,68200
20240209,10:56:06,1.7,1900,68200
20240209,10:56:08,1.7,50,68200
20240209,10:56:09,1.7,1600,68200
20240209,10:56:10,1.7,650,68200
20240209,10:56:11,1.7,1050,68200
20240209,10:56:12,1.7,50,68200
20240209,10:56:19,1.7,150,68200
20240209,10:56:26,1.65,4000,68200
20240209,10:56:27,1.6,1800,68200
20240209,10:57:07,1.6,50,68200
20240209,10:57:08,1.6,150,68200
20240209,10:57:09,1.6,150,68200
20240209,10:57:10,1.6,150,68200
20240209,10:57:11,1.65,250,68200
20240209,10:57:12,1.6,5550,68200
20240209,10:57:13,1.6,200,68200
20240209,10:57:14,1.6,850,68200
20240209,10:57:16,1.6,200,68200
20240209,10:57:34,1.6,50,68200
20240209,10:58:08,1.6,650,68200
20240209,10:58:09,1.6,300,68200
20240209,10:58:10,1.6,300,68200
20240209,10:58:29,1.6,50,68200
20240209,10:58:39,1.6,500,61600
20240209,10:58:41,1.6,100,61600
20240209,10:58:43,1.65,50,61600
20240209,10:58:48,1.6,150,61600
20240209,10:58:49,1.6,150,61600
20240209,10:58:50,1.6,100,61600
20240209,10:58:52,1.55,100,61600
20240209,10:58:53,1.55,50,61600
20240209,10:58:54,1.6,200,61600
20240209,10:58:55,1.55,150,61600
20240209,10:58:56,1.55,150,61600
20240209,10:58:57,1.55,150,61600
20240209,10:58:59,1.55,150,61600
20240209,10:59:00,1.6,400,61600
20240209,10:59:01,1.55,750,61600
20240209,10:59:02,1.6,200,61600
20240209,10:59:03,1.6,50,61600
20240209,10:59:07,1.6,550,61600
20240209,10:59:08,1.6,300,61600
20240209,10:59:11,1.6,450,61600
20240209,10:59:12,1.6,50,61600
20240209,10:59:20,1.6,250,61600
20240209,10:59:20,1.6,100,61600
20240209,10:59:32,1.55,100,61600
20240209,10:59:37,1.6,50,61600
20240209,10:59:38,1.6,300,61600
20240209,10:59:46,1.6,500,61600
20240209,10:59:47,1.55,3050,61600
20240209,10:59:57,1.55,50,61600
20240209,10:59:59,1.55,50,61600
20240209,11:00:01,1.6,50,61600
20240209,11:00:17,1.6,1800,61600
20240209,11:00:21,1.6,1800,61600
20240209,11:00:24,1.6,1150,61600
20240209,11:00:51,1.6,50,61600
20240209,11:00:58,1.55,50,61600
20240209,11:01:27,1.6,50,61600
20240209,11:01:43,1.55,50,58700
20240209,11:01:46,1.6,250,58700
20240209,11:02:06,1.6,50,58700
20240209,11:02:35,1.55,1800,58700
20240209,11:02:51,1.6,500,58700
20240209,11:03:05,1.6,100,58700
20240209,11:03:16,1.6,100,58700
20240209,11:03:35,1.6,50,58700
20240209,11:03:53,1.55,1800,58700
20240209,11:04:15,1.55,1800,58700
20240209,11:04:16,1.55,5250,58700
20240209,11:04:17,1.55,100,58700
20240209,11:04:30,1.55,550,58700
20240209,11:04:31,1.55,50,58700
20240209,11:04:42,1.6,3600,55650
20240209,11:04:44,1.6,250,55650
20240209,11:04:46,1.6,1450,55650
20240209,11:04:47,1.6,250,55650
20240209,11:04:48,1.6,50,55650
20240209,11:04:49,1.6,400,55650
20240209,11:04:53,1.6,550,55650
20240209,11:04:56,1.6,50,55650
20240209,11:04:57,1.65,250,55650
20240209,11:04:58,1.65,500,55650
20240209,11:05:01,1.65,50,55650
20240209,11:05:07,1.65,2100,55650
20240209,11:05:07,1.65,50,55650
20240209,11:05:08,1.65,100,55650
20240209,11:05:10,1.65,50,55650
20240209,11:05:14,1.7,250,55650
20240209,11:05:15,1.65,50,55650
20240209,11:05:33,1.65,50,55650
20240209,11:05:34,1.65,150,55650
20240209,11:05:35,1.65,150,55650
20240209,11:05:36,1.65,250,55650
20240209,11:05:38,1.65,50,55650
20240209,11:05:38,1.65,5000,55650
20240209,11:05:42,1.65,50,55650
20240209,11:06:04,1.65,1800,55650
20240209,11:06:05,1.65,50,55650
20240209,11:06:19,1.65,50,55650
20240209,11:06:25,1.65,50,55650
20240209,11:06:31,1.65,150,55650
20240209,11:06:33,1.65,300,55650
20240209,11:06:52,1.65,100,55650
20240209,11:07:04,1.65,350,55650
20240209,11:07:06,1.6,300,55650
20240209,11:07:07,1.6,150,55650
20240209,11:07:08,1.6,150,55650
20240209,11:07:16,1.6,150,55650
20240209,11:07:17,1.6,150,55650
20240209,11:07:18,1.6,150,55650
20240209,11:07:19,1.6,150,55650
20240209,11:07:20,1.6,150,55650
20240209,11:07:21,1.65,250,55650
20240209,11:07:49,1.65,300,51050
20240209,11:07:56,1.65,50,51050
20240209,11:08:13,1.65,2400,51050
20240209,11:08:30,1.6,50,51050
20240209,11:08:31,1.6,50,51050
20240209,11:08:32,1.6,150,51050
20240209,11:08:33,1.6,150,51050
20240209,11:08:34,1.6,150,51050
20240209,11:08:35,1.6,300,51050
20240209,11:08:36,1.6,450,51050
20240209,11:08:37,1.6,150,51050
20240209,11:08:38,1.6,500,51050
20240209,11:08:41,1.55,150,51050
20240209,11:08:42,1.55,150,51050
20240209,11:08:46,1.55,50,51050
20240209,11:08:47,1.55,150,51050
20240209,11:08:48,1.55,150,51050
20240209,11:08:49,1.55,150,51050
20240209,11:08:50,1.55,150,51050
20240209,11:08:52,1.6,3900,51050
20240209,11:08:54,1.55,50,51050
20240209,11:08:55,1.55,150,51050
20240209,11:08:56,1.55,150,51050
20240209,11:09:31,1.55,150,51050
20240209,11:09:32,1.55,150,51050
20240209,11:09:33,1.55,150,51050
20240209,11:09:46,1.6,150,51050
20240209,11:10:06,1.6,50,51050
20240209,11:10:07,1.6,50,51050
20240209,11:10:16,1.6,50,51050
20240209,11:10:23,1.65,900,51050
20240209,11:11:13,1.6,600,51050
20240209,11:11:30,1.6,500,55250
20240209,11:11:32,1.55,150,55250
20240209,11:11:33,1.55,150,55250
20240209,11:11:34,1.55,150,55250
20240209,11:11:34,1.55,250,55250
20240209,11:11:35,1.55,150,55250
20240209,11:11:40,1.55,50,55250
20240209,11:11:42,1.55,400,55250
20240209,11:11:43,1.5,150,55250
20240209,11:11:44,1.5,200,55250
20240209,11:11:45,1.5,150,55250
20240209,11:11:46,1.5,150,55250
20240209,11:11:47,1.5,150,55250
20240209,11:11:48,1.5,100,55250
20240209,11:12:00,1.55,200,55250
20240209,11:12:07,1.5,500,55250
20240209,11:12:08,1.55,50,55250
20240209,11:12:42,1.55,650,55250
20240209,11:13:40,1.55,50,52700
20240209,11:14:06,1.55,250,52700
20240209,11:14:07,1.55,50,52700
20240209,11:14:09,1.55,50,52700
20240209,11:14:27,1.55,100,52700
20240209,11:14:28,1.55,100,52700
20240209,11:14:43,1.55,250,52700
20240209,11:16:03,1.55,50,52700
20240209,11:16:26,1.55,50,52700
20240209,11:16:45,1.55,50,52100
20240209,11:16:50,1.55,250,52100
20240209,11:16:54,1.55,350,52100
20240209,11:16:57,1.55,500,52100
20240209,11:18:05,1.55,50,52100
20240209,11:18:07,1.6,50,52100
20240209,11:18:22,1.6,50,52100
20240209,11:18:43,1.6,100,52100
20240209,11:19:14,1.6,50,52100
20240209,11:19:31,1.6,100,52100
20240209,11:20:11,1.6,100,52200
20240209,11:20:26,1.6,350,52200
20240209,11:20:32,1.65,50,52200
20240209,11:21:11,1.65,50,52200
20240209,11:21:29,1.65,800,52200
20240209,11:21:34,1.7,250,52200
20240209,11:21:36,1.65,50,52200
20240209,11:21:52,1.65,600,52200
20240209,11:23:23,1.6,50,51600
20240209,11:23:28,1.6,50,51600
20240209,11:23:29,1.6,50,51600
20240209,11:23:48,1.6,50,51600
20240209,11:24:14,1.6,50,51600
20240209,11:24:34,1.65,50,51600
20240209,11:24:42,1.6,50,51600
20240209,11:25:14,1.6,50,51600
20240209,11:25:55,1.6,50,51300
20240209,11:26:04,1.6,50,51300
20240209,11:28:11,1.6,50,51300
20240209,11:29:12,1.65,1500,51150
20240209,11:29:13,1.65,5600,51150
20240209,11:29:14,1.7,3500,51150
20240209,11:29:15,1.65,50,51150
20240209,11:29:16,1.7,350,51150
20240209,11:29:26,1.65,1500,51150
20240209,11:29:27,1.6,4500,51150
20240209,11:29:32,1.6,1250,51150
20240209,11:29:33,1.6,3750,51150
20240209,11:30:00,1.6,50,51150
20240209,11:30:14,1.6,50,51150
20240209,11:30:36,1.6,3550,51150
20240209,11:30:39,1.6,50,51150
20240209,11:30:53,1.65,3250,51150
20240209,11:30:54,1.65,100,51150
20240209,11:30:55,1.65,50,51150
20240209,11:30:56,1.65,50,51150
20240209,11:30:57,1.65,50,51150
20240209,11:31:19,1.7,50,51150
20240209,11:31:31,1.7,800,51150
20240209,11:31:32,1.75,2700,51150
20240209,11:31:33,1.75,50,51150
20240209,11:31:34,1.75,100,51150
20240209,11:31:53,1.75,50,55900
20240209,11:33:18,1.75,1650,55900
20240209,11:33:19,1.7,300,55900
20240209,11:33:25,1.7,300,55900
20240209,11:33:35,1.75,50,55900
20240209,11:33:37,1.7,250,55900
20240209,11:35:08,1.75,50,55900
20240209,11:35:16,1.7,500,54300
20240209,11:35:59,1.7,50,54300
20240209,11:36:04,1.7,50,54300
20240209,11:36:25,1.75,500,54300
20240209,11:36:31,1.65,250,54300
20240209,11:36:34,1.7,100,54300
20240209,11:36:44,1.7,50,54300
20240209,11:36:54,1.75,50,54300
20240209,11:36:55,1.7,50,54300
20240209,11:37:12,1.7,50,54300
20240209,11:38:30,1.65,850,54100
20240209,11:40:07,1.65,50,54100
20240209,11:40:10,1.65,50,54100
20240209,11:40:11,1.65,50,54100
20240209,11:40:26,1.65,50,54100
20240209,11:40:39,1.65,50,53550
20240209,11:40:50,1.6,50,53550
20240209,11:41:02,1.6,50,53550
20240209,11:41:08,1.6,50,53550
20240209,11:41:14,1.6,50,53550
20240209,11:41:21,1.6,500,53550
20240209,11:41:39,1.65,50,53550
20240209,11:41:40,1.65,50,53550
20240209,11:41:41,1.65,50,53550
20240209,11:41:42,1.65,50,53550
20240209,11:41:43,1.65,50,53550
20240209,11:41:45,1.65,50,53550
20240209,11:41:46,1.65,50,53550
20240209,11:41:47,1.65,50,53550
20240209,11:41:50,1.65,50,53550
20240209,11:41:51,1.65,50,53550
20240209,11:41:55,1.65,50,53550
20240209,11:41:56,1.65,50,53550
20240209,11:42:42,1.65,50,53550
20240209,11:42:43,1.65,50,53550
20240209,11:42:44,1.65,50,53550
20240209,11:42:45,1.65,50,53550
20240209,11:42:46,1.65,50,53550
20240209,11:42:52,1.65,50,53550
20240209,11:42:53,1.65,50,53550
20240209,11:42:54,1.65,50,53550
20240209,11:42:55,1.65,50,53550
20240209,11:42:56,1.65,50,53550
20240209,11:43:02,1.6,300,53550
20240209,11:43:03,1.65,50,53550
20240209,11:43:04,1.65,50,53550
20240209,11:43:05,1.65,50,53550
20240209,11:43:06,1.65,50,53550
20240209,11:43:07,1.65,50,53550
20240209,11:43:08,1.65,50,53550
20240209,11:43:09,1.65,50,53550
20240209,11:43:10,1.65,50,53550
20240209,11:43:11,1.65,50,53550
20240209,11:43:15,1.65,50,53550
20240209,11:43:16,1.65,50,53550
20240209,11:43:17,1.65,50,53550
20240209,11:43:18,1.65,50,53550
20240209,11:43:19,1.65,50,53550
20240209,11:43:20,1.65,50,53550
20240209,11:43:21,1.65,50,53550
20240209,11:43:22,1.65,50,53550
20240209,11:43:23,1.65,50,53550
20240209,11:43:24,1.65,50,53550
20240209,11:43:25,1.65,50,53550
20240209,11:43:26,1.65,50,53550
20240209,11:43:27,1.65,50,53550
20240209,11:43:51,1.65,50,55150
20240209,11:43:52,1.65,50,55150
20240209,11:43:53,1.65,50,55150
20240209,11:43:54,1.65,50,55150
20240209,11:43:55,1.65,50,55150
20240209,11:43:56,1.65,50,55150
20240209,11:43:57,1.65,50,55150
20240209,11:43:58,1.65,50,55150
20240209,11:43:59,1.65,50,55150
20240209,11:44:00,1.65,50,55150
20240209,11:44:01,1.65,50,55150
20240209,11:44:02,1.65,50,55150
20240209,11:44:03,1.65,50,55150
20240209,11:44:04,1.65,50,55150
20240209,11:44:05,1.65,50,55150
20240209,11:44:06,1.65,50,55150
20240209,11:44:07,1.65,50,55150
20240209,11:44:08,1.65,50,55150
20240209,11:44:09,1.65,50,55150
20240209,11:44:10,1.65,50,55150
20240209,11:44:11,1.65,50,55150
20240209,11:44:12,1.65,50,55150
20240209,11:44:13,1.65,100,55150
20240209,11:44:14,1.65,100,55150
20240209,11:44:16,1.65,50,55150
20240209,11:44:17,1.7,50,55150
20240209,11:44:18,1.7,50,55150
20240209,11:44:19,1.65,350,55150
20240209,11:44:20,1.7,50,55150
20240209,11:44:21,1.7,50,55150
20240209,11:44:22,1.7,50,55150
20240209,11:44:23,1.7,50,55150
20240209,11:44:24,1.7,50,55150
20240209,11:44:25,1.7,50,55150
20240209,11:44:26,1.7,50,55150
20240209,11:44:27,1.7,50,55150
20240209,11:44:28,1.7,1000,55150
20240209,11:44:34,1.65,800,55150
20240209,11:44:38,1.65,50,55150
20240209,11:44:40,1.7,50,55150
20240209,11:44:41,1.7,50,55150
20240209,11:44:42,1.7,50,55150
20240209,11:44:43,1.7,150,55150
20240209,11:44:44,1.7,150,55150
20240209,11:44:45,1.7,150,55150
20240209,11:44:48,1.7,50,55150
20240209,11:44:49,1.7,50,55150
20240209,11:44:50,1.7,150,55150
20240209,11:44:51,1.7,150,55150
20240209,11:44:52,1.7,50,55150
20240209,11:44:53,1.7,100,55150
20240209,11:44:54,1.7,50,55150
20240209,11:44:55,1.7,50,55150
20240209,11:44:56,1.7,50,55150
20240209,11:44:57,1.7,50,55150
20240209,11:44:58,1.7,50,55150
20240209,11:44:59,1.7,50,55150
20240209,11:45:00,1.7,100,55150
20240209,11:45:01,1.7,50,55150
20240209,11:45:02,1.7,50,55150
20240209,11:45:06,1.7,50,55150
20240209,11:45:07,1.7,50,55150
20240209,11:45:08,1.7,50,55150
20240209,11:45:09,1.7,50,55150
20240209,11:45:10,1.7,50,55150
20240209,11:45:11,1.7,50,55150
20240209,11:45:12,1.7,50,55150
20240209,11:45:13,1.7,50,55150
20240209,11:45:14,1.7,50,55150
20240209,11:45:15,1.7,50,55150
20240209,11:45:16,1.7,50,55150
20240209,11:45:17,1.7,50,55150
20240209,11:45:18,1.7,1300,55150
20240209,11:45:21,1.75,50,55150
20240209,11:45:22,1.75,50,55150
20240209,11:45:23,1.75,50,55150
20240209,11:45:24,1.75,50,55150
20240209,11:45:25,1.75,50,55150
20240209,11:45:26,1.75,50,55150
20240209,11:45:27,1.75,50,55150
20240209,11:45:28,1.75,50,55150
20240209,11:45:29,1.75,50,55150
20240209,11:45:30,1.75,50,55150
20240209,11:45:31,1.75,50,55150
20240209,11:45:32,1.75,50,55150
20240209,11:45:33,1.75,50,55150
20240209,11:45:34,1.75,50,55150
20240209,11:45:35,1.75,50,55150
20240209,11:45:36,1.75,1250,55150
20240209,11:45:37,1.75,100,55150
20240209,11:45:38,1.8,50,55150
20240209,11:45:39,1.8,50,55150
20240209,11:45:40,1.8,50,55150
20240209,11:45:41,1.8,50,55150
20240209,11:45:42,1.8,50,55150
20240209,11:45:43,1.8,50,55150
20240209,11:45:44,1.8,50,55150
20240209,11:45:45,1.8,50,55150
20240209,11:45:46,1.8,50,55150
20240209,11:45:47,1.8,50,55150
20240209,11:45:48,1.8,50,55150
20240209,11:45:49,1.8,50,55150
20240209,11:45:50,1.8,100,55150
20240209,11:45:51,1.8,50,55150
20240209,11:45:52,1.8,50,55150
20240209,11:46:09,1.8,50,55150
20240209,11:46:10,1.8,50,55150
20240209,11:46:11,1.8,50,55150
20240209,11:46:12,1.8,50,55150
20240209,11:46:13,1.8,50,55150
20240209,11:46:14,1.8,50,55150
20240209,11:46:15,1.8,50,55150
20240209,11:46:16,1.8,50,55150
20240209,11:46:17,1.8,50,55150
20240209,11:46:18,1.8,50,55150
20240209,11:46:19,1.8,50,55150
20240209,11:46:20,1.8,50,55150
20240209,11:46:21,1.8,50,55150
20240209,11:46:22,1.8,50,55150
20240209,11:46:23,1.8,150,55150
20240209,11:46:24,1.8,150,55150
20240209,11:46:25,1.8,50,55150
20240209,11:46:28,1.8,50,55150
20240209,11:46:29,1.8,50,55150
20240209,11:46:30,1.8,50,55150
20240209,11:46:31,1.8,50,55150
20240209,11:46:32,1.8,50,55150
20240209,11:46:33,1.8,50,55150
20240209,11:46:34,1.8,50,55150
20240209,11:46:35,1.8,50,55150
20240209,11:46:36,1.8,50,55150
20240209,11:46:37,1.8,50,55150
20240209,11:46:38,1.8,50,55150
20240209,11:46:39,1.8,50,55150
20240209,11:46:40,1.8,50,57100
20240209,11:46:43,1.8,50,57100
20240209,11:47:16,1.8,50,57100
20240209,11:47:17,1.8,50,57100
20240209,11:47:20,1.8,50,57100
20240209,11:47:21,1.8,50,57100
20240209,11:47:22,1.8,50,57100
20240209,11:47:23,1.8,50,57100
20240209,11:47:24,1.8,50,57100
20240209,11:47:25,1.8,50,57100
20240209,11:47:26,1.75,100,57100
20240209,11:47:27,1.75,300,57100
20240209,11:47:28,1.8,1700,57100
20240209,11:47:29,1.8,50,57100
20240209,11:47:30,1.8,50,57100
20240209,11:47:33,1.85,50,57100
20240209,11:47:34,1.85,50,57100
20240209,11:47:35,1.85,50,57100
20240209,11:47:36,1.85,50,57100
20240209,11:47:37,1.85,100,57100
20240209,11:47:38,1.85,50,57100
20240209,11:47:41,1.85,100,57100
20240209,11:47:42,1.85,50,57100
20240209,11:47:43,1.85,50,57100
20240209,11:47:44,1.85,50,57100
20240209,11:47:45,1.85,50,57100
20240209,11:47:46,1.85,50,57100
20240209,11:47:47,1.85,50,57100
20240209,11:47:54,1.85,50,57100
20240209,11:47:55,1.85,50,57100
20240209,11:47:56,1.85,50,57100
20240209,11:47:57,1.85,50,57100
20240209,11:48:00,1.85,50,57100
20240209,11:48:01,1.85,50,57100
20240209,11:48:02,1.85,50,57100
20240209,11:48:55,1.8,100,57100
20240209,11:49:10,1.8,300,57100
20240209,11:49:14,1.8,2400,57100
20240209,11:50:14,1.8,50,56550
20240209,11:50:15,1.75,850,56550
20240209,11:50:16,1.8,50,56550
20240209,11:50:19,1.8,50,56550
20240209,11:50:21,1.8,50,56550
20240209,11:50:25,1.75,100,56550
20240209,11:50:58,1.75,1400,56550
20240209,11:50:58,1.75,50,56550
20240209,11:51:31,1.7,3100,56550
20240209,11:51:38,1.75,50,56550
20240209,11:51:39,1.75,50,56550
20240209,11:51:40,1.65,750,56550
20240209,11:51:42,1.7,50,56550
20240209,11:51:43,1.7,100,56550
20240209,11:51:44,1.75,50,56550
20240209,11:51:45,1.75,50,56550
20240209,11:51:48,1.75,50,56550
20240209,11:51:49,1.75,50,56550
20240209,11:51:50,1.75,50,56550
20240209,11:51:51,1.75,50,56550
20240209,11:51:54,1.75,50,56550
20240209,11:51:57,1.75,50,56550
20240209,11:51:58,1.75,50,56550
20240209,11:51:59,1.75,50,56550
20240209,11:52:00,1.75,50,56550
20240209,11:52:01,1.75,50,56550
20240209,11:52:02,1.75,50,56550
20240209,11:52:03,1.75,50,56550
20240209,11:52:04,1.75,50,56550
20240209,11:52:05,1.75,50,56550
20240209,11:52:06,1.75,50,56550
20240209,11:52:07,1.75,50,56550
20240209,11:52:08,1.75,50,56550
20240209,11:52:09,1.75,50,56550
20240209,11:52:10,1.75,50,56550
20240209,11:52:11,1.75,50,56550
20240209,11:52:12,1.75,50,56550
20240209,11:52:13,1.75,50,56550
20240209,11:52:14,1.75,50,56550
20240209,11:52:15,1.75,50,56550
20240209,11:52:16,1.75,50,56550
20240209,11:52:17,1.75,50,56550
20240209,11:52:18,1.75,50,56550
20240209,11:52:20,1.75,50,56550
20240209,11:52:21,1.75,50,56550
20240209,11:52:22,1.75,50,56550
20240209,11:52:23,1.75,50,56550
20240209,11:52:28,1.75,50,56550
20240209,11:52:29,1.75,50,56550
20240209,11:52:31,1.75,50,56550
20240209,11:52:32,1.75,50,56550
20240209,11:52:33,1.75,50,56550
20240209,11:52:34,1.75,50,56550
20240209,11:52:36,1.75,50,56550
20240209,11:52:37,1.75,50,56550
20240209,11:52:38,1.75,50,56550
20240209,11:52:39,1.75,50,56550
20240209,11:52:40,1.75,50,56550
20240209,11:52:41,1.75,50,56400
20240209,11:52:42,1.75,50,56400
20240209,11:52:43,1.75,50,56400
20240209,11:52:44,1.75,50,56400
20240209,11:52:45,1.75,50,56400
20240209,11:52:46,1.75,50,56400
20240209,11:52:48,1.75,50,56400
20240209,11:52:51,1.75,50,56400
20240209,11:52:55,1.75,50,56400
20240209,11:52:56,1.75,50,56400
20240209,11:52:57,1.75,50,56400
20240209,11:52:58,1.75,50,56400
20240209,11:52:59,1.75,50,56400
20240209,11:53:00,1.75,50,56400
20240209,11:53:02,1.75,150,56400
20240209,11:53:11,1.75,300,56400
20240209,11:53:12,1.75,50,56400
20240209,11:53:13,1.75,50,56400
20240209,11:53:14,1.75,50,56400
20240209,11:53:15,1.75,50,56400
20240209,11:53:16,1.75,50,56400
20240209,11:53:17,1.75,50,56400
20240209,11:53:18,1.75,50,56400
20240209,11:53:19,1.75,50,56400
20240209,11:53:20,1.75,150,56400
20240209,11:53:21,1.75,150,56400
20240209,11:53:22,1.75,250,56400
20240209,11:53:25,1.7,1150,56400
20240209,11:53:26,1.7,100,56400
20240209,11:53:27,1.7,100,56400
20240209,11:53:28,1.75,50,56400
20240209,11:53:29,1.75,50,56400
20240209,11:53:34,1.75,50,56400
20240209,11:53:36,1.75,50,56400
20240209,11:53:37,1.75,50,56400
20240209,11:53:38,1.75,50,56400
20240209,11:53:39,1.75,50,56400
20240209,11:53:40,1.75,50,56400
20240209,11:53:41,1.75,150,56400
20240209,11:53:42,1.75,150,56400
20240209,11:53:43,1.75,150,56400
20240209,11:53:44,1.75,50,56400
20240209,11:53:45,1.75,50,56400
20240209,11:53:47,1.75,100,56400
20240209,11:53:48,1.75,50,56400
20240209,11:53:50,1.75,50,56400
20240209,11:53:51,1.75,50,56400
20240209,11:53:52,1.75,50,56400
20240209,11:53:53,1.75,50,56400
20240209,11:53:54,1.75,50,56400
20240209,11:53:55,1.75,50,56400
20240209,11:53:56,1.75,50,56400
20240209,11:53:57,1.75,50,56400
20240209,11:53:58,1.75,50,56400
20240209,11:53:59,1.75,50,56400
20240209,11:54:00,1.75,50,56400
20240209,11:54:01,1.75,50,56400
20240209,11:54:02,1.75,50,56400
20240209,11:54:03,1.75,150,56400
20240209,11:54:04,1.75,700,56400
20240209,11:54:09,1.75,50,56400
20240209,11:54:10,1.75,50,56400
20240209,11:54:11,1.75,50,56400
20240209,11:54:12,1.75,150,56400
20240209,11:54:13,1.75,150,56400
20240209,11:54:14,1.75,150,56400
20240209,11:54:15,1.75,50,56400
20240209,11:54:18,1.8,50,56400
20240209,11:54:19,1.8,150,56400
20240209,11:54:20,1.75,300,56400
20240209,11:54:21,1.75,200,56400
20240209,11:54:22,1.75,50,56400
20240209,11:54:23,1.75,50,56400
20240209,11:54:24,1.75,4450,56400
20240209,11:54:25,1.75,50,56400
20240209,11:54:26,1.75,50,56400
20240209,11:54:28,1.75,50,56400
20240209,11:54:29,1.75,50,56400
20240209,11:54:30,1.75,50,56400
20240209,11:54:31,1.75,50,56400
20240209,11:54:38,1.75,50,56400
20240209,11:54:39,1.75,50,56400
20240209,11:54:40,1.75,50,56400
20240209,11:54:41,1.75,50,56400
20240209,11:54:42,1.75,2750,56400
20240209,11:54:43,1.75,1550,56400
20240209,11:54:44,1.75,800,56400
20240209,11:54:45,1.75,700,56400
20240209,11:54:46,1.8,200,56400
20240209,11:54:47,1.75,1150,56400
20240209,11:54:49,1.8,50,56400
20240209,11:54:52,1.8,50,56400
20240209,11:54:54,1.8,50,56400
20240209,11:55:00,1.8,50,56400
20240209,11:55:05,1.8,50,56400
20240209,11:55:06,1.8,50,56400
20240209,11:55:07,1.8,50,56400
20240209,11:55:10,1.75,250,56400
20240209,11:55:11,1.75,450,56400
20240209,11:55:18,1.8,1500,56400
20240209,11:55:35,1.7,100,56400
20240209,11:56:00,1.75,1950,59500
20240209,11:56:01,1.75,150,59500
20240209,11:56:27,1.75,50,59500
20240209,11:56:30,1.75,50,59500
20240209,11:56:34,1.75,50,59500
20240209,11:57:16,1.75,50,59500
20240209,11:57:25,1.7,50,59500
20240209,11:57:31,1.75,200,59500
20240209,11:57:37,1.7,1350,59500
20240209,12:00:19,1.7,100,59750
20240209,12:01:11,1.7,50,59750
20240209,12:01:15,1.7,250,59750
20240209,12:01:16,1.7,50,59750
20240209,12:01:17,1.7,200,59750
20240209,12:01:18,1.7,250,59750
20240209,12:01:19,1.65,1200,59750
20240209,12:01:20,1.65,250,59750
20240209,12:01:21,1.65,200,59750
20240209,12:01:22,1.65,200,59750
20240209,12:01:23,1.65,200,59750
20240209,12:01:24,1.65,200,59750
20240209,12:01:25,1.65,200,59750
20240209,12:01:26,1.65,200,59750
20240209,12:01:27,1.65,200,59750
20240209,12:01:28,1.65,650,59750
20240209,12:01:28,1.65,50,59750
20240209,12:01:29,1.65,250,59750
20240209,12:01:30,1.65,200,59750
20240209,12:01:31,1.65,200,59750
20240209,12:01:32,1.65,250,59750
20240209,12:01:34,1.65,800,59750
20240209,12:01:35,1.65,200,59750
20240209,12:01:36,1.65,700,59750
20240209,12:01:37,1.6,200,59750
20240209,12:01:38,1.6,200,59750
20240209,12:01:40,1.6,800,59750
20240209,12:01:41,1.6,4900,59750
20240209,12:01:42,1.55,150,55600
20240209,12:01:43,1.55,150,55600
20240209,12:01:44,1.55,150,55600
20240209,12:01:45,1.55,200,55600
20240209,12:01:46,1.55,150,55600
20240209,12:01:47,1.55,150,55600
20240209,12:01:48,1.55,150,55600
20240209,12:01:49,1.55,150,55600
20240209,12:01:50,1.55,150,55600
20240209,12:01:52,1.55,350,55600
20240209,12:01:53,1.55,150,55600
20240209,12:01:54,1.55,150,55600
20240209,12:01:56,1.5,300,55600
20240209,12:01:57,1.55,900,55600
20240209,12:02:01,1.5,50,55600
20240209,12:02:02,1.5,150,55600
20240209,12:02:04,1.5,1300,55600
20240209,12:02:06,1.5,100,55600
20240209,12:02:15,1.6,50,55600
20240209,12:02:17,1.55,150,55600
20240209,12:02:18,1.55,150,55600
20240209,12:02:48,1.55,1200,55600
20240209,12:02:51,1.55,50,55600
20240209,12:02:52,1.55,50,55600
20240209,12:03:01,1.55,150,55600
20240209,12:03:04,1.55,450,55600
20240209,12:04:12,1.55,50,55600
20240209,12:08:03,1.6,50,52700
20240209,12:08:04,1.6,50,52700
20240209,12:08:05,1.6,50,52700
20240209,12:08:06,1.6,50,52700
20240209,12:08:07,1.6,50,52700
20240209,12:08:08,1.6,50,52700
20240209,12:08:09,1.6,50,52700
20240209,12:08:10,1.55,100,52700
20240209,12:08:11,1.6,50,52700
20240209,12:08:12,1.6,50,52700
20240209,12:08:13,1.6,50,52700
20240209,12:08:14,1.6,50,52700
20240209,12:08:15,1.6,50,52700
20240209,12:08:18,1.6,50,52700
20240209,12:08:19,1.6,50,52700
20240209,12:08:20,1.6,50,52700
20240209,12:08:21,1.6,550,52700
20240209,12:08:22,1.6,50,52700
20240209,12:08:24,1.6,50,52700
20240209,12:08:31,1.6,50,52700
20240209,12:08:32,1.6,50,52700
20240209,12:09:09,1.6,50,52700
20240209,12:09:37,1.55,50,52700
20240209,12:09:38,1.55,50,52700
20240209,12:09:39,1.55,350,52700
20240209,12:09:40,1.55,200,52700
20240209,12:09:43,1.55,150,52700
20240209,12:09:44,1.55,150,52700
20240209,12:09:45,1.55,150,52700
20240209,12:09:51,1.55,150,52700
20240209,12:09:52,1.55,150,52700
20240209,12:09:53,1.55,150,52700
20240209,12:09:55,1.55,50,52700
20240209,12:10:23,1.55,50,52700
20240209,12:10:44,1.55,100,52550
20240209,12:11:43,1.55,50,52550
20240209,12:11:48,1.55,50,52550
20240209,12:11:50,1.55,50,52550
20240209,12:11:51,1.55,550,52550
20240209,12:12:01,1.55,50,52550
20240209,12:12:42,1.55,50,52550
20240209,12:12:44,1.55,550,52550
20240209,12:12:47,1.6,50,52550
20240209,12:12:49,1.6,100,52550
20240209,12:13:07,1.6,50,52550
20240209,12:13:08,1.6,50,52550
20240209,12:13:09,1.6,50,52550
20240209,12:13:10,1.6,50,52550
20240209,12:13:11,1.6,50,52550
20240209,12:13:12,1.6,50,52550
20240209,12:13:13,1.6,100,52550
20240209,12:13:15,1.6,100,52550
20240209,12:13:16,1.6,50,52550
20240209,12:13:17,1.6,150,52550
20240209,12:13:19,1.6,150,52550
20240209,12:13:20,1.6,400,52550
20240209,12:13:21,1.6,200,52550
20240209,12:13:22,1.6,100,52550
20240209,12:13:25,1.65,50,52550
20240209,12:15:14,1.65,1000,53250
20240209,12:15:19,1.65,50,53250
20240209,12:15:42,1.65,100,53250
20240209,12:15:44,1.65,50,53250
20240209,12:15:52,1.65,100,53250
20240209,12:15:55,1.7,50,53250
20240209,12:15:56,1.7,50,53250
20240209,12:15:57,1.7,50,53250
20240209,12:15:58,1.7,50,53250
20240209,12:15:59,1.7,200,53250
20240209,12:16:00,1.65,1100,53250
20240209,12:16:01,1.7,200,53250
20240209,12:16:02,1.7,50,53250
20240209,12:16:04,1.75,150,53250
20240209,12:16:05,1.75,50,53250
20240209,12:16:06,1.75,50,53250
20240209,12:16:07,1.75,50,53250
20240209,12:16:08,1.75,50,53250
20240209,12:16:09,1.75,50,53250
20240209,12:16:10,1.75,50,53250
20240209,12:16:11,1.75,50,53250
20240209,12:16:12,1.75,50,53250
20240209,12:16:13,1.75,50,53250
20240209,12:16:14,1.75,200,53250
20240209,12:16:15,1.75,200,53250
20240209,12:16:16,1.75,200,53250
20240209,12:16:19,1.75,50,53250
20240209,12:16:21,1.75,50,53250
20240209,12:16:22,1.75,100,53250
20240209,12:16:23,1.75,50,53250
20240209,12:16:24,1.75,50,53250
20240209,12:16:25,1.75,50,53250
20240209,12:16:56,1.75,50,53250
20240209,12:16:58,1.75,50,55500
20240209,12:16:59,1.75,50,55500
20240209,12:17:00,1.75,50,55500
20240209,12:17:01,1.75,50,55500
20240209,12:17:02,1.75,50,55500
20240209,12:17:03,1.75,50,55500
20240209,12:17:04,1.75,50,55500
20240209,12:17:05,1.75,50,55500
20240209,12:17:06,1.75,50,55500
20240209,12:17:07,1.75,50,55500
20240209,12:17:08,1.75,50,55500
20240209,12:17:09,1.75,50,55500
20240209,12:17:10,1.75,50,55500
20240209,12:17:11,1.75,50,55500
20240209,12:17:12,1.75,50,55500
20240209,12:17:13,1.75,50,55500
20240209,12:17:14,1.75,50,55500
20240209,12:17:15,1.75,50,55500
20240209,12:17:16,1.75,50,55500
20240209,12:17:17,1.75,50,55500
20240209,12:17:18,1.75,50,55500
20240209,12:17:19,1.75,50,55500
20240209,12:17:20,1.75,50,55500
20240209,12:17:21,1.75,1650,55500
20240209,12:17:22,1.75,100,55500
20240209,12:17:23,1.75,150,55500
20240209,12:17:24,1.8,50,55500
20240209,12:17:25,1.8,150,55500
20240209,12:17:26,1.8,50,55500
20240209,12:17:27,1.8,50,55500
20240209,12:17:30,1.75,1050,55500
20240209,12:17:35,1.7,150,55500
20240209,12:17:37,1.7,100,55500
20240209,12:17:56,1.7,150,55500
20240209,12:18:16,1.7,50,55500
20240209,12:18:17,1.7,50,55500
20240209,12:19:03,1.65,550,55500
20240209,12:19:04,1.65,50,55500
20240209,12:19:05,1.65,50,55500
20240209,12:19:06,1.65,50,55500
20240209,12:19:07,1.65,50,55500
20240209,12:19:08,1.65,50,55500
20240209,12:19:09,1.65,50,55500
20240209,12:19:59,1.65,600,55500
20240209,12:20:00,1.65,250,56350
20240209,12:20:08,1.65,50,56350
20240209,12:20:34,1.7,50,56350
20240209,12:20:35,1.7,50,56350
20240209,12:20:36,1.65,100,56350
20240209,12:20:37,1.7,50,56350
20240209,12:20:38,1.7,50,56350
20240209,12:20:39,1.65,200,56350
20240209,12:20:40,1.7,50,56350
20240209,12:20:41,1.7,50,56350
20240209,12:20:42,1.7,50,56350
20240209,12:20:43,1.7,50,56350
20240209,12:20:44,1.7,50,56350
20240209,12:20:45,1.7,50,56350
20240209,12:20:46,1.7,50,56350
20240209,12:20:47,1.7,50,56350
20240209,12:20:48,1.7,50,56350
20240209,12:20:49,1.7,50,56350
20240209,12:20:50,1.7,50,56350
20240209,12:20:51,1.7,50,56350
20240209,12:20:52,1.7,50,56350
20240209,12:20:53,1.7,50,56350
20240209,12:20:54,1.7,50,56350
20240209,12:20:55,1.7,50,56350
20240209,12:20:56,1.7,50,56350
20240209,12:20:57,1.7,50,56350
20240209,12:20:58,1.7,50,56350
20240209,12:20:59,1.75,50,56350
20240209,12:21:00,1.75,50,56350
20240209,12:21:01,1.75,50,56350
20240209,12:21:02,1.75,50,56350
20240209,12:21:04,1.75,100,56350
20240209,12:21:05,1.75,50,56350
20240209,12:21:07,1.75,50,56350
20240209,12:21:11,1.75,50,56350
20240209,12:21:12,1.75,50,56350
20240209,12:21:13,1.75,50,56350
20240209,12:21:20,1.75,50,56350
20240209,12:21:21,1.75,50,56350
20240209,12:21:22,1.75,50,56350
20240209,12:21:23,1.75,50,56350
20240209,12:21:24,1.75,50,56350
20240209,12:21:25,1.7,100,56350
20240209,12:21:26,1.75,50,56350
20240209,12:21:27,1.75,50,56350
20240209,12:21:28,1.75,50,56350
20240209,12:21:29,1.75,50,56350
20240209,12:21:30,1.75,50,56350
20240209,12:21:31,1.75,50,56350
20240209,12:21:32,1.75,50,56350
20240209,12:21:33,1.75,50,56350
20240209,12:21:34,1.75,50,56350
20240209,12:21:35,1.75,50,56350
20240209,12:21:36,1.75,50,56350
20240209,12:21:37,1.75,50,56350
20240209,12:21:38,1.75,50,56350
20240209,12:21:39,1.75,50,56350
20240209,12:21:40,1.75,50,56350
20240209,12:21:41,1.75,50,56350
20240209,12:21:42,1.75,50,56350
20240209,12:21:43,1.75,50,56350
20240209,12:21:44,1.75,50,56350
20240209,12:21:45,1.75,50,56350
20240209,12:21:46,1.75,50,56350
20240209,12:21:47,1.75,50,56350
20240209,12:21:48,1.75,50,56350
20240209,12:21:49,1.75,50,56350
20240209,12:21:50,1.75,50,56350
20240209,12:21:51,1.75,50,56350
20240209,12:21:52,1.75,50,56350
20240209,12:21:53,1.75,50,56350
20240209,12:21:54,1.75,50,56350
20240209,12:21:55,1.7,200,56350
20240209,12:21:57,1.7,100,56350
20240209,12:22:04,1.7,50,56350
20240209,12:22:06,1.75,50,56350
20240209,12:22:07,1.75,50,56350
20240209,12:22:08,1.75,50,56350
20240209,12:22:09,1.75,50,56350
20240209,12:22:10,1.75,50,56350
20240209,12:22:11,1.75,50,56350
20240209,12:22:12,1.75,50,56350
20240209,12:22:13,1.75,50,56350
20240209,12:22:14,1.75,50,56350
20240209,12:22:15,1.75,50,56350
20240209,12:22:17,1.75,50,56350
20240209,12:22:18,1.75,50,56350
20240209,12:22:19,1.75,50,56350
20240209,12:22:20,1.75,50,56350
20240209,12:22:21,1.75,100,56350
20240209,12:22:22,1.75,50,56350
20240209,12:22:23,1.75,50,56350
20240209,12:22:24,1.7,100,56350
20240209,12:22:25,1.75,50,56350
20240209,12:22:27,1.75,100,56350
20240209,12:22:28,1.75,50,56350
20240209,12:22:30,1.75,50,56350
20240209,12:22:33,1.75,50,56350
20240209,12:22:34,1.75,50,56350
20240209,12:22:36,1.75,100,56350
20240209,12:23:11,1.75,50,60700
20240209,12:23:49,1.7,100,60700
20240209,12:24:03,1.7,4400,60700
20240209,12:24:21,1.7,250,60700
20240209,12:24:50,1.65,50,60700
20240209,12:25:17,1.7,50,60700
20240209,12:25:49,1.7,50,60650
20240209,12:25:50,1.7,50,60650
20240209,12:25:51,1.7,50,60650
20240209,12:25:52,1.7,50,60650
20240209,12:25:53,1.7,50,60650
20240209,12:25:54,1.7,50,60650
20240209,12:25:55,1.7,50,60650
20240209,12:25:56,1.7,50,60650
20240209,12:25:57,1.7,50,60650
20240209,12:25:58,1.7,50,60650
20240209,12:26:04,1.7,100,60650
20240209,12:26:05,1.7,50,60650
20240209,12:26:07,1.7,50,60650
20240209,12:26:08,1.7,50,60650
20240209,12:26:09,1.7,50,60650
20240209,12:26:10,1.7,50,60650
20240209,12:26:11,1.7,800,60650
20240209,12:26:13,1.7,150,60650
20240209,12:26:14,1.75,50,60650
20240209,12:26:40,1.75,50,60650
20240209,12:26:48,1.75,50,60650
20240209,12:26:50,1.75,50,60650
20240209,12:26:51,1.75,50,60650
20240209,12:26:52,1.75,50,60650
20240209,12:26:53,1.75,50,60650
20240209,12:26:54,1.75,50,60650
20240209,12:26:55,1.75,50,60650
20240209,12:26:56,1.75,50,60650
20240209,12:26:57,1.75,50,60650
20240209,12:26:58,1.75,50,60650
20240209,12:26:59,1.75,50,60650
20240209,12:27:00,1.75,50,60650
20240209,12:27:01,1.75,50,60650
20240209,12:27:02,1.75,50,60650
20240209,12:27:03,1.75,50,60650
20240209,12:27:04,1.75,50,60650
20240209,12:27:05,1.75,50,60650
20240209,12:27:06,1.75,50,60650
20240209,12:27:07,1.75,50,60650
20240209,12:27:08,1.75,50,60650
20240209,12:27:09,1.75,50,60650
20240209,12:27:10,1.75,50,60650
20240209,12:27:11,1.75,50,60650
20240209,12:27:12,1.75,50,60650
20240209,12:27:13,1.75,50,60650
20240209,12:27:14,1.75,50,60650
20240209,12:27:15,1.75,50,60650
20240209,12:27:16,1.75,50,60650
20240209,12:27:17,1.75,50,60650
20240209,12:27:18,1.75,50,60650
20240209,12:27:19,1.75,50,60650
20240209,12:27:20,1.75,50,60650
20240209,12:27:21,1.75,50,60650
20240209,12:27:22,1.75,200,60650
20240209,12:27:23,1.75,200,60650
20240209,12:27:24,1.75,50,60650
20240209,12:27:25,1.75,50,60650
20240209,12:27:26,1.7,100,60650
20240209,12:27:27,1.7,100,60650
20240209,12:27:28,1.75,50,60650
20240209,12:27:29,1.75,50,60650
20240209,12:27:30,1.75,50,60650
20240209,12:27:31,1.75,300,60650
20240209,12:27:32,1.75,50,60650
20240209,12:27:33,1.75,50,60650
20240209,12:27:34,1.75,50,60650
20240209,12:27:35,1.75,50,60650
20240209,12:27:36,1.75,50,60650
20240209,12:27:37,1.75,50,60650
20240209,12:27:38,1.75,50,60650
20240209,12:27:39,1.75,50,60650
20240209,12:27:40,1.75,50,60650
20240209,12:27:41,1.75,50,60650
20240209,12:27:42,1.75,50,60650
20240209,12:27:43,1.75,50,60650
20240209,12:27:44,1.75,50,60650
20240209,12:27:45,1.75,50,60650
20240209,12:27:46,1.75,50,60650
20240209,12:27:47,1.75,50,60650
20240209,12:28:13,1.7,4250,60650
20240209,12:28:16,1.7,50,60650
20240209,12:28:18,1.7,50,60650
20240209,12:28:23,1.65,200,60650
20240209,12:28:27,1.7,50,60650
20240209,12:28:29,1.7,50,60650
20240209,12:28:30,1.7,50,60650
20240209,12:28:31,1.65,200,60650
20240209,12:29:09,1.7,50,60650
20240209,12:29:10,1.7,50,64700
20240209,12:29:11,1.7,50,64700
