date,time,tick_price,volume,open_interest
20240115,09:28:06,358.05,300,800
20240115,09:28:17,358.05,50,800
20240115,09:28:27,358.0,250,800
20240115,09:28:36,358.0,200,800
20240115,09:30:10,360.8,50,800
20240115,09:46:06,377.45,50,850
20240115,09:46:15,377.45,200,850
20240115,09:46:24,377.45,150,850
20240115,09:47:21,379.05,150,850
20240115,09:48:13,382.15,150,1400
20240115,09:48:21,382.15,150,1400
20240115,09:49:10,385.45,150,1400
20240115,09:49:27,387.3,150,1400
20240115,09:51:23,387.6,150,2000
20240115,09:51:41,392.1,300,2000
20240115,09:52:03,394.75,150,2000
20240115,09:52:13,395.65,150,2000
20240115,12:50:24,395.65,50,2750
20240115,12:51:53,373.85,50,2750
20240115,14:06:08,351.45,50,2800
20240115,15:01:10,345.4,50,2800
20240115,15:01:21,345.4,50,2800
20240115,15:01:32,342.6,50,2800
20240115,15:01:41,342.6,50,2800
20240115,15:01:50,344.25,50,2800
20240116,15:22:19,383.75,1,3050
20240116,15:22:19,383.7,100,3050
20240129,12:50:28,559.95,1,3000
20240129,12:50:28,559.95,50,3000
20240129,12:51:27,558.0,100,3000
20240129,13:07:29,553.95,50,3100
20240129,13:52:22,546.85,100,3100
20240129,13:53:52,544.8,50,3150
20240129,14:04:50,538.9,50,3200
20240129,14:08:11,538.9,50,3200
20240129,14:36:02,559.95,50,3300
20240129,14:36:25,555.6,400,3300
20240129,14:40:48,533.3,400,3700
20240129,14:42:39,533.3,800,4100
20240129,14:50:36,538.6,300,4900
20240129,14:50:45,539.0,400,4900
20240129,14:58:24,557.55,100,5600
20240129,14:58:33,563.25,50,5600
20240129,15:02:29,563.25,150,5700
20240129,15:02:36,545.0,200,5700
20240130,09:21:14,530.95,1,5850
20240130,09:21:14,530.95,50,5850
20240130,09:25:50,559.85,50,5900
20240130,09:26:29,565.95,50,5950
20240130,09:28:25,565.95,50,5950
20240130,09:32:05,545.05,50,6000
20240130,09:32:28,543.95,450,6000
20240130,09:32:38,544.95,50,6000
20240130,09:33:18,545.85,1300,6000
20240130,09:49:26,543.8,300,5600
20240130,10:34:08,564.05,350,5900
20240130,10:35:34,556.65,250,5900
20240130,10:37:02,545.8,250,5900
20240130,11:05:55,582.35,350,5900
20240130,11:06:05,583.35,250,5900
20240130,11:07:07,595.2,550,5900
20240130,12:02:09,595.2,250,6150
20240130,12:02:25,550.55,250,6150
20240130,12:03:42,559.65,50,5900
20240130,12:09:47,577.75,50,5950
20240130,12:15:35,570.55,50,5950
20240130,12:16:31,574.25,50,5950
20240130,12:18:06,563.55,250,6050
20240130,12:23:51,571.2,100,6050
20240130,12:31:20,569.5,200,6150
20240130,12:31:32,564.35,200,6150
20240130,12:31:49,563.85,100,6150
20240130,12:32:21,568.35,50,6150
20240130,12:32:42,564.8,200,6750
20240130,12:32:49,564.7,100,6750
20240130,12:33:08,569.5,150,6750
20240130,12:33:15,569.85,100,6750
20240130,12:33:30,568.4,350,6750
20240130,12:47:40,593.2,1200,7400
20240130,12:55:51,575.15,100,7400
20240130,13:04:29,581.85,100,7400
20240130,13:08:47,593.2,100,7500
20240130,13:09:16,597.0,1600,7500
20240130,13:09:38,597.0,200,7500
20240130,13:18:55,598.1,200,9150
20240130,13:48:05,609.4,150,9100
20240130,14:12:09,614.65,50,8950
20240130,14:19:00,621.45,50,8950
20240130,14:31:35,667.45,50,8900
20240130,14:32:08,680.8,50,8900
20240130,14:34:16,680.8,100,8800
20240130,14:36:03,697.75,50,8800
20240130,14:36:14,697.75,50,8800
20240130,14:36:45,695.35,50,8800
20240130,14:44:47,696.8,50,8700
20240130,14:54:03,701.25,50,8700
20240130,14:54:52,705.0,50,8700
20240130,15:01:21,727.1,50,8700
20240130,15:01:32,729.95,50,8700
20240130,15:02:23,733.35,50,8700
20240130,15:21:08,733.35,50,8650
20240130,15:21:33,710.45,50,8650
20240130,15:22:18,707.65,50,8650
20240130,15:22:29,708.0,50,8650
20240130,15:25:35,710.55,100,8650
20240131,09:23:20,755.4,1,8650
20240131,09:23:20,755.4,50,8650
20240131,09:27:51,716.45,50,8650
20240131,09:28:14,713.85,50,8700
20240131,09:30:14,704.6,50,8700
20240131,09:36:17,669.75,50,8750
20240131,09:38:06,669.75,100,8750
20240131,09:38:46,674.05,50,8750
20240131,09:59:42,665.9,50,8750
20240131,10:02:02,665.9,50,8750
20240131,10:05:17,665.6,50,8750
20240131,10:18:08,628.35,50,8750
20240131,10:25:48,628.35,50,8750
20240131,11:21:15,587.05,50,8750
20240131,11:28:01,581.25,50,8800
20240131,14:50:27,575.2,50,8800
20240131,14:50:38,575.2,50,8800
20240131,14:50:49,578.4,50,8800
20240131,14:51:01,582.7,50,8800
20240131,14:51:08,584.1,50,8900
20240131,15:00:07,580.95,50,8950
20240131,15:01:08,576.5,50,8950
20240131,15:01:19,576.55,50,8950
20240131,15:01:30,573.0,50,8950
20240131,15:01:42,573.0,50,8950
20240131,15:01:49,574.15,50,8950
20240131,15:02:49,563.0,50,8950
20240131,15:13:05,557.95,50,9150
20240131,15:15:43,557.95,50,9100
20240131,15:24:56,576.1,50,9150
20240131,15:25:00,575.15,150,9150
20240131,15:28:49,582.5,100,9200
20240131,15:29:38,587.4,100,9200
20240131,15:29:45,588.0,100,9200
20240201,09:40:47,569.0,1,8900
20240201,09:40:47,569.0,50,8900
20240201,10:09:10,502.95,50,8900
20240201,10:15:43,502.95,50,8850
20240201,10:55:06,494.5,100,8850
20240201,10:56:07,494.5,50,8850
20240201,10:57:21,518.95,50,8900
20240201,10:57:46,501.05,50,8900
20240201,11:02:11,492.05,50,8900
20240201,11:02:13,490.05,100,8900
20240201,11:02:16,485.35,150,8900
20240201,11:02:18,485.35,50,8900
20240201,11:02:28,480.6,500,8900
20240201,11:03:05,475.35,100,8750
20240201,11:03:57,475.35,50,8750
20240201,11:04:40,484.95,100,8750
20240201,11:04:48,487.85,50,8750
20240201,11:08:16,499.15,50,9050
20240201,11:09:07,493.5,50,9050
20240201,11:14:07,513.6,100,9050
20240201,11:16:51,544.9,50,9050
20240201,11:17:17,589.25,50,9050
20240201,11:17:27,589.95,100,9050
20240201,11:17:35,582.1,50,9050
20240201,11:17:44,573.1,50,9050
20240201,11:18:01,560.05,50,9200
20240201,11:18:09,567.6,50,9200
20240201,11:18:18,554.1,50,9200
20240201,11:18:27,548.95,100,9200
20240201,11:18:35,552.9,100,9200
20240201,11:18:53,545.2,100,9200
20240201,11:19:10,548.05,50,9200
20240201,11:19:55,555.4,50,9200
20240201,11:20:17,555.15,50,9200
20240201,11:20:49,567.5,50,9250
20240201,11:20:57,571.4,50,9250
20240201,11:21:14,560.9,50,9250
20240201,11:21:17,563.3,50,9250
20240201,11:24:09,544.95,50,9150
20240201,11:25:57,554.5,50,9150
20240201,11:27:47,537.8,50,9150
20240201,11:30:12,541.85,50,9150
20240201,11:41:29,530.35,50,9150
20240201,11:50:45,517.2,100,9250
20240201,11:53:55,508.3,150,9250
20240201,11:58:40,560.25,450,9250
20240201,11:59:02,555.6,50,9250
20240201,11:59:22,545.2,50,9250
20240201,12:00:00,539.7,50,8850
20240201,12:00:14,539.2,50,8850
20240201,12:00:31,535.65,50,8850
20240201,12:02:03,557.65,50,8850
20240201,12:02:05,556.05,50,8850
20240201,12:02:20,554.55,50,8850
20240201,12:04:04,579.85,400,8850
20240201,12:04:44,567.0,50,8800
20240201,12:05:09,557.8,50,8800
20240201,12:05:59,550.75,50,8450
20240201,12:07:12,520.65,50,8450
20240201,12:07:14,524.1,50,8450
20240201,12:07:27,515.85,50,8450
20240201,12:10:11,516.0,50,8500
20240201,12:11:24,507.35,50,8500
20240201,12:12:20,509.3,400,8600
20240201,12:15:43,529.35,50,8700
20240201,12:19:28,530.0,50,8700
20240201,12:25:01,540.0,50,8750
20240201,12:30:04,532.9,200,8750
20240201,12:37:36,524.6,50,8850
20240201,12:39:46,537.55,50,8900
20240201,12:40:28,539.05,200,8900
20240201,12:42:25,529.95,150,9150
20240201,12:44:40,531.3,100,9150
20240201,12:47:26,518.6,100,9400
20240201,12:48:10,512.35,150,9450
20240201,13:01:29,528.35,50,9500
20240201,13:14:10,519.8,100,9500
20240201,13:23:23,530.65,50,9600
20240201,13:34:05,568.9,200,9600
20240201,13:41:10,566.3,200,9800
20240201,14:45:48,551.0,50,9600
20240201,14:56:12,531.0,100,9600
20240201,15:04:20,560.0,1500,9600
20240201,15:10:43,555.25,50,11050
20240201,15:14:56,580.0,50,11050
20240201,15:15:49,584.8,250,11050
20240201,15:16:44,577.75,100,11000
20240201,15:21:10,565.6,50,11300
20240201,15:21:18,565.6,50,11300
20240201,15:27:03,571.45,50,11200
20240201,15:28:22,575.7,150,11250
20240201,15:28:29,575.55,150,11250
20240201,15:29:19,577.85,100,11250
20240201,15:29:49,575.55,150,11250
20240202,09:15:01,432.2,1,11500
20240202,09:15:01,432.2,50,11500
20240202,09:15:04,430.35,100,11500
20240202,09:15:05,433.55,50,11500
20240202,09:15:09,433.55,50,11500
20240202,09:15:12,420.35,50,11500
20240202,09:15:21,416.4,150,11500
20240202,09:15:28,413.25,50,11500
20240202,09:15:57,412.4,50,11500
20240202,09:16:00,408.45,50,11500
20240202,09:16:07,404.85,100,11500
20240202,09:16:12,402.45,50,11500
20240202,09:16:25,402.45,50,11500
20240202,09:16:28,410.4,100,11500
20240202,09:16:39,406.25,100,11500
20240202,09:16:40,406.65,50,11500
20240202,09:16:44,405.3,50,11500
20240202,09:16:45,401.45,50,11500
20240202,09:17:02,400.0,100,11500
20240202,09:17:08,400.0,50,11500
20240202,09:18:00,400.4,50,11550
20240202,09:18:04,396.9,150,11550
20240202,09:19:23,381.3,50,11550
20240202,09:19:32,379.8,50,11550
20240202,09:19:37,379.8,50,11550
20240202,09:19:41,376.55,50,11550
20240202,09:20:27,364.9,500,11700
20240202,09:20:32,364.95,50,11700
20240202,09:20:56,361.0,300,11700
20240202,09:20:57,361.0,50,11700
20240202,09:21:02,361.0,150,11700
20240202,09:21:13,359.25,50,11700
20240202,09:21:14,357.7,50,11700
20240202,09:21:45,357.7,50,11700
20240202,09:21:49,357.0,50,11700
20240202,09:22:00,355.75,50,11700
20240202,09:22:04,354.25,1800,11700
20240202,09:22:28,350.0,50,11700
20240202,09:22:35,348.9,1200,11700
20240202,09:22:41,348.55,150,11700
20240202,09:23:02,348.7,50,11700
20240202,09:23:05,346.7,150,11700
20240202,09:23:14,346.7,250,12600
20240202,09:23:23,345.0,50,12600
20240202,09:23:36,345.0,50,12600
20240202,09:23:41,346.8,50,12600
20240202,09:23:44,345.0,100,12600
20240202,09:23:49,343.0,50,12600
20240202,09:24:01,341.8,50,12600
20240202,09:24:02,340.75,50,12600
20240202,09:24:23,340.75,100,12600
20240202,09:24:30,343.0,50,12600
20240202,09:24:41,340.0,50,12600
20240202,09:24:50,338.25,350,12600
20240202,09:24:52,335.2,100,12600
20240202,09:24:53,334.4,50,12600
20240202,09:25:02,334.4,500,12600
20240202,09:25:03,334.35,100,12600
20240202,09:25:25,331.35,150,12600
20240202,09:25:37,331.35,300,12600
20240202,09:25:44,337.9,50,12600
20240202,09:25:50,336.3,150,12600
20240202,09:25:55,340.0,50,12600
20240202,09:26:02,339.6,250,12600
20240202,09:26:03,339.6,50,12600
20240202,09:27:07,340.35,100,13700
20240202,09:27:08,339.6,150,13700
20240202,09:27:09,338.25,250,13700
20240202,09:27:41,335.7,250,13700
20240202,09:28:03,335.75,50,13700
20240202,09:28:16,336.0,100,13700
20240202,09:28:33,335.0,50,13700
20240202,09:28:35,334.9,50,13700
20240202,09:28:40,334.8,250,13700
20240202,09:29:21,336.25,50,14350
20240202,09:29:30,334.1,50,14350
20240202,09:29:40,335.05,100,14350
20240202,09:30:03,335.7,50,14350
20240202,09:30:11,340.2,250,14350
20240202,09:30:19,341.35,50,14350
20240202,09:30:20,340.3,50,14350
20240202,09:30:23,339.35,50,14350
20240202,09:30:32,342.15,100,14350
20240202,09:30:36,342.0,100,14350
20240202,09:30:51,337.8,50,14350
20240202,09:30:58,335.4,500,14350
20240202,09:31:02,336.05,50,14350
20240202,09:31:03,336.1,50,14350
20240202,09:31:10,335.85,50,14350
20240202,09:31:18,333.25,50,14350
20240202,09:31:19,333.05,50,14350
20240202,09:31:26,332.85,50,14350
20240202,09:31:50,335.15,50,14350
20240202,09:32:34,331.25,100,14400
20240202,09:32:36,331.25,150,14400
20240202,09:32:49,330.0,250,14400
20240202,09:32:50,329.45,50,14400
20240202,09:32:53,327.7,200,14400
20240202,09:32:55,327.25,50,14400
20240202,09:32:57,327.25,50,14400
20240202,09:33:01,327.8,50,14400
20240202,09:33:02,328.1,100,14400
20240202,09:33:04,330.65,50,14400
20240202,09:33:11,330.6,50,14400
20240202,09:33:12,330.05,50,14400
20240202,09:33:33,327.3,50,14400
20240202,09:33:37,326.3,50,14400
20240202,09:33:41,325.9,50,14400
20240202,09:34:06,324.6,50,14400
20240202,09:34:15,321.0,250,14400
20240202,09:34:18,320.9,50,14400
20240202,09:34:23,320.9,200,14400
20240202,09:34:24,320.0,50,14400
20240202,09:34:28,320.0,50,14400
20240202,09:34:35,320.2,50,14400
20240202,09:34:38,319.8,100,14400
20240202,09:34:39,318.0,200,14400
20240202,09:34:43,318.0,50,14400
20240202,09:34:48,322.5,100,14400
20240202,09:34:52,321.55,200,14400
20240202,09:34:57,322.05,100,14400
20240202,09:35:02,322.55,50,14400
20240202,09:35:10,324.55,50,14400
20240202,09:35:16,323.55,100,16050
20240202,09:35:27,320.0,50,16050
20240202,09:35:33,320.25,50,16050
20240202,09:35:48,322.75,50,16050
20240202,09:35:55,324.1,50,16050
20240202,09:36:11,322.1,50,16050
20240202,09:36:16,324.9,50,16050
20240202,09:36:19,325.4,50,16050
20240202,09:36:22,326.45,50,16050
20240202,09:36:29,326.9,100,16050
20240202,09:36:31,326.0,100,16050
20240202,09:36:39,327.4,100,16050
20240202,09:36:40,327.75,550,16050
20240202,09:36:50,331.6,100,16050
20240202,09:36:52,331.9,100,16050
20240202,09:36:55,333.4,100,16050
20240202,09:36:56,335.45,200,16050
20240202,09:36:57,335.85,250,16050
20240202,09:36:58,337.95,100,16050
20240202,09:36:59,337.85,50,16050
20240202,09:37:05,334.95,50,16050
20240202,09:37:24,334.5,50,16050
20240202,09:37:58,330.85,50,16050
20240202,09:38:07,333.85,100,16050
20240202,09:38:08,333.0,250,16050
20240202,09:38:15,333.5,50,16050
20240202,09:38:26,334.0,250,16650
20240202,09:38:32,333.9,50,16650
20240202,09:38:34,331.75,100,16650
20240202,09:38:56,329.0,50,16650
20240202,09:39:16,326.15,100,16650
20240202,09:39:20,330.1,50,16650
20240202,09:39:31,331.9,50,16650
20240202,09:39:52,331.95,100,16650
20240202,09:39:56,332.0,50,16650
20240202,09:40:00,330.0,50,16650
20240202,09:40:24,326.7,50,16650
20240202,09:40:29,324.65,200,16650
20240202,09:40:30,325.6,100,16650
20240202,09:40:48,321.6,50,16650
20240202,09:40:50,321.5,250,16650
20240202,09:40:51,321.35,150,16650
20240202,09:40:52,320.75,100,16650
20240202,09:41:03,323.65,750,16650
20240202,09:41:06,320.5,50,16650
20240202,09:41:13,320.65,50,16650
20240202,09:41:15,322.85,50,16650
20240202,09:41:24,324.2,50,17700
20240202,09:41:26,326.5,50,17700
20240202,09:41:37,328.5,50,17700
20240202,09:41:38,330.0,50,17700
20240202,09:41:53,328.05,550,17700
20240202,09:41:58,324.95,50,17700
20240202,09:42:05,325.5,250,17700
20240202,09:42:08,327.1,50,17700
20240202,09:42:13,326.55,50,17700
20240202,09:42:23,323.7,50,17700
20240202,09:42:28,322.25,100,17700
20240202,09:42:32,321.0,50,17700
20240202,09:42:34,320.0,500,17700
20240202,09:42:45,322.0,100,17700
20240202,09:43:51,321.7,50,17700
20240202,09:44:14,321.7,350,17700
20240202,09:44:56,318.95,100,18150
20240202,09:45:56,328.0,50,18150
20240202,09:46:00,326.5,50,18150
20240202,09:46:13,325.65,50,18150
20240202,09:46:15,325.55,50,18150
20240202,09:46:40,323.1,650,18150
20240202,09:46:41,324.25,100,18150
20240202,09:46:43,324.3,200,18150
20240202,09:46:49,321.95,50,18150
20240202,09:46:54,324.45,50,18150
20240202,09:46:56,324.1,50,18150
20240202,09:47:01,326.95,50,18150
20240202,09:47:22,327.0,350,18200
20240202,09:47:23,327.7,50,18200
20240202,09:47:32,324.2,100,18200
20240202,09:47:34,324.0,150,18200
20240202,09:47:51,321.95,50,18200
20240202,09:47:54,320.0,50,18200
20240202,09:47:56,319.5,50,18200
20240202,09:48:41,328.0,50,18200
20240202,09:48:45,328.0,50,18200
20240202,09:48:46,325.45,50,18200
20240202,09:49:04,327.9,2050,18200
20240202,09:49:11,328.0,50,18200
20240202,09:49:12,328.85,50,18200
20240202,09:49:18,328.25,50,18200
20240202,09:49:24,326.95,150,18200
20240202,09:49:51,321.4,50,18200
20240202,09:49:52,322.15,50,18200
20240202,09:50:20,318.0,50,18300
20240202,09:50:23,313.85,100,18300
20240202,09:50:37,313.85,50,18300
20240202,09:50:38,317.9,50,18300
20240202,09:50:56,314.75,50,18300
20240202,09:51:07,313.95,200,18300
20240202,09:51:13,313.75,50,18300
20240202,09:51:18,312.0,50,18300
20240202,09:51:22,311.25,50,18300
20240202,09:51:24,311.25,100,18300
20240202,09:51:25,312.5,150,18300
20240202,09:51:38,313.2,250,18300
20240202,09:51:44,315.7,50,18300
20240202,09:51:48,315.0,550,18300
20240202,09:52:01,317.85,100,18300
20240202,09:52:02,315.9,250,18300
20240202,09:52:09,313.55,50,18300
20240202,09:52:15,312.2,50,18300
20240202,09:52:18,312.95,50,18300
20240202,09:52:22,313.9,50,18300
20240202,09:52:54,312.0,100,18300
20240202,09:53:32,308.95,200,18750
20240202,09:53:37,306.0,200,18750
20240202,09:53:42,306.0,50,18750
20240202,09:53:43,307.3,50,18750
20240202,09:53:55,309.55,50,18750
20240202,09:54:02,309.55,50,18750
20240202,09:54:24,311.85,50,18750
20240202,09:54:46,309.55,200,18750
20240202,09:54:49,309.2,100,18750
20240202,09:55:21,311.2,50,18750
20240202,09:55:27,307.55,100,18750
20240202,09:55:36,309.95,50,18750
20240202,09:55:49,314.7,50,18750
20240202,09:55:54,315.85,50,18750
20240202,09:56:17,317.5,50,18900
20240202,09:56:19,316.75,50,18900
20240202,09:56:28,315.0,250,18900
20240202,09:56:30,313.0,200,18900
20240202,09:56:31,312.5,50,18900
20240202,09:56:34,313.45,50,18900
20240202,09:56:43,313.7,50,18900
20240202,09:56:51,313.95,50,18900
20240202,09:56:57,313.95,250,18900
20240202,09:57:06,315.05,50,18900
20240202,09:57:27,313.1,50,18900
20240202,09:58:06,313.0,50,18900
20240202,09:58:09,313.35,50,18900
20240202,09:58:16,316.95,100,18900
20240202,09:58:26,317.4,50,18900
20240202,09:58:29,318.85,50,18900
20240202,09:58:36,316.8,250,18900
20240202,09:58:43,316.95,100,18900
20240202,09:58:44,317.2,550,18900
20240202,09:58:52,317.75,200,18900
20240202,09:59:07,320.0,100,18900
20240202,09:59:16,318.15,50,18900
20240202,09:59:26,316.6,50,20050
20240202,09:59:29,317.65,50,20050
20240202,10:00:06,311.8,50,20050
20240202,10:00:07,312.6,50,20050
20240202,10:00:08,311.55,50,20050
20240202,10:00:12,312.0,50,20050
20240202,10:00:26,313.25,50,20050
20240202,10:00:41,312.2,50,20050
20240202,10:00:58,310.65,50,20050
20240202,10:01:11,308.25,150,20050
20240202,10:01:19,308.45,50,20050
20240202,10:01:20,307.55,50,20050
20240202,10:01:25,308.9,50,20050
20240202,10:01:27,308.9,50,20050
20240202,10:01:40,302.75,50,20050
20240202,10:02:03,302.75,50,20050
20240202,10:02:20,308.0,100,20400
20240202,10:02:29,306.8,50,20400
20240202,10:02:35,308.45,1350,20400
20240202,10:02:40,306.55,100,20400
20240202,10:02:50,306.55,50,20400
20240202,10:03:06,304.45,50,20400
20240202,10:03:18,306.6,100,20400
20240202,10:03:26,306.0,50,20400
20240202,10:03:49,306.6,50,20400
20240202,10:03:59,307.3,100,20400
20240202,10:04:35,304.9,100,20400
20240202,10:04:55,306.4,100,20400
20240202,10:05:04,306.65,200,20400
20240202,10:05:12,305.0,200,20400
20240202,10:05:18,303.5,200,22000
20240202,10:05:37,304.2,500,22000
20240202,10:05:40,302.3,50,22000
20240202,10:05:41,298.55,150,22000
20240202,10:05:43,298.55,150,22000
20240202,10:05:44,297.7,1050,22000
20240202,10:05:45,298.8,100,22000
20240202,10:05:46,300.0,50,22000
20240202,10:05:47,299.2,400,22000
20240202,10:05:51,299.5,100,22000
20240202,10:05:54,298.9,100,22000
20240202,10:05:56,298.5,250,22000
20240202,10:05:58,298.6,100,22000
20240202,10:06:07,300.25,50,22000
20240202,10:06:10,299.65,100,22000
20240202,10:06:15,299.8,50,22000
20240202,10:06:18,299.55,450,22000
20240202,10:06:33,302.05,100,22000
20240202,10:06:34,303.0,200,22000
20240202,10:06:35,302.2,50,22000
20240202,10:06:41,303.1,100,22000
20240202,10:06:42,304.8,250,22000
20240202,10:06:44,304.35,50,22000
20240202,10:06:46,305.1,50,22000
20240202,10:06:47,305.55,1250,22000
20240202,10:06:53,305.0,100,22000
20240202,10:06:54,305.2,100,22000
20240202,10:06:57,305.25,100,22000
20240202,10:06:58,305.25,100,22000
20240202,10:06:59,304.9,150,22000
20240202,10:07:00,305.85,100,22000
20240202,10:07:03,306.8,1200,22000
20240202,10:07:04,306.4,50,22000
20240202,10:07:20,303.15,250,22000
20240202,10:07:31,300.7,100,22000
20240202,10:07:57,302.95,100,22000
20240202,10:07:58,302.2,50,22000
20240202,10:08:00,303.3,100,22000
20240202,10:08:01,303.3,50,22000
20240202,10:08:02,303.9,100,22000
20240202,10:08:03,303.25,200,22000
20240202,10:08:04,303.05,100,22000
20240202,10:08:06,302.2,50,22000
20240202,10:08:15,305.25,50,22000
20240202,10:08:16,304.45,100,22000
20240202,10:08:29,304.6,50,26450
20240202,10:08:30,304.95,50,26450
20240202,10:08:31,303.85,200,26450
20240202,10:08:35,304.65,100,26450
20240202,10:08:41,303.25,50,26450
20240202,10:08:46,304.95,100,26450
20240202,10:08:50,305.65,100,26450
20240202,10:08:56,304.5,250,26450
20240202,10:08:57,305.1,100,26450
20240202,10:09:00,303.7,100,26450
20240202,10:09:09,302.95,50,26450
20240202,10:09:11,303.65,50,26450
20240202,10:09:23,302.7,100,26450
20240202,10:09:27,301.5,100,26450
20240202,10:09:33,300.2,1050,26450
20240202,10:09:34,300.2,250,26450
20240202,10:09:40,298.5,300,26450
20240202,10:09:41,299.6,100,26450
20240202,10:09:45,298.55,100,26450
20240202,10:09:46,298.6,3650,26450
20240202,10:09:48,298.9,250,26450
20240202,10:09:49,299.7,1800,26450
20240202,10:09:51,300.25,150,26450
20240202,10:09:55,299.7,250,26450
20240202,10:09:58,299.85,100,26450
20240202,10:10:00,300.5,100,26450
20240202,10:10:01,300.1,100,26450
20240202,10:10:02,298.5,50,26450
20240202,10:10:03,297.95,200,26450
20240202,10:10:04,297.15,400,26450
20240202,10:10:05,297.1,200,26450
20240202,10:10:14,294.9,50,26450
20240202,10:10:17,294.9,50,26450
20240202,10:10:19,296.75,150,26450
20240202,10:10:28,297.0,200,26450
20240202,10:10:37,300.1,1000,26450
20240202,10:10:39,300.0,50,26450
20240202,10:10:49,300.0,50,26450
20240202,10:10:54,298.8,100,26450
20240202,10:11:03,299.7,250,26450
20240202,10:11:17,302.0,100,26450
20240202,10:11:39,302.85,50,29100
20240202,10:11:45,302.1,50,29100
20240202,10:11:49,300.0,1000,29100
20240202,10:11:51,299.55,200,29100
20240202,10:11:52,298.3,100,29100
20240202,10:12:11,299.9,250,29100
20240202,10:12:56,296.65,100,29100
20240202,10:13:05,299.05,150,29100
20240202,10:13:19,301.0,50,29100
20240202,10:14:07,303.0,100,29100
20240202,10:14:11,304.85,100,29100
20240202,10:14:19,304.05,650,29100
20240202,10:14:24,305.0,150,30400
20240202,10:14:25,305.2,50,30400
20240202,10:14:30,302.85,300,30400
20240202,10:14:32,304.15,50,30400
20240202,10:14:34,304.7,50,30400
20240202,10:14:38,305.25,100,30400
20240202,10:15:24,305.0,50,30400
20240202,10:15:42,305.85,200,30400
20240202,10:15:44,305.7,450,30400
20240202,10:15:47,305.65,250,30400
20240202,10:16:21,305.0,50,30400
20240202,10:16:30,302.45,200,30400
20240202,10:16:41,305.05,50,30400
20240202,10:17:16,303.25,100,30400
20240202,10:17:44,306.3,100,30700
20240202,10:17:59,304.45,100,30700
20240202,10:18:31,310.85,50,30700
20240202,10:18:40,307.8,100,30700
20240202,10:19:21,309.6,150,30700
20240202,10:19:22,309.25,100,30700
20240202,10:19:30,310.75,750,30700
20240202,10:19:34,312.85,50,30700
20240202,10:19:36,313.3,50,30700
20240202,10:19:41,312.55,50,30700
20240202,10:19:54,310.65,50,30700
20240202,10:19:59,309.35,100,30700
20240202,10:20:03,309.45,350,30700
20240202,10:20:09,308.65,50,30700
20240202,10:20:11,308.15,50,30700
20240202,10:20:13,307.75,50,30700
20240202,10:20:23,310.7,50,31600
20240202,10:20:26,310.7,50,31600
20240202,10:20:29,312.7,50,31600
20240202,10:20:34,311.0,50,31600
20240202,10:20:45,311.45,50,31600
20240202,10:20:49,312.4,150,31600
20240202,10:22:02,313.4,50,31600
20240202,10:22:16,312.1,50,31600
20240202,10:22:26,314.95,900,31600
20240202,10:22:31,315.9,200,31600
20240202,10:22:42,312.35,50,31600
20240202,10:23:04,310.15,100,31600
20240202,10:23:21,307.0,1050,31600
20240202,10:23:23,306.9,300,31650
20240202,10:23:36,307.45,50,31650
20240202,10:23:41,307.15,100,31650
20240202,10:24:12,305.85,100,31650
20240202,10:24:21,303.45,50,31650
20240202,10:24:28,303.75,50,31650
20240202,10:24:31,303.35,100,31650
20240202,10:24:59,303.25,300,31650
20240202,10:25:00,303.0,250,31650
20240202,10:25:02,302.2,100,31650
20240202,10:25:08,303.5,50,31650
20240202,10:25:09,304.4,50,31650
20240202,10:25:22,304.0,100,31650
20240202,10:25:26,304.4,400,31650
20240202,10:25:46,305.7,250,31650
20240202,10:25:52,304.2,550,31650
20240202,10:26:12,301.9,50,31650
20240202,10:26:20,300.75,150,31650
20240202,10:26:38,300.0,50,32400
20240202,10:26:40,300.0,50,32400
20240202,10:26:41,299.6,50,32400
20240202,10:26:43,299.75,400,32400
20240202,10:26:46,299.45,100,32400
20240202,10:26:50,299.7,350,32400
20240202,10:26:53,299.1,50,32400
20240202,10:26:57,299.4,200,32400
20240202,10:26:58,299.05,200,32400
20240202,10:27:02,299.65,200,32400
20240202,10:27:04,300.35,200,32400
20240202,10:27:12,299.3,100,32400
20240202,10:27:21,300.45,50,32400
20240202,10:27:28,300.2,100,32400
20240202,10:27:30,301.5,150,32400
20240202,10:27:44,301.3,50,32400
20240202,10:28:40,299.2,50,32400
20240202,10:29:31,296.2,50,33700
20240202,10:29:42,296.4,100,33700
20240202,10:29:43,295.85,50,33700
20240202,10:29:53,298.0,50,33700
20240202,10:29:55,297.25,150,33700
20240202,10:29:56,297.5,150,33700
20240202,10:30:05,296.35,50,33700
20240202,10:30:08,295.0,50,33700
20240202,10:30:10,294.95,100,33700
20240202,10:30:22,294.05,50,33700
20240202,10:30:45,294.05,400,33700
20240202,10:30:47,298.0,50,33700
20240202,10:31:08,300.3,250,33700
20240202,10:31:52,299.15,50,33700
20240202,10:32:09,301.7,50,33700
20240202,10:32:15,302.1,250,33700
20240202,10:32:34,304.3,50,34000
20240202,10:32:45,303.05,50,34000
20240202,10:33:11,301.55,50,34000
20240202,10:33:31,304.9,50,34000
20240202,10:34:26,304.0,50,34000
20240202,10:34:35,303.95,50,34000
20240202,10:34:45,305.35,50,34000
20240202,10:35:13,306.45,250,34000
20240202,10:35:32,308.1,200,34050
20240202,10:35:38,308.45,50,34050
20240202,10:35:42,309.65,50,34050
20240202,10:35:50,306.45,1000,34050
20240202,10:35:58,305.3,50,34050
20240202,10:36:00,304.45,50,34050
20240202,10:36:11,305.55,400,34050
20240202,10:36:13,304.9,100,34050
20240202,10:36:27,307.45,50,34050
20240202,10:36:34,309.35,150,34050
20240202,10:36:38,310.0,50,34050
20240202,10:36:41,308.0,750,34050
20240202,10:36:42,308.0,400,34050
20240202,10:36:43,308.05,100,34050
20240202,10:36:47,309.75,100,34050
20240202,10:37:26,306.7,50,34050
20240202,10:37:27,307.25,100,34050
20240202,10:37:32,306.45,50,34050
20240202,10:38:00,306.1,50,34050
20240202,10:38:16,308.3,50,34050
20240202,10:38:17,309.1,50,34050
20240202,10:39:08,313.05,50,35050
20240202,10:39:29,307.65,100,35050
20240202,10:39:52,312.15,250,35050
20240202,10:39:54,312.3,50,35050
20240202,10:40:00,312.0,50,35050
20240202,10:40:03,310.55,150,35050
20240202,10:40:18,309.75,50,35050
20240202,10:40:21,309.2,200,35050
20240202,10:40:37,309.7,50,35050
20240202,10:40:51,310.5,250,35050
20240202,10:40:58,312.6,250,35050
20240202,10:41:34,316.0,50,35550
20240202,10:41:39,315.0,150,35550
20240202,10:41:45,313.4,100,35550
20240202,10:41:48,314.5,100,35550
20240202,10:41:49,318.05,150,35550
20240202,10:41:50,318.05,50,35550
20240202,10:41:55,316.15,50,35550
20240202,10:42:05,316.15,50,35550
20240202,10:42:06,316.85,550,35550
20240202,10:42:07,316.95,300,35550
20240202,10:42:09,316.9,100,35550
20240202,10:42:16,316.5,150,35550
20240202,10:42:31,316.05,50,35550
20240202,10:42:32,319.0,1000,35550
20240202,10:42:36,318.35,100,35550
20240202,10:42:46,315.15,50,35550
20240202,10:42:50,315.0,150,35550
20240202,10:42:56,313.8,350,35550
20240202,10:43:18,309.9,450,35550
20240202,10:43:27,309.6,50,35550
20240202,10:43:30,309.85,50,35550
20240202,10:43:33,310.7,50,35550
20240202,10:43:35,310.45,50,35550
20240202,10:43:36,309.8,50,35550
20240202,10:43:47,309.35,50,35550
20240202,10:43:50,309.55,50,35550
20240202,10:43:53,308.15,100,35550
20240202,10:43:56,307.0,50,35550
20240202,10:44:03,308.7,150,35550
20240202,10:44:09,310.2,300,35550
20240202,10:44:18,311.8,50,35550
20240202,10:44:31,313.95,200,35550
20240202,10:45:02,316.5,250,34600
20240202,10:45:06,315.65,100,34600
20240202,10:45:16,313.5,50,34600
20240202,10:45:29,311.7,100,34600
20240202,10:45:44,313.5,50,34600
20240202,10:46:01,313.0,300,34600
20240202,10:46:33,312.3,50,34600
20240202,10:48:04,312.75,750,34550
20240202,10:48:10,311.8,50,34550
20240202,10:48:43,308.9,100,34550
20240202,10:48:58,312.9,50,34550
20240202,10:49:02,314.4,50,34550
20240202,10:49:29,315.45,1000,34550
20240202,10:49:54,314.35,50,34550
20240202,10:50:47,313.15,50,35150
20240202,10:51:27,310.85,50,35150
20240202,10:51:52,309.75,100,35150
20240202,10:52:19,313.3,50,35150
20240202,10:52:27,313.1,50,35150
20240202,10:54:30,308.95,250,35200
20240202,10:54:32,307.7,100,35200
20240202,10:54:34,306.3,50,35200
20240202,10:55:02,306.15,300,35200
20240202,10:55:12,304.8,250,35200
20240202,10:55:13,304.3,50,35200
20240202,10:55:17,306.7,50,35200
20240202,10:56:15,304.45,50,35200
20240202,10:57:13,303.15,50,35550
20240202,10:57:48,300.0,100,35550
20240202,10:57:54,297.55,650,35550
20240202,10:58:08,297.35,50,35550
20240202,10:58:22,295.95,50,35550
20240202,10:58:25,295.55,1500,35550
20240202,10:58:36,295.4,550,35550
20240202,10:58:42,294.25,1050,35550
20240202,10:58:52,293.7,50,35550
20240202,10:58:55,293.7,50,35550
20240202,10:59:01,294.55,150,35550
20240202,10:59:03,294.6,250,35550
20240202,10:59:23,295.1,250,35550
20240202,10:59:38,294.6,50,35300
20240202,10:59:51,295.0,200,35300
20240202,10:59:56,295.0,50,35300
20240202,10:59:57,294.6,200,35300
20240202,11:00:00,295.2,50,35300
20240202,11:00:04,295.0,100,35300
20240202,11:00:08,294.1,50,35300
20240202,11:00:13,292.8,900,35300
20240202,11:00:15,292.8,100,35300
20240202,11:00:28,292.1,50,35300
20240202,11:00:34,292.1,350,35300
20240202,11:00:46,296.05,100,35300
20240202,11:00:47,297.8,1000,35300
20240202,11:00:59,297.8,150,35300
20240202,11:01:00,298.4,200,35300
20240202,11:01:03,298.4,250,35300
20240202,11:01:05,297.9,50,35300
20240202,11:01:11,297.0,50,35300
20240202,11:01:19,297.8,250,35300
20240202,11:01:20,298.0,750,35300
20240202,11:01:26,298.45,50,35300
20240202,11:01:34,296.95,350,35300
20240202,11:01:38,297.8,50,35300
20240202,11:02:04,296.15,300,35300
20240202,11:02:10,295.35,150,35300
20240202,11:03:27,293.75,50,38050
20240202,11:03:43,291.55,50,38050
20240202,11:03:45,291.55,50,38050
20240202,11:03:52,288.35,1350,38050
20240202,11:03:55,288.15,100,38050
20240202,11:03:56,287.0,850,38050
20240202,11:03:58,287.05,100,38050
20240202,11:04:00,287.75,50,38050
20240202,11:04:01,287.05,50,38050
20240202,11:04:02,286.45,350,38050
20240202,11:04:03,286.45,100,38050
20240202,11:04:06,287.3,50,38050
20240202,11:04:07,285.35,50,38050
20240202,11:04:08,285.0,50,38050
20240202,11:04:10,285.0,50,38050
20240202,11:04:12,285.85,50,38050
20240202,11:04:36,288.65,250,38050
20240202,11:04:37,288.15,50,38050
20240202,11:04:54,287.9,50,38050
20240202,11:05:02,286.05,50,38050
20240202,11:05:09,287.15,50,38050
20240202,11:05:13,285.6,400,38050
20240202,11:05:14,286.5,50,38050
20240202,11:05:16,286.05,50,38050
20240202,11:06:10,290.4,100,38550
20240202,11:06:14,290.95,50,38550
20240202,11:06:42,291.3,100,38550
20240202,11:06:53,291.35,50,38550
20240202,11:07:16,294.55,50,38550
20240202,11:07:19,293.55,50,38550
20240202,11:07:32,293.55,100,38550
20240202,11:07:40,293.35,600,38550
20240202,11:08:10,294.15,50,38550
20240202,11:08:24,291.25,50,38550
20240202,11:08:41,291.2,100,38550
20240202,11:08:42,291.8,50,38550
20240202,11:08:43,290.75,50,38550
20240202,11:08:45,291.2,50,38550
20240202,11:08:58,294.15,250,38550
20240202,11:08:59,293.4,50,38550
20240202,11:09:05,294.1,50,38550
20240202,11:09:24,296.15,300,38550
20240202,11:09:34,293.5,50,38550
20240202,11:09:41,292.9,100,38550
20240202,11:09:51,291.65,50,38550
20240202,11:09:59,291.3,50,38550
20240202,11:10:03,292.2,150,38550
20240202,11:10:14,290.9,250,38550
20240202,11:10:38,290.9,50,38550
20240202,11:10:41,290.85,100,38550
20240202,11:10:50,290.2,50,38550
20240202,11:10:55,291.35,300,38550
20240202,11:11:05,293.95,300,38550
20240202,11:11:36,294.65,250,38600
20240202,11:11:38,292.2,50,38600
20240202,11:11:44,293.15,200,38600
20240202,11:12:05,291.35,50,38600
20240202,11:12:08,291.35,50,38600
20240202,11:13:37,285.0,650,38600
20240202,11:13:38,282.35,100,38600
20240202,11:13:39,280.25,150,38600
20240202,11:13:41,278.0,600,38600
20240202,11:13:43,278.0,50,38600
20240202,11:13:44,281.25,300,38600
20240202,11:13:45,281.8,100,38600
20240202,11:13:47,279.3,200,38600
20240202,11:13:49,279.0,1000,38600
20240202,11:13:50,279.75,550,38600
20240202,11:13:52,275.45,500,38600
20240202,11:13:55,274.3,400,38600
20240202,11:13:56,274.0,650,38600
20240202,11:13:58,273.65,1250,38600
20240202,11:13:59,273.25,50,38600
20240202,11:14:00,273.1,900,38600
20240202,11:14:02,271.9,350,38600
20240202,11:14:03,272.15,100,38600
20240202,11:14:04,274.65,450,38600
20240202,11:14:05,275.2,50,38600
20240202,11:14:06,275.15,400,38600
20240202,11:14:07,276.15,150,38600
20240202,11:14:08,274.95,400,38600
20240202,11:14:09,275.4,300,38600
20240202,11:14:12,273.5,50,38600
20240202,11:14:19,273.5,150,38600
20240202,11:14:24,273.2,2100,38600
20240202,11:14:30,271.55,50,40800
20240202,11:14:32,271.15,200,40800
20240202,11:14:33,270.8,50,40800
20240202,11:14:34,270.7,250,40800
20240202,11:14:35,270.7,50,40800
20240202,11:14:36,268.05,1400,40800
20240202,11:14:37,267.75,250,40800
20240202,11:14:38,267.75,50,40800
20240202,11:14:40,268.75,200,40800
20240202,11:14:41,268.7,550,40800
20240202,11:14:46,269.65,50,40800
20240202,11:14:47,269.45,300,40800
20240202,11:14:48,269.65,150,40800
20240202,11:14:51,270.05,1800,40800
20240202,11:14:52,271.0,100,40800
20240202,11:14:54,271.4,300,40800
20240202,11:14:56,271.7,500,40800
20240202,11:15:01,271.4,150,40800
20240202,11:15:04,269.65,400,40800
20240202,11:15:06,269.85,50,40800
20240202,11:15:11,270.6,500,40800
20240202,11:15:12,270.0,50,40800
20240202,11:15:14,268.8,50,40800
20240202,11:15:17,266.1,250,40800
20240202,11:15:19,266.1,100,40800
20240202,11:15:21,267.6,300,40800
20240202,11:15:22,268.6,950,40800
20240202,11:15:25,268.25,50,40800
20240202,11:15:27,267.0,200,40800
20240202,11:15:28,266.35,50,40800
20240202,11:15:30,266.7,50,40800
20240202,11:15:32,265.85,50,40800
20240202,11:15:33,265.5,150,40800
20240202,11:15:33,265.5,50,40800
20240202,11:15:37,266.3,100,40800
20240202,11:15:39,265.05,150,40800
20240202,11:15:40,264.3,250,40800
20240202,11:15:41,266.15,2450,40800
20240202,11:15:42,265.05,750,40800
20240202,11:15:44,264.3,950,40800
20240202,11:15:46,264.75,200,40800
20240202,11:15:47,264.5,100,40800
20240202,11:15:52,264.0,200,40800
20240202,11:15:53,263.5,150,40800
20240202,11:15:54,263.25,150,40800
20240202,11:15:54,263.5,350,40800
20240202,11:15:55,263.0,150,40800
20240202,11:15:57,262.65,200,40800
20240202,11:15:58,262.55,50,40800
20240202,11:15:59,261.65,50,40800
20240202,11:16:00,261.65,950,40800
20240202,11:16:01,262.25,900,40800
20240202,11:16:02,260.25,700,40800
20240202,11:16:04,258.6,1300,40800
20240202,11:16:05,259.45,50,40800
20240202,11:16:06,258.6,50,40800
20240202,11:16:08,260.25,950,40800
20240202,11:16:09,259.95,200,40800
20240202,11:16:12,260.6,150,40800
20240202,11:16:14,258.7,150,40800
20240202,11:16:16,258.15,350,40800
20240202,11:16:17,258.15,250,40800
20240202,11:16:18,257.55,1100,40800
20240202,11:16:20,256.0,850,40800
20240202,11:16:21,255.2,150,40800
20240202,11:16:22,254.5,50,40800
20240202,11:16:24,254.15,100,40800
20240202,11:16:26,253.95,250,40800
20240202,11:16:28,253.1,150,40800
20240202,11:16:29,252.8,500,40800
20240202,11:16:30,256.5,1300,40800
20240202,11:16:31,257.05,400,40800
20240202,11:16:32,257.8,150,40800
20240202,11:16:34,258.9,150,40800
20240202,11:16:36,257.75,50,40800
20240202,11:16:37,257.5,150,40800
20240202,11:16:39,256.8,100,40800
20240202,11:16:49,254.4,50,40800
20240202,11:16:51,254.95,50,40800
20240202,11:16:52,255.7,50,40800
20240202,11:16:54,256.3,50,40800
20240202,11:16:58,255.9,100,40800
20240202,11:17:01,254.95,250,40800
20240202,11:17:02,255.1,400,40800
20240202,11:17:03,253.35,300,40800
20240202,11:17:06,253.1,150,40800
20240202,11:17:07,253.55,500,40800
20240202,11:17:10,255.2,50,40800
20240202,11:17:20,253.4,50,40800
20240202,11:17:27,253.15,50,40800
20240202,11:17:29,251.65,150,48650
20240202,11:17:30,251.65,50,48650
20240202,11:17:33,252.7,250,48650
20240202,11:17:34,253.1,300,48650
20240202,11:17:37,252.5,400,48650
20240202,11:17:38,252.35,50,48650
20240202,11:17:39,252.4,150,48650
20240202,11:17:40,253.7,550,48650
20240202,11:17:41,253.35,50,48650
20240202,11:17:43,252.7,350,48650
20240202,11:17:44,252.4,50,48650
20240202,11:17:45,253.7,250,48650
20240202,11:17:47,254.4,50,48650
20240202,11:17:48,253.05,300,48650
20240202,11:17:49,253.35,50,48650
20240202,11:17:54,252.8,50,48650
20240202,11:17:56,252.0,50,48650
20240202,11:17:59,252.05,50,48650
20240202,11:18:03,249.6,150,48650
20240202,11:18:04,249.45,100,48650
20240202,11:18:08,249.15,100,48650
20240202,11:18:11,248.1,100,48650
20240202,11:18:14,248.1,50,48650
20240202,11:18:15,247.35,50,48650
20240202,11:18:16,247.1,150,48650
20240202,11:18:19,247.1,100,48650
20240202,11:18:20,248.85,100,48650
20240202,11:18:21,248.65,300,48650
20240202,11:18:22,249.25,300,48650
20240202,11:18:23,249.05,100,48650
20240202,11:18:25,248.1,50,48650
20240202,11:18:26,249.7,300,48650
20240202,11:18:27,249.75,300,48650
20240202,11:18:28,248.7,50,48650
20240202,11:18:32,248.6,50,48650
20240202,11:18:33,248.75,350,48650
20240202,11:18:34,248.6,100,48650
20240202,11:18:35,248.8,300,48650
20240202,11:18:37,249.0,250,48650
20240202,11:18:40,247.85,100,48650
20240202,11:18:43,248.25,150,48650
20240202,11:18:44,248.2,50,48650
20240202,11:18:46,248.8,1050,48650
20240202,11:18:47,248.25,100,48650
20240202,11:18:48,247.6,100,48650
20240202,11:19:00,248.5,50,48650
20240202,11:19:04,247.85,50,48650
20240202,11:19:06,250.8,200,48650
20240202,11:19:07,253.6,250,48650
20240202,11:19:09,252.35,250,48650
20240202,11:19:10,253.05,100,48650
20240202,11:19:12,253.7,100,48650
20240202,11:19:13,251.75,100,48650
20240202,11:19:15,250.05,50,48650
20240202,11:19:17,250.05,50,48650
20240202,11:19:22,251.85,50,48650
20240202,11:19:24,250.95,50,48650
20240202,11:19:25,252.1,150,48650
20240202,11:19:26,251.85,50,48650
20240202,11:19:27,251.05,50,48650
20240202,11:19:28,250.8,150,48650
20240202,11:19:30,251.2,350,48650
20240202,11:19:31,252.0,300,48650
20240202,11:19:32,252.25,50,48650
20240202,11:19:35,251.95,50,48650
20240202,11:19:36,251.9,500,48650
20240202,11:19:37,252.1,600,48650
20240202,11:19:39,252.9,50,48650
20240202,11:19:41,252.95,50,48650
20240202,11:19:42,253.3,50,48650
20240202,11:19:43,253.1,200,48650
20240202,11:19:47,253.25,50,48650
20240202,11:19:48,251.35,50,48650
20240202,11:19:50,251.35,100,48650
20240202,11:19:52,250.0,150,48650
20240202,11:19:54,249.2,100,48650
20240202,11:19:55,250.4,1000,48650
20240202,11:19:57,250.8,300,48650
20240202,11:19:58,251.15,450,48650
20240202,11:20:04,250.9,50,48650
20240202,11:20:12,249.05,50,48650
20240202,11:20:15,248.1,150,48650
20240202,11:20:20,247.75,300,48650
20240202,11:20:21,247.7,350,48650
20240202,11:20:22,246.0,450,48650
20240202,11:20:25,245.45,50,48650
20240202,11:20:28,245.45,250,48650
20240202,11:20:29,245.95,50,48650
20240202,11:20:33,244.9,350,51450
20240202,11:20:41,247.25,500,51450
20240202,11:20:43,246.1,100,51450
20240202,11:20:49,247.95,200,51450
20240202,11:20:51,248.3,250,51450
20240202,11:20:52,248.35,50,51450
20240202,11:20:55,249.4,50,51450
20240202,11:20:57,249.3,350,51450
20240202,11:21:00,248.85,50,51450
20240202,11:21:03,247.45,50,51450
20240202,11:21:12,249.0,100,51450
20240202,11:21:15,247.85,100,51450
20240202,11:21:17,248.2,50,51450
20240202,11:21:24,248.95,200,51450
20240202,11:21:26,248.85,50,51450
20240202,11:21:29,248.95,50,51450
20240202,11:21:31,249.2,150,51450
20240202,11:21:32,248.8,50,51450
20240202,11:21:39,250.0,300,51450
20240202,11:21:43,249.5,200,51450
20240202,11:21:45,250.0,400,51450
20240202,11:21:48,249.2,50,51450
20240202,11:21:50,249.25,50,51450
20240202,11:21:51,248.3,750,51450
20240202,11:21:53,248.45,50,51450
20240202,11:21:54,246.45,300,51450
20240202,11:21:54,246.75,50,51450
20240202,11:21:59,245.75,100,51450
20240202,11:22:00,246.25,50,51450
20240202,11:22:03,246.0,50,51450
20240202,11:22:04,245.95,50,51450
20240202,11:22:05,246.55,50,51450
20240202,11:22:06,247.25,50,51450
20240202,11:22:08,247.85,50,51450
20240202,11:22:09,247.65,50,51450
20240202,11:22:10,246.35,300,51450
20240202,11:22:13,246.4,250,51450
20240202,11:22:14,245.8,50,51450
20240202,11:22:15,246.15,550,51450
20240202,11:22:16,246.0,300,51450
20240202,11:22:18,245.0,100,51450
20240202,11:22:20,243.35,300,51450
20240202,11:22:23,243.8,300,51450
20240202,11:22:24,243.85,50,51450
20240202,11:22:27,243.5,100,51450
20240202,11:22:28,242.55,100,51450
20240202,11:22:31,242.55,50,51450
20240202,11:22:32,243.45,50,51450
20240202,11:22:34,242.8,50,51450
20240202,11:22:39,243.5,50,51450
20240202,11:22:40,245.45,100,51450
20240202,11:22:41,244.95,600,51450
20240202,11:22:41,245.25,100,51450
20240202,11:22:43,245.0,50,51450
20240202,11:22:47,244.15,550,51450
20240202,11:22:50,243.55,250,51450
20240202,11:22:55,244.75,400,51450
20240202,11:22:57,244.5,550,51450
20240202,11:22:58,244.8,650,51450
20240202,11:23:05,246.5,500,51450
20240202,11:23:11,246.0,50,51450
20240202,11:23:14,247.55,150,51450
20240202,11:23:20,246.6,350,51450
20240202,11:23:21,246.7,50,51450
20240202,11:23:22,245.9,400,51450
20240202,11:23:23,245.15,50,51450
20240202,11:23:24,245.05,50,51450
20240202,11:23:34,246.5,50,51450
20240202,11:23:38,247.9,50,51450
20240202,11:23:40,248.05,200,51450
20240202,11:23:43,247.1,50,51450
20240202,11:23:44,246.5,50,51450
20240202,11:23:47,246.7,50,51450
20240202,11:23:48,247.0,350,51450
20240202,11:23:53,246.35,250,51450
20240202,11:23:54,246.6,50,51450
20240202,11:23:56,246.6,250,51450
20240202,11:23:58,246.5,150,51450
20240202,11:24:00,247.15,200,51450
20240202,11:24:01,247.45,100,51450
20240202,11:24:02,247.8,100,51450
20240202,11:24:04,247.6,50,51450
20240202,11:24:05,248.05,50,51450
20240202,11:24:22,249.05,500,51450
20240202,11:24:23,248.85,50,51450
20240202,11:24:25,249.95,450,51450
20240202,11:24:29,248.6,200,51450
20240202,11:24:40,247.95,150,51450
20240202,11:24:43,249.15,100,51450
20240202,11:24:45,248.65,150,51450
20240202,11:24:54,247.4,50,51450
20240202,11:25:02,244.95,50,51450
20240202,11:25:04,245.7,100,51450
20240202,11:25:06,245.0,150,51450
20240202,11:25:09,245.1,150,51450
20240202,11:25:12,244.3,50,51450
20240202,11:25:13,244.9,200,51450
20240202,11:25:14,244.6,350,51450
20240202,11:25:22,242.8,300,51450
20240202,11:25:23,242.0,800,51450
20240202,11:25:24,241.7,500,51450
20240202,11:25:25,241.4,50,51450
20240202,11:25:28,241.4,50,51450
20240202,11:25:31,245.85,50,51450
20240202,11:25:38,245.45,50,51450
20240202,11:25:46,244.5,100,51450
20240202,11:25:49,244.25,150,51450
20240202,11:25:51,245.15,50,51450
20240202,11:25:59,245.5,50,51450
20240202,11:26:00,245.8,150,51450
20240202,11:26:01,245.7,50,51450
20240202,11:26:09,246.9,100,51450
20240202,11:26:16,247.0,50,51450
20240202,11:26:17,247.75,50,51450
20240202,11:26:18,247.8,350,51450
20240202,11:26:20,248.15,150,51450
20240202,11:26:21,247.75,50,51450
20240202,11:26:22,248.8,50,51450
20240202,11:26:26,249.4,50,51450
20240202,11:26:28,249.55,250,51450
20240202,11:26:32,248.75,50,51450
20240202,11:26:41,247.55,200,52950
20240202,11:26:49,249.2,50,52950
20240202,11:26:54,249.0,50,52950
20240202,11:26:55,249.25,200,52950
20240202,11:26:56,249.15,250,52950
20240202,11:26:59,249.2,350,52950
20240202,11:27:00,249.65,50,52950
20240202,11:27:02,249.35,250,52950
20240202,11:27:11,250.3,300,52950
20240202,11:27:18,251.15,450,52950
20240202,11:27:19,250.45,200,52950
20240202,11:27:25,249.9,450,52950
20240202,11:27:29,249.6,50,52950
20240202,11:27:30,249.85,250,52950
20240202,11:27:34,250.0,300,52950
20240202,11:27:36,249.6,50,52950
20240202,11:27:39,249.75,600,52950
20240202,11:27:40,249.15,250,52950
20240202,11:27:42,249.9,200,52950
20240202,11:27:45,248.8,50,52950
20240202,11:27:50,247.8,350,52950
20240202,11:27:56,247.0,50,52950
20240202,11:27:58,246.75,100,52950
20240202,11:28:01,246.55,50,52950
20240202,11:28:02,247.8,550,52950
20240202,11:28:03,248.65,150,52950
20240202,11:28:11,247.85,100,52950
20240202,11:28:15,248.7,100,52950
20240202,11:28:18,248.3,50,52950
20240202,11:28:20,248.6,100,52950
20240202,11:28:23,249.3,750,52950
20240202,11:28:25,248.9,250,52950
20240202,11:28:29,248.1,50,52950
20240202,11:28:30,247.25,100,52950
20240202,11:28:35,248.45,200,52950
20240202,11:28:38,250.3,1200,52950
20240202,11:28:41,249.1,50,52950
20240202,11:28:43,249.3,150,52950
20240202,11:28:44,249.95,50,52950
20240202,11:28:47,248.65,150,52950
20240202,11:28:49,249.15,100,52950
20240202,11:28:57,248.35,200,52950
20240202,11:28:58,248.65,150,52950
20240202,11:29:00,248.55,350,52950
20240202,11:29:04,248.9,50,52950
20240202,11:29:09,248.75,50,52950
20240202,11:29:14,247.85,50,52950
20240202,11:29:19,247.65,50,52950
20240202,11:29:20,247.3,200,52950
20240202,11:29:21,248.15,150,52950
20240202,11:29:22,248.1,100,52950
20240202,11:29:23,248.75,100,52950
20240202,11:29:25,248.3,50,52950
20240202,11:29:34,248.7,150,52950
20240202,11:29:35,248.6,50,55150
20240202,11:29:36,248.8,150,55150
20240202,11:29:37,248.9,50,55150
20240202,11:29:38,249.0,100,55150
20240202,11:29:39,249.35,150,55150
20240202,11:29:40,248.7,50,55150
20240202,11:29:42,249.45,150,55150
20240202,11:29:52,249.25,200,55150
20240202,11:29:55,249.0,200,55150
20240202,11:29:56,249.05,100,55150
20240202,11:29:57,248.8,50,55150
20240202,11:29:58,248.6,100,55150
20240202,11:29:59,248.4,150,55150
20240202,11:30:00,247.55,150,55150
20240202,11:30:01,246.95,200,55150
20240202,11:30:02,246.1,300,55150
20240202,11:30:03,246.55,50,55150
20240202,11:30:04,246.45,50,55150
20240202,11:30:05,247.05,400,55150
20240202,11:30:08,248.1,450,55150
20240202,11:30:20,245.65,50,55150
20240202,11:30:21,246.2,50,55150
20240202,11:30:23,247.0,150,55150
20240202,11:30:24,248.55,250,55150
20240202,11:30:25,248.5,50,55150
20240202,11:30:28,246.95,50,55150
20240202,11:30:29,247.45,50,55150
20240202,11:30:30,247.3,50,55150
20240202,11:30:38,246.25,50,55150
20240202,11:30:39,246.75,50,55150
20240202,11:30:45,244.6,100,55150
20240202,11:30:46,244.3,100,55150
20240202,11:30:48,244.6,150,55150
20240202,11:30:49,244.6,50,55150
20240202,11:30:50,244.7,250,55150
20240202,11:30:51,244.85,200,55150
20240202,11:30:53,244.4,150,55150
20240202,11:30:54,243.7,300,55150
20240202,11:30:56,244.25,250,55150
20240202,11:31:01,244.0,50,55150
20240202,11:31:03,244.2,50,55150
20240202,11:31:05,245.25,300,55150
20240202,11:31:06,245.15,300,55150
20240202,11:31:07,244.15,50,55150
20240202,11:31:08,242.85,400,55150
20240202,11:31:09,242.7,100,55150
20240202,11:31:11,242.25,650,55150
20240202,11:31:12,242.45,50,55150
20240202,11:31:13,243.5,200,55150
20240202,11:31:14,243.45,600,55150
20240202,11:31:16,243.5,150,55150
20240202,11:31:19,245.1,100,55150
20240202,11:31:20,244.05,200,55150
20240202,11:31:21,245.35,400,55150
20240202,11:31:28,244.15,50,55150
20240202,11:31:29,243.45,50,55150
20240202,11:31:35,244.05,50,55150
20240202,11:31:36,242.8,200,55150
20240202,11:31:37,243.2,50,55150
20240202,11:31:38,243.35,50,55150
20240202,11:31:39,243.0,50,55150
20240202,11:31:41,242.7,100,55150
20240202,11:31:42,242.0,150,55150
20240202,11:31:45,241.8,50,55150
20240202,11:31:46,241.65,50,55150
20240202,11:31:47,240.9,450,55150
20240202,11:31:48,241.4,250,55150
20240202,11:31:49,240.85,200,55150
20240202,11:31:50,240.85,50,55150
20240202,11:31:51,240.6,250,55150
20240202,11:31:52,240.6,250,55150
20240202,11:31:54,240.85,250,55150
20240202,11:31:56,240.65,50,55150
20240202,11:31:57,240.0,150,55150
20240202,11:31:59,240.0,500,55150
20240202,11:32:00,239.25,50,55150
20240202,11:32:01,239.25,100,55150
20240202,11:32:02,241.1,500,55150
20240202,11:32:03,242.05,50,55150
20240202,11:32:04,242.4,150,55150
20240202,11:32:05,242.0,300,55150
20240202,11:32:06,241.15,400,55150
20240202,11:32:07,241.0,300,55150
20240202,11:32:08,239.85,300,55150
20240202,11:32:12,240.8,50,55150
20240202,11:32:16,240.95,50,55150
20240202,11:32:17,240.9,50,55150
20240202,11:32:17,241.15,50,55150
20240202,11:32:29,243.5,400,55150
20240202,11:32:30,243.5,300,55150
20240202,11:32:31,243.1,50,59600
20240202,11:32:32,242.15,100,59600
20240202,11:32:33,242.3,50,59600
20240202,11:32:34,243.4,400,59600
20240202,11:32:37,243.65,50,59600
20240202,11:32:38,244.05,50,59600
20240202,11:32:43,242.85,150,59600
20240202,11:32:46,242.9,50,59600
20240202,11:32:47,242.9,2400,59600
20240202,11:32:49,243.0,250,59600
20240202,11:32:52,242.85,250,59600
20240202,11:32:56,241.1,150,59600
20240202,11:32:58,241.65,100,59600
20240202,11:33:03,240.85,50,59600
20240202,11:33:06,241.0,50,59600
20240202,11:33:07,242.35,250,59600
20240202,11:33:08,242.2,250,59600
20240202,11:33:11,242.25,300,59600
20240202,11:33:13,242.45,450,59600
20240202,11:33:18,243.85,50,59600
20240202,11:33:21,242.8,50,59600
20240202,11:33:22,243.85,300,59600
20240202,11:33:24,243.9,100,59600
20240202,11:33:26,243.8,50,59600
20240202,11:33:28,243.95,100,59600
20240202,11:33:29,244.55,100,59600
20240202,11:33:30,244.85,100,59600
20240202,11:33:38,243.9,50,59600
20240202,11:33:41,244.1,50,59600
20240202,11:33:46,243.35,250,59600
20240202,11:33:47,243.15,50,59600
20240202,11:33:49,243.5,50,59600
20240202,11:33:50,243.5,100,59600
20240202,11:33:51,243.15,550,59600
20240202,11:33:52,243.3,50,59600
20240202,11:33:55,244.0,200,59600
20240202,11:33:55,245.65,550,59600
20240202,11:33:59,243.95,250,59600
20240202,11:34:01,244.7,250,59600
20240202,11:34:06,243.95,50,59600
20240202,11:34:07,243.25,150,59600
20240202,11:34:08,242.9,50,59600
20240202,11:34:09,243.15,50,59600
20240202,11:34:14,241.0,50,59600
20240202,11:34:18,241.25,150,59600
20240202,11:34:18,241.45,50,59600
20240202,11:34:20,240.9,300,59600
20240202,11:34:21,240.35,100,59600
20240202,11:34:22,240.45,50,59600
20240202,11:34:23,240.5,200,59600
20240202,11:34:25,241.15,50,59600
20240202,11:34:27,241.8,200,59600
20240202,11:34:29,241.6,50,59600
20240202,11:34:33,241.65,350,59600
20240202,11:34:42,240.75,50,59600
20240202,11:34:43,242.0,450,59600
20240202,11:34:44,241.65,50,59600
20240202,11:34:50,238.2,2900,59600
20240202,11:34:55,238.0,100,59600
20240202,11:34:56,237.7,350,59600
20240202,11:34:57,237.7,250,59600
20240202,11:34:59,237.9,50,59600
20240202,11:35:03,237.05,200,59600
20240202,11:35:04,236.65,200,59600
20240202,11:35:06,238.15,250,59600
20240202,11:35:08,238.15,500,59600
20240202,11:35:10,238.55,150,59600
20240202,11:35:11,239.1,50,59600
20240202,11:35:14,237.95,50,59600
20240202,11:35:17,238.15,100,59600
20240202,11:35:19,238.05,50,59600
20240202,11:35:20,237.75,500,59600
20240202,11:35:22,237.95,50,59600
20240202,11:35:23,237.15,150,59600
20240202,11:35:26,236.5,50,59600
20240202,11:35:27,236.4,500,59600
20240202,11:35:30,236.0,250,59600
20240202,11:35:31,236.0,100,63800
20240202,11:35:32,236.0,50,63800
20240202,11:35:33,236.15,50,63800
20240202,11:35:35,235.85,100,63800
20240202,11:35:36,235.85,350,63800
20240202,11:35:37,238.7,100,63800
20240202,11:35:38,238.45,100,63800
20240202,11:35:41,238.4,150,63800
20240202,11:35:42,238.6,100,63800
20240202,11:35:47,238.9,50,63800
20240202,11:35:49,239.6,50,63800
20240202,11:35:50,239.5,250,63800
20240202,11:35:51,239.6,150,63800
20240202,11:35:52,239.8,550,63800
20240202,11:35:55,240.65,100,63800
20240202,11:35:56,240.5,50,63800
20240202,11:35:59,239.9,50,63800
20240202,11:36:01,239.1,50,63800
20240202,11:36:05,236.65,100,63800
20240202,11:36:08,238.0,350,63800
20240202,11:36:14,236.65,250,63800
20240202,11:36:17,237.3,450,63800
20240202,11:36:24,236.45,200,63800
20240202,11:36:25,236.85,200,63800
20240202,11:36:26,237.5,50,63800
20240202,11:36:28,238.55,600,63800
20240202,11:36:29,238.05,50,63800
20240202,11:36:31,238.75,250,63800
20240202,11:36:41,238.2,100,63800
20240202,11:36:42,238.15,400,63800
20240202,11:36:46,236.75,300,63800
20240202,11:36:47,236.7,150,63800
20240202,11:36:48,236.6,50,63800
20240202,11:36:56,236.6,250,63800
20240202,11:36:57,236.65,50,63800
20240202,11:37:01,236.75,50,63800
20240202,11:37:02,236.7,150,63800
20240202,11:37:05,237.25,50,63800
20240202,11:37:08,235.6,500,63800
20240202,11:37:13,235.05,450,63800
20240202,11:37:27,236.05,50,63800
20240202,11:37:29,234.8,1450,63800
20240202,11:37:30,235.6,550,63800
20240202,11:37:31,235.3,50,63800
20240202,11:37:32,234.85,200,63800
20240202,11:37:34,234.0,450,63800
20240202,11:37:37,234.0,100,63800
20240202,11:37:38,235.45,250,63800
20240202,11:37:42,234.9,100,63800
20240202,11:37:43,234.95,50,63800
20240202,11:37:44,234.65,400,63800
20240202,11:37:45,234.5,150,63800
20240202,11:37:48,234.6,50,63800
20240202,11:37:50,235.8,250,63800
20240202,11:37:53,234.6,50,63800
20240202,11:37:54,234.2,200,63800
20240202,11:37:55,233.4,1550,63800
20240202,11:37:57,233.85,250,63800
20240202,11:37:59,233.65,50,63800
20240202,11:38:00,232.75,850,63800
20240202,11:38:01,232.35,5450,63800
20240202,11:38:02,233.2,250,63800
20240202,11:38:03,233.0,450,63800
20240202,11:38:04,232.35,100,63800
20240202,11:38:10,232.45,100,63800
20240202,11:38:11,232.2,300,63800
20240202,11:38:12,232.0,200,63800
20240202,11:38:13,231.75,300,63800
20240202,11:38:14,232.0,150,63800
20240202,11:38:17,230.35,500,63800
20240202,11:38:19,229.75,200,63800
20240202,11:38:20,229.75,100,63800
20240202,11:38:21,230.0,50,63800
20240202,11:38:22,229.6,100,63800
20240202,11:38:23,229.25,300,63800
20240202,11:38:24,229.25,250,63800
20240202,11:38:25,230.2,150,63800
20240202,11:38:26,232.8,150,63800
20240202,11:38:27,232.65,400,63800
20240202,11:38:28,233.05,50,63800
20240202,11:38:29,232.85,50,63800
20240202,11:38:30,233.65,250,63800
20240202,11:38:31,233.4,150,63800
20240202,11:38:32,233.0,200,69200
20240202,11:38:34,231.5,50,69200
20240202,11:38:36,231.55,50,69200
20240202,11:38:38,232.8,100,69200
20240202,11:38:40,232.8,50,69200
20240202,11:38:42,232.0,50,69200
20240202,11:38:44,231.7,250,69200
20240202,11:38:52,232.4,100,69200
20240202,11:38:53,232.4,450,69200
20240202,11:38:54,232.15,50,69200
20240202,11:38:55,231.1,50,69200
20240202,11:38:57,231.75,1150,69200
20240202,11:38:58,230.35,100,69200
20240202,11:39:00,230.9,300,69200
20240202,11:39:01,230.25,650,69200
20240202,11:39:02,230.15,350,69200
20240202,11:39:03,229.95,100,69200
20240202,11:39:04,230.15,100,69200
20240202,11:39:05,229.85,450,69200
20240202,11:39:07,229.75,50,69200
20240202,11:39:08,228.65,650,69200
20240202,11:39:09,228.3,50,69200
20240202,11:39:10,228.3,50,69200
20240202,11:39:12,228.4,250,69200
20240202,11:39:13,228.2,500,69200
20240202,11:39:14,227.55,300,69200
20240202,11:39:15,229.0,6200,69200
20240202,11:39:16,228.5,400,69200
20240202,11:39:18,228.0,250,69200
20240202,11:39:20,230.2,700,69200
20240202,11:39:24,230.65,100,69200
20240202,11:39:26,230.1,50,69200
20240202,11:39:27,229.95,150,69200
20240202,11:39:32,230.3,100,69200
20240202,11:39:33,230.75,50,69200
20240202,11:39:35,229.2,250,69200
20240202,11:39:37,230.7,350,69200
20240202,11:39:38,229.75,50,69200
20240202,11:39:39,230.1,50,69200
20240202,11:39:40,230.5,100,69200
20240202,11:39:41,229.6,250,69200
20240202,11:39:43,230.15,200,69200
20240202,11:39:45,230.0,550,69200
20240202,11:39:52,230.45,50,69200
20240202,11:39:58,230.8,750,69200
20240202,11:40:01,229.9,50,69200
20240202,11:40:02,228.55,550,69200
20240202,11:40:03,228.8,500,69200
20240202,11:40:06,228.8,50,69200
20240202,11:40:08,228.65,250,69200
20240202,11:40:09,229.0,50,69200
20240202,11:40:10,228.25,250,69200
20240202,11:40:11,228.05,50,69200
20240202,11:40:12,228.0,300,69200
20240202,11:40:13,228.25,450,69200
20240202,11:40:14,228.6,350,69200
20240202,11:40:15,227.75,450,69200
20240202,11:40:16,227.6,1950,69200
20240202,11:40:18,227.85,250,69200
20240202,11:40:19,226.9,700,69200
20240202,11:40:20,227.7,550,69200
20240202,11:40:22,227.9,3050,69200
20240202,11:40:23,227.35,1850,69200
20240202,11:40:24,227.4,850,69200
20240202,11:40:25,227.3,950,69200
20240202,11:40:26,227.0,1400,69200
20240202,11:40:27,227.9,950,69200
20240202,11:40:28,228.3,650,69200
20240202,11:40:29,228.55,1650,69200
20240202,11:40:30,229.4,500,69200
20240202,11:40:31,230.05,1000,69200
20240202,11:40:32,229.4,550,69200
20240202,11:40:33,230.2,200,69200
20240202,11:40:34,229.55,150,69200
20240202,11:40:35,229.4,450,69200
20240202,11:40:38,230.55,700,69200
20240202,11:40:38,231.05,2000,69200
20240202,11:40:42,230.65,50,69200
20240202,11:40:42,231.65,250,69200
20240202,11:40:43,230.3,250,69200
20240202,11:40:44,229.6,500,69200
20240202,11:40:47,229.2,50,69200
20240202,11:40:49,229.5,100,69200
20240202,11:40:50,229.4,100,69200
20240202,11:40:52,227.95,1000,69200
20240202,11:40:54,228.75,300,69200
20240202,11:40:55,228.6,600,69200
20240202,11:40:58,228.7,300,69200
20240202,11:40:59,227.95,200,69200
20240202,11:41:00,227.8,300,69200
20240202,11:41:02,226.95,150,69200
20240202,11:41:03,227.85,100,69200
20240202,11:41:04,228.75,700,69200
20240202,11:41:08,231.0,750,69200
20240202,11:41:09,231.3,1600,69200
20240202,11:41:09,231.95,100,69200
20240202,11:41:10,231.9,150,69200
20240202,11:41:14,229.75,200,69200
20240202,11:41:15,230.35,50,69200
20240202,11:41:16,230.4,300,69200
20240202,11:41:18,228.7,200,69200
20240202,11:41:19,228.5,2000,69200
20240202,11:41:21,229.55,50,69200
20240202,11:41:25,229.55,250,69200
20240202,11:41:27,228.9,100,69200
20240202,11:41:34,228.8,50,69200
20240202,11:41:35,228.05,200,84800
20240202,11:41:38,227.9,50,84800
20240202,11:41:39,228.15,550,84800
20240202,11:41:40,227.0,350,84800
20240202,11:41:42,227.2,450,84800
20240202,11:41:43,226.8,50,84800
20240202,11:41:44,226.6,350,84800
20240202,11:41:45,226.3,550,84800
20240202,11:41:47,225.4,400,84800
20240202,11:41:48,226.35,100,84800
20240202,11:41:48,225.7,100,84800
20240202,11:41:51,227.15,50,84800
20240202,11:41:52,225.9,2100,84800
20240202,11:41:54,226.05,1800,84800
20240202,11:41:54,226.35,50,84800
20240202,11:41:55,226.7,50,84800
20240202,11:41:56,225.9,1100,84800
20240202,11:41:57,226.75,700,84800
20240202,11:41:58,227.1,100,84800
20240202,11:41:59,227.3,50,84800
20240202,11:42:00,227.65,4450,84800
20240202,11:42:03,226.5,400,84800
20240202,11:42:04,226.1,200,84800
20240202,11:42:05,225.3,3150,84800
20240202,11:42:06,225.25,2800,84800
20240202,11:42:09,225.25,250,84800
20240202,11:42:10,226.65,100,84800
20240202,11:42:12,225.7,100,84800
20240202,11:42:14,225.8,50,84800
20240202,11:42:15,225.5,200,84800
20240202,11:42:16,224.75,1150,84800
20240202,11:42:17,223.8,200,84800
20240202,11:42:18,223.8,50,84800
20240202,11:42:20,225.0,450,84800
20240202,11:42:22,224.1,150,84800
20240202,11:42:23,224.0,200,84800
20240202,11:42:24,225.15,200,84800
20240202,11:42:25,224.9,50,84800
20240202,11:42:27,225.8,400,84800
20240202,11:42:31,225.35,950,84800
20240202,11:42:33,225.75,2800,84800
20240202,11:42:36,225.6,300,84800
20240202,11:42:41,225.0,50,84800
20240202,11:42:41,225.45,100,84800
20240202,11:42:43,225.9,50,84800
20240202,11:42:45,225.55,50,84800
20240202,11:42:47,226.5,500,84800
20240202,11:42:48,225.95,100,84800
20240202,11:42:51,227.8,1600,84800
20240202,11:42:53,227.35,250,84800
20240202,11:42:54,227.7,100,84800
20240202,11:42:55,228.6,450,84800
20240202,11:42:56,228.6,1100,84800
20240202,11:42:58,229.35,250,84800
20240202,11:42:58,229.35,550,84800
20240202,11:43:00,228.5,500,84800
20240202,11:43:01,228.2,50,84800
20240202,11:43:02,228.6,100,84800
20240202,11:43:03,228.5,150,84800
20240202,11:43:05,228.8,50,84800
20240202,11:43:06,228.45,50,84800
20240202,11:43:08,228.35,1050,84800
20240202,11:43:10,228.7,600,84800
20240202,11:43:11,228.35,150,84800
20240202,11:43:13,228.65,100,84800
20240202,11:43:14,228.15,150,84800
20240202,11:43:15,228.75,950,84800
20240202,11:43:16,230.4,1250,84800
20240202,11:43:17,229.1,350,84800
20240202,11:43:20,228.3,300,84800
20240202,11:43:21,228.45,600,84800
20240202,11:43:21,228.3,50,84800
20240202,11:43:22,230.05,850,84800
20240202,11:43:23,230.25,250,84800
20240202,11:43:24,230.35,1200,84800
20240202,11:43:25,230.1,1700,84800
20240202,11:43:26,229.25,600,84800
20240202,11:43:27,228.9,900,84800
20240202,11:43:28,229.35,50,84800
20240202,11:43:29,228.65,200,84800
20240202,11:43:30,229.6,300,84800
20240202,11:43:31,229.8,550,84800
20240202,11:43:33,230.0,1450,84800
20240202,11:43:34,229.85,400,84800
20240202,11:43:35,230.45,1000,84800
20240202,11:43:36,230.0,400,84800
20240202,11:43:37,229.95,300,84800
20240202,11:43:38,229.9,500,84800
20240202,11:43:40,230.6,300,84800
20240202,11:43:41,231.75,250,84800
20240202,11:43:41,231.55,250,84800
20240202,11:43:43,231.0,100,84800
20240202,11:43:44,230.1,400,84800
20240202,11:43:45,230.9,400,84800
20240202,11:43:46,231.05,100,84800
20240202,11:43:47,232.5,2450,84800
20240202,11:43:49,233.1,2100,84800
20240202,11:43:50,232.05,300,84800
20240202,11:43:51,232.6,800,84800
20240202,11:43:52,232.25,50,84800
20240202,11:43:53,232.95,200,84800
20240202,11:43:55,232.25,200,84800
20240202,11:43:56,231.35,400,84800
20240202,11:43:57,230.65,350,84800
20240202,11:43:58,230.6,500,84800
20240202,11:43:59,230.8,250,84800
20240202,11:44:02,229.4,1250,84800
20240202,11:44:03,229.35,200,84800
20240202,11:44:04,230.5,600,84800
20240202,11:44:05,230.1,100,84800
20240202,11:44:06,231.15,250,84800
20240202,11:44:07,229.3,1650,84800
20240202,11:44:09,230.2,50,84800
20240202,11:44:10,230.4,250,84800
20240202,11:44:10,230.9,300,84800
20240202,11:44:11,231.35,50,84800
20240202,11:44:12,231.95,150,84800
20240202,11:44:14,232.15,250,84800
20240202,11:44:15,231.1,550,84800
20240202,11:44:16,230.4,450,84800
20240202,11:44:16,230.4,150,84800
20240202,11:44:17,230.15,150,84800
20240202,11:44:18,231.5,150,84800
20240202,11:44:20,231.7,750,84800
20240202,11:44:21,232.6,250,84800
20240202,11:44:22,232.6,350,84800
20240202,11:44:23,232.3,750,84800
20240202,11:44:24,232.7,550,84800
20240202,11:44:26,232.6,100,84800
20240202,11:44:27,232.9,300,84800
20240202,11:44:30,234.55,50,84800
20240202,11:44:31,234.75,300,84800
20240202,11:44:34,234.3,250,84800
20240202,11:44:35,234.45,50,100700
20240202,11:44:36,233.95,250,100700
20240202,11:44:37,234.0,100,100700
20240202,11:44:39,233.9,300,100700
20240202,11:44:40,233.4,50,100700
20240202,11:44:41,233.75,250,100700
20240202,11:44:42,235.25,150,100700
20240202,11:44:44,235.25,450,100700
20240202,11:44:45,234.4,150,100700
20240202,11:44:46,234.25,150,100700
20240202,11:44:47,234.5,50,100700
20240202,11:44:48,234.75,200,100700
20240202,11:44:49,234.85,550,100700
20240202,11:44:50,235.5,100,100700
20240202,11:44:55,233.35,850,100700
20240202,11:44:56,234.4,300,100700
20240202,11:44:58,235.0,50,100700
20240202,11:44:59,234.9,50,100700
20240202,11:45:00,235.15,50,100700
20240202,11:45:00,235.25,100,100700
20240202,11:45:01,234.8,900,100700
20240202,11:45:02,234.7,700,100700
20240202,11:45:04,236.3,1400,100700
20240202,11:45:05,236.15,550,100700
20240202,11:45:06,234.8,450,100700
20240202,11:45:07,233.2,600,100700
20240202,11:45:07,234.5,50,100700
20240202,11:45:09,233.9,950,100700
20240202,11:45:10,234.3,100,100700
20240202,11:45:11,234.3,450,100700
20240202,11:45:12,233.15,100,100700
20240202,11:45:14,235.0,200,100700
20240202,11:45:15,234.35,250,100700
20240202,11:45:16,235.15,500,100700
20240202,11:45:17,236.1,250,100700
20240202,11:45:18,236.25,450,100700
20240202,11:45:19,236.6,1350,100700
20240202,11:45:20,236.45,250,100700
20240202,11:45:21,236.45,50,100700
20240202,11:45:23,238.0,2600,100700
20240202,11:45:25,237.5,100,100700
20240202,11:45:27,236.0,500,100700
20240202,11:45:28,235.45,150,100700
20240202,11:45:29,236.25,50,100700
20240202,11:45:33,235.55,200,100700
20240202,11:45:33,235.6,400,100700
20240202,11:45:34,235.95,1550,100700
20240202,11:45:38,237.7,250,100700
20240202,11:45:41,237.35,250,100700
20240202,11:45:42,237.15,50,100700
20240202,11:45:43,236.7,50,100700
20240202,11:45:44,236.35,50,100700
20240202,11:45:45,235.9,1450,100700
20240202,11:45:46,236.35,100,100700
20240202,11:45:48,236.15,250,100700
20240202,11:45:49,236.35,100,100700
20240202,11:45:51,236.5,1500,100700
20240202,11:45:51,237.25,250,100700
20240202,11:45:52,236.6,50,100700
20240202,11:45:53,236.75,100,100700
20240202,11:45:57,237.45,1050,100700
20240202,11:45:58,236.7,100,100700
20240202,11:46:00,237.25,3900,100700
20240202,11:46:01,237.3,100,100700
20240202,11:46:02,238.0,400,100700
20240202,11:46:03,238.45,250,100700
20240202,11:46:04,238.85,450,100700
20240202,11:46:05,239.05,100,100700
20240202,11:46:08,239.05,1750,100700
20240202,11:46:09,239.1,400,100700
20240202,11:46:10,239.25,1400,100700
20240202,11:46:12,238.35,600,100700
20240202,11:46:13,238.7,650,100700
20240202,11:46:14,238.0,1300,100700
20240202,11:46:16,239.0,450,100700
20240202,11:46:18,238.35,100,100700
20240202,11:46:21,239.3,250,100700
20240202,11:46:22,239.45,50,100700
20240202,11:46:24,238.3,600,100700
20240202,11:46:25,238.8,50,100700
20240202,11:46:27,239.0,50,100700
20240202,11:46:28,238.4,50,100700
20240202,11:46:30,237.0,350,100700
20240202,11:46:31,237.15,300,100700
20240202,11:46:33,237.55,50,100700
20240202,11:46:36,237.1,300,100700
20240202,11:46:38,236.45,100,100700
20240202,11:46:39,236.05,50,100700
20240202,11:46:43,236.0,50,100700
20240202,11:46:46,235.55,250,100700
20240202,11:46:47,236.25,200,100700
20240202,11:46:48,236.45,50,100700
20240202,11:46:51,235.65,100,100700
20240202,11:46:52,235.55,250,100700
20240202,11:46:54,235.0,650,100700
20240202,11:46:55,234.45,450,100700
20240202,11:46:56,235.15,100,100700
20240202,11:46:57,235.25,1000,100700
20240202,11:47:00,234.0,750,100700
20240202,11:47:02,233.65,750,100700
20240202,11:47:03,233.7,1000,100700
20240202,11:47:05,233.2,300,100700
20240202,11:47:06,233.0,150,100700
20240202,11:47:08,233.9,150,100700
20240202,11:47:09,233.65,250,100700
20240202,11:47:10,233.35,150,100700
20240202,11:47:11,233.25,300,100700
20240202,11:47:12,233.5,150,100700
20240202,11:47:14,233.55,1500,100700
20240202,11:47:15,233.5,50,100700
20240202,11:47:16,233.25,300,100700
20240202,11:47:18,233.35,350,100700
20240202,11:47:19,232.35,50,100700
20240202,11:47:25,234.25,250,100700
20240202,11:47:29,234.4,250,100700
20240202,11:47:32,235.0,1850,100700
20240202,11:47:34,233.75,300,113700
20240202,11:47:38,233.15,50,113700
20240202,11:47:39,233.2,50,113700
20240202,11:47:41,233.0,50,113700
20240202,11:47:44,233.3,150,113700
20240202,11:47:46,233.1,600,113700
20240202,11:47:47,231.5,1450,113700
20240202,11:47:48,231.75,250,113700
20240202,11:47:49,231.75,400,113700
20240202,11:47:54,232.8,150,113700
20240202,11:47:56,231.35,250,113700
20240202,11:47:58,232.25,250,113700
20240202,11:48:11,232.55,100,113700
20240202,11:48:12,233.55,850,113700
20240202,11:48:32,233.35,50,113700
20240202,11:48:35,232.9,300,113700
20240202,11:48:37,232.9,250,113700
20240202,11:48:46,234.6,50,113700
20240202,11:48:48,234.85,50,113700
20240202,11:48:49,235.4,700,113700
20240202,11:48:51,235.8,100,113700
20240202,11:48:53,236.15,50,113700
20240202,11:48:57,236.7,50,113700
20240202,11:49:01,237.95,150,113700
20240202,11:49:02,237.3,100,113700
20240202,11:49:03,237.35,1300,113700
20240202,11:49:04,238.8,350,113700
20240202,11:49:06,237.85,150,113700
20240202,11:49:07,237.55,50,113700
20240202,11:49:08,236.65,400,113700
20240202,11:49:09,236.4,250,113700
20240202,11:49:10,237.5,550,113700
20240202,11:49:12,237.95,450,113700
20240202,11:49:14,237.05,150,113700
20240202,11:49:15,237.15,150,113700
20240202,11:49:19,237.9,300,113700
20240202,11:49:21,239.2,300,113700
20240202,11:49:22,239.3,50,113700
20240202,11:49:24,239.4,300,113700
20240202,11:49:25,239.8,200,113700
20240202,11:49:27,239.65,50,113700
20240202,11:49:28,240.0,50,113700
20240202,11:49:29,240.15,350,113700
20240202,11:49:32,238.5,150,113700
20240202,11:49:33,240.9,1400,113700
20240202,11:49:34,241.0,3550,113700
20240202,11:49:35,241.15,500,113700
20240202,11:49:36,240.35,400,113700
20240202,11:49:39,241.8,50,113700
20240202,11:49:40,240.75,750,113700
20240202,11:49:42,241.3,50,113700
20240202,11:49:44,240.15,250,113700
20240202,11:49:45,239.55,250,113700
20240202,11:49:46,238.95,200,113700
20240202,11:49:47,239.7,50,113700
20240202,11:49:50,239.9,250,113700
20240202,11:49:51,240.7,450,113700
20240202,11:49:54,241.7,350,113700
20240202,11:49:55,242.1,300,113700
20240202,11:49:57,240.6,350,113700
20240202,11:49:58,239.9,50,113700
20240202,11:50:00,240.2,50,113700
20240202,11:50:01,240.7,50,113700
20240202,11:50:02,241.3,150,113700
20240202,11:50:03,243.15,400,113700
20240202,11:50:07,241.65,50,113700
20240202,11:50:08,242.45,150,113700
20240202,11:50:10,242.55,50,113700
20240202,11:50:12,242.25,50,113700
20240202,11:50:13,242.35,50,113700
20240202,11:50:14,241.8,200,113700
20240202,11:50:15,240.25,350,113700
20240202,11:50:16,240.95,50,113700
20240202,11:50:18,238.95,300,113700
20240202,11:50:20,239.95,100,113700
20240202,11:50:21,239.1,50,113700
20240202,11:50:22,239.35,1650,113700
20240202,11:50:23,239.3,50,113700
20240202,11:50:24,239.15,300,113700
20240202,11:50:25,237.4,250,113700
20240202,11:50:26,237.45,50,113700
20240202,11:50:27,237.0,100,113700
20240202,11:50:29,236.55,500,113700
20240202,11:50:32,237.65,50,113700
20240202,11:50:38,239.05,100,116500
20240202,11:50:40,239.55,900,116500
20240202,11:50:42,238.5,50,116500
20240202,11:50:43,238.1,300,116500
20240202,11:50:48,237.8,500,116500
20240202,11:50:50,236.95,50,116500
20240202,11:50:54,236.7,50,116500
20240202,11:50:55,235.5,250,116500
20240202,11:50:59,236.75,650,116500
20240202,11:51:00,236.95,50,116500
20240202,11:51:01,237.7,50,116500
20240202,11:51:04,238.2,250,116500
20240202,11:51:09,239.25,50,116500
20240202,11:51:10,240.6,300,116500
20240202,11:51:16,240.7,750,116500
20240202,11:51:17,241.15,200,116500
20240202,11:51:18,241.1,50,116500
20240202,11:51:22,242.0,150,116500
20240202,11:51:24,240.65,800,116500
20240202,11:51:25,241.3,1050,116500
20240202,11:51:26,241.1,250,116500
20240202,11:51:28,239.7,200,116500
20240202,11:51:30,239.2,600,116500
20240202,11:51:33,239.05,100,116500
20240202,11:51:34,237.55,50,116500
20240202,11:51:37,238.15,50,116500
20240202,11:51:40,237.55,50,116500
20240202,11:51:42,237.6,50,116500
20240202,11:51:44,237.25,50,116500
20240202,11:51:45,236.95,100,116500
20240202,11:51:46,236.95,50,116500
20240202,11:51:47,237.05,250,116500
20240202,11:51:48,237.2,100,116500
20240202,11:52:01,239.25,150,116500
20240202,11:52:02,239.5,50,116500
20240202,11:52:07,238.95,500,116500
20240202,11:52:10,241.0,800,116500
20240202,11:52:14,241.35,250,116500
20240202,11:52:15,241.5,100,116500
20240202,11:52:18,241.45,50,116500
20240202,11:52:19,242.2,150,116500
20240202,11:52:21,241.4,150,116500
20240202,11:52:23,240.8,150,116500
20240202,11:52:24,240.15,550,116500
20240202,11:52:25,240.8,300,116500
20240202,11:52:27,240.25,50,116500
20240202,11:52:28,238.7,300,116500
20240202,11:52:29,238.7,200,116500
20240202,11:52:31,238.0,50,116500
20240202,11:52:34,237.85,500,116500
20240202,11:52:35,238.95,300,116500
20240202,11:52:40,240.0,150,116500
20240202,11:52:41,239.5,100,116500
20240202,11:52:44,236.9,3350,116500
20240202,11:52:45,237.45,250,116500
20240202,11:52:46,237.95,1650,116500
20240202,11:52:47,236.85,1500,116500
20240202,11:52:48,237.8,550,116500
20240202,11:52:52,238.6,200,116500
20240202,11:52:56,239.05,50,116500
20240202,11:52:57,239.75,50,116500
20240202,11:52:58,239.3,150,116500
20240202,11:53:05,240.6,450,116500
20240202,11:53:06,239.8,250,116500
20240202,11:53:07,239.85,250,116500
20240202,11:53:10,241.0,200,116500
20240202,11:53:17,240.65,100,116500
20240202,11:53:19,240.1,100,116500
20240202,11:53:21,239.0,50,116500
20240202,11:53:25,240.5,50,116500
20240202,11:53:28,240.75,50,116500
20240202,11:53:29,240.9,250,116500
20240202,11:53:30,241.05,50,116500
20240202,11:53:32,241.15,50,116500
20240202,11:53:34,242.2,250,121650
20240202,11:53:36,242.55,150,121650
20240202,11:53:39,243.0,50,121650
20240202,11:53:40,243.3,50,121650
20240202,11:53:44,242.1,250,121650
20240202,11:53:45,241.75,250,121650
20240202,11:53:48,242.4,50,121650
20240202,11:53:51,242.4,250,121650
20240202,11:53:52,243.3,100,121650
20240202,11:53:53,243.1,50,121650
20240202,11:53:54,242.8,2050,121650
20240202,11:53:55,243.35,150,121650
20240202,11:53:56,243.3,800,121650
20240202,11:53:57,243.3,350,121650
20240202,11:53:58,244.0,500,121650
20240202,11:54:01,243.5,550,121650
20240202,11:54:02,243.15,300,121650
20240202,11:54:03,243.2,900,121650
20240202,11:54:04,242.7,1750,121650
20240202,11:54:05,241.0,50,121650
20240202,11:54:07,240.15,150,121650
20240202,11:54:08,239.85,100,121650
20240202,11:54:11,239.7,50,121650
20240202,11:54:12,239.0,200,121650
20240202,11:54:13,237.9,100,121650
20240202,11:54:14,237.5,200,121650
20240202,11:54:16,238.85,500,121650
20240202,11:54:17,238.0,100,121650
20240202,11:54:18,237.55,400,121650
20240202,11:54:20,238.55,100,121650
20240202,11:54:24,240.45,50,121650
20240202,11:54:25,240.6,50,121650
20240202,11:54:28,239.7,50,121650
20240202,11:54:30,239.3,50,121650
20240202,11:54:31,240.15,250,121650
20240202,11:54:33,240.25,50,121650
20240202,11:54:35,239.5,400,121650
20240202,11:54:36,238.6,50,121650
20240202,11:54:37,239.6,50,121650
20240202,11:54:38,239.65,50,121650
20240202,11:54:40,240.35,300,121650
20240202,11:54:42,240.55,1350,121650
20240202,11:54:45,239.15,50,121650
20240202,11:54:50,239.0,250,121650
20240202,11:54:53,238.9,250,121650
20240202,11:54:54,238.0,200,121650
20240202,11:54:56,238.15,50,121650
20240202,11:55:01,238.15,200,121650
20240202,11:55:04,239.05,200,121650
20240202,11:55:04,239.0,250,121650
20240202,11:55:05,237.65,500,121650
20240202,11:55:06,237.15,150,121650
20240202,11:55:08,238.4,200,121650
20240202,11:55:09,238.05,100,121650
20240202,11:55:11,237.6,800,121650
20240202,11:55:12,236.5,450,121650
20240202,11:55:13,236.9,1200,121650
20240202,11:55:14,237.05,600,121650
20240202,11:55:18,239.0,100,121650
20240202,11:55:19,237.2,50,121650
20240202,11:55:28,237.45,650,121650
20240202,11:55:30,237.75,950,121650
20240202,11:55:35,237.95,50,121650
20240202,11:55:43,237.25,200,121650
20240202,11:55:45,237.65,900,121650
20240202,11:55:47,237.05,50,121650
20240202,11:55:47,236.6,350,121650
20240202,11:55:49,236.9,50,121650
20240202,11:55:50,237.75,50,121650
20240202,11:55:53,237.6,200,121650
20240202,11:55:56,237.75,300,121650
20240202,11:55:58,237.05,100,121650
20240202,11:56:00,236.05,200,121650
20240202,11:56:01,235.5,50,121650
20240202,11:56:04,235.0,300,121650
20240202,11:56:05,234.3,150,121650
20240202,11:56:06,234.0,250,121650
20240202,11:56:07,233.7,100,121650
20240202,11:56:13,233.15,50,121650
20240202,11:56:20,234.15,150,121650
20240202,11:56:21,234.3,100,121650
20240202,11:56:21,232.5,750,121650
20240202,11:56:22,233.45,500,121650
20240202,11:56:28,232.4,550,121650
20240202,11:56:29,232.25,50,121650
20240202,11:56:32,233.5,50,121650
20240202,11:56:39,232.5,200,127400
20240202,11:56:45,231.75,250,127400
20240202,11:56:48,232.55,350,127400
20240202,11:56:52,231.85,50,127400
20240202,11:56:53,232.1,100,127400
20240202,11:56:55,230.45,750,127400
20240202,11:56:56,230.6,700,127400
20240202,11:56:59,231.75,50,127400
20240202,11:57:00,231.55,50,127400
20240202,11:57:01,231.1,350,127400
20240202,11:57:02,231.6,150,127400
20240202,11:57:05,231.75,150,127400
20240202,11:57:07,232.3,250,127400
20240202,11:57:08,232.9,100,127400
20240202,11:57:10,232.5,50,127400
20240202,11:57:12,232.6,800,127400
20240202,11:57:13,232.75,50,127400
20240202,11:57:18,231.35,650,127400
20240202,11:57:19,231.2,50,127400
20240202,11:57:21,230.65,850,127400
20240202,11:57:22,231.1,50,127400
20240202,11:57:25,232.2,450,127400
20240202,11:57:34,230.85,50,127400
20240202,11:57:36,229.65,750,127400
20240202,11:57:37,230.0,550,127400
20240202,11:57:38,229.45,200,127400
20240202,11:57:40,229.2,50,127400
20240202,11:57:41,228.8,250,127400
20240202,11:57:42,228.8,500,127400
20240202,11:57:44,227.9,100,127400
20240202,11:57:44,228.1,200,127400
20240202,11:57:45,227.6,50,127400
20240202,11:57:47,227.55,350,127400
20240202,11:57:48,227.1,100,127400
20240202,11:57:49,225.75,4050,127400
20240202,11:57:50,225.65,250,127400
20240202,11:57:51,225.6,300,127400
20240202,11:57:52,226.1,350,127400
20240202,11:57:52,226.45,450,127400
20240202,11:57:53,225.8,250,127400
20240202,11:57:56,226.65,250,127400
20240202,11:57:57,226.6,50,127400
20240202,11:58:02,228.5,200,127400
20240202,11:58:03,228.65,200,127400
20240202,11:58:04,227.55,450,127400
20240202,11:58:05,227.55,50,127400
20240202,11:58:07,227.3,50,127400
20240202,11:58:09,226.95,300,127400
20240202,11:58:10,226.4,50,127400
20240202,11:58:15,226.15,200,127400
20240202,11:58:16,226.5,250,127400
20240202,11:58:17,226.3,50,127400
20240202,11:58:18,226.35,600,127400
20240202,11:58:19,226.45,1000,127400
20240202,11:58:22,226.85,50,127400
20240202,11:58:24,226.65,50,127400
20240202,11:58:25,226.75,1050,127400
20240202,11:58:26,228.0,600,127400
20240202,11:58:28,228.3,50,127400
20240202,11:58:32,227.55,50,127400
20240202,11:58:35,227.9,300,127400
20240202,11:58:36,227.3,150,127400
20240202,11:58:37,227.75,100,127400
20240202,11:58:38,227.8,100,127400
20240202,11:58:42,227.45,50,127400
20240202,11:58:46,227.6,50,127400
20240202,11:58:48,228.5,50,127400
20240202,11:58:50,228.55,850,127400
20240202,11:58:51,228.85,150,127400
20240202,11:58:53,228.05,50,127400
20240202,11:58:54,228.7,50,127400
20240202,11:59:00,229.85,350,127400
20240202,11:59:03,228.65,250,127400
20240202,11:59:04,229.35,50,127400
20240202,11:59:04,229.5,650,127400
20240202,11:59:08,228.65,50,127400
20240202,11:59:09,228.0,200,127400
20240202,11:59:10,226.95,450,127400
20240202,11:59:14,227.2,100,127400
20240202,11:59:15,226.55,150,127400
20240202,11:59:16,226.45,700,127400
20240202,11:59:17,226.05,650,127400
20240202,11:59:18,225.95,150,127400
20240202,11:59:24,226.1,300,127400
20240202,11:59:25,225.55,50,127400
20240202,11:59:27,225.3,50,127400
20240202,11:59:28,225.0,250,127400
20240202,11:59:29,224.65,500,127400
20240202,11:59:32,225.25,50,127400
20240202,11:59:35,225.5,50,127400
20240202,11:59:36,224.8,400,135450
20240202,11:59:38,225.4,50,135450
20240202,11:59:42,225.15,100,135450
20240202,11:59:43,225.85,150,135450
20240202,11:59:48,226.4,850,135450
20240202,11:59:49,224.75,300,135450
20240202,11:59:51,222.4,1750,135450
20240202,11:59:52,223.1,500,135450
20240202,11:59:53,221.85,650,135450
20240202,11:59:54,222.4,150,135450
20240202,11:59:57,223.7,250,135450
20240202,11:59:58,224.25,50,135450
20240202,11:59:59,223.9,100,135450
20240202,12:00:00,223.5,300,135450
20240202,12:00:01,223.3,150,135450
20240202,12:00:02,223.2,350,135450
20240202,12:00:03,221.9,400,135450
20240202,12:00:04,219.5,3250,135450
20240202,12:00:05,220.4,1000,135450
20240202,12:00:06,220.95,350,135450
20240202,12:00:08,221.65,800,135450
20240202,12:00:09,222.05,450,135450
20240202,12:00:10,220.9,50,135450
20240202,12:00:11,221.4,300,135450
20240202,12:00:11,221.6,50,135450
20240202,12:00:13,222.45,450,135450
20240202,12:00:14,221.9,350,135450
20240202,12:00:15,222.55,50,135450
20240202,12:00:16,222.2,100,135450
20240202,12:00:17,222.65,100,135450
20240202,12:00:19,222.65,50,135450
20240202,12:00:20,222.3,100,135450
20240202,12:00:21,222.0,150,135450
20240202,12:00:22,221.9,1000,135450
20240202,12:00:23,221.7,200,135450
20240202,12:00:24,221.6,100,135450
20240202,12:00:25,219.95,300,135450
20240202,12:00:26,220.6,300,135450
20240202,12:00:28,222.0,200,135450
20240202,12:00:31,220.8,1200,135450
20240202,12:00:32,220.9,500,135450
20240202,12:00:34,221.3,850,135450
20240202,12:00:35,221.3,50,135450
20240202,12:00:37,220.75,50,135450
20240202,12:00:40,221.55,50,135450
20240202,12:00:41,221.0,50,135450
20240202,12:00:42,221.65,600,135450
20240202,12:00:43,222.1,1350,135450
20240202,12:00:46,220.0,50,135450
20240202,12:00:47,219.75,100,135450
20240202,12:00:48,220.0,50,135450
20240202,12:00:49,220.0,250,135450
20240202,12:00:51,219.45,50,135450
20240202,12:00:53,219.4,150,135450
20240202,12:00:54,219.25,200,135450
20240202,12:00:59,219.25,50,135450
20240202,12:01:04,219.6,250,135450
20240202,12:01:12,219.95,150,135450
20240202,12:01:15,218.75,850,135450
20240202,12:01:16,218.6,250,135450
20240202,12:01:17,218.45,300,135450
20240202,12:01:18,218.1,250,135450
20240202,12:01:19,217.95,200,135450
20240202,12:01:20,217.8,200,135450
20240202,12:01:22,217.25,300,135450
20240202,12:01:23,217.25,100,135450
20240202,12:01:24,217.1,50,135450
20240202,12:01:26,216.3,500,135450
20240202,12:01:27,216.3,550,135450
20240202,12:01:29,218.2,1250,135450
20240202,12:01:31,217.15,250,135450
20240202,12:01:34,217.0,650,135450
20240202,12:01:36,219.1,2050,135450
20240202,12:01:37,218.6,800,135450
20240202,12:01:42,220.4,50,135450
20240202,12:01:45,220.75,50,135450
20240202,12:01:46,220.5,600,135450
20240202,12:01:50,220.3,1650,135450
20240202,12:01:51,219.6,100,135450
20240202,12:01:52,219.85,50,135450
20240202,12:01:54,219.2,200,135450
20240202,12:01:55,219.3,200,135450
20240202,12:01:59,219.65,50,135450
20240202,12:02:03,219.95,100,135450
20240202,12:02:06,219.9,150,135450
20240202,12:02:11,219.3,50,135450
20240202,12:02:16,218.0,50,135450
20240202,12:02:18,217.75,400,135450
20240202,12:02:19,217.5,250,135450
20240202,12:02:26,218.0,50,135450
20240202,12:02:28,218.0,150,135450
20240202,12:02:29,217.45,50,135450
20240202,12:02:31,218.3,50,135450
20240202,12:02:35,217.95,100,135450
20240202,12:02:36,218.0,100,140400
20240202,12:02:37,218.15,50,140400
20240202,12:02:39,217.75,100,140400
20240202,12:03:03,220.7,300,140400
20240202,12:03:04,221.0,100,140400
20240202,12:03:08,221.15,1150,140400
20240202,12:03:12,222.0,50,140400
20240202,12:03:15,221.85,50,140400
20240202,12:03:17,221.15,1050,140400
20240202,12:03:18,221.15,4050,140400
20240202,12:03:19,221.5,100,140400
20240202,12:03:21,221.45,200,140400
20240202,12:03:22,221.35,100,140400
20240202,12:03:23,221.25,200,140400
20240202,12:03:24,221.4,50,140400
20240202,12:03:30,221.65,50,140400
20240202,12:03:32,220.0,50,140400
20240202,12:03:33,219.45,250,140400
20240202,12:03:34,219.15,50,140400
20240202,12:03:38,218.9,250,140400
20240202,12:03:52,219.3,100,140400
20240202,12:03:53,219.3,100,140400
20240202,12:03:56,220.0,150,140400
20240202,12:03:57,220.35,100,140400
20240202,12:04:00,219.45,300,140400
20240202,12:04:01,220.45,750,140400
20240202,12:04:05,220.9,200,140400
20240202,12:04:07,220.6,900,140400
20240202,12:04:08,221.25,500,140400
20240202,12:04:09,221.2,250,140400
20240202,12:04:11,221.75,50,140400
20240202,12:04:15,221.65,250,140400
20240202,12:04:18,222.8,200,140400
20240202,12:04:20,222.05,850,140400
20240202,12:04:23,222.25,250,140400
20240202,12:04:26,220.35,500,140400
20240202,12:04:28,220.55,100,140400
20240202,12:04:29,220.55,50,140400
20240202,12:04:32,220.45,400,140400
20240202,12:04:35,220.75,250,140400
20240202,12:04:36,220.55,200,140400
20240202,12:04:40,220.0,200,140400
20240202,12:04:41,219.95,50,140400
20240202,12:04:45,220.0,50,140400
20240202,12:04:48,220.6,50,140400
20240202,12:04:52,221.65,50,140400
20240202,12:04:55,221.55,50,140400
20240202,12:04:56,222.15,300,140400
20240202,12:04:58,221.8,100,140400
20240202,12:04:58,221.7,50,140400
20240202,12:05:02,221.55,250,140400
20240202,12:05:06,222.4,150,140400
20240202,12:05:09,222.3,250,140400
20240202,12:05:11,222.95,100,140400
20240202,12:05:13,224.0,200,140400
20240202,12:05:15,224.6,400,140400
20240202,12:05:19,225.0,500,140400
20240202,12:05:24,223.1,350,140400
20240202,12:05:27,222.0,150,140400
20240202,12:05:30,222.7,550,140400
20240202,12:05:47,224.5,250,143500
20240202,12:05:51,224.35,50,143500
20240202,12:05:57,224.55,50,143500
20240202,12:06:02,225.45,300,143500
20240202,12:06:04,225.3,150,143500
20240202,12:06:07,224.05,150,143500
20240202,12:06:08,223.05,300,143500
20240202,12:06:10,222.95,50,143500
20240202,12:06:17,226.0,1800,143500
20240202,12:06:19,226.25,100,143500
20240202,12:06:20,226.8,500,143500
20240202,12:06:24,228.2,400,143500
20240202,12:06:25,228.0,100,143500
20240202,12:06:26,227.65,200,143500
20240202,12:06:29,228.0,100,143500
20240202,12:06:32,228.4,100,143500
20240202,12:06:42,230.0,1800,143500
20240202,12:06:43,230.2,50,143500
20240202,12:06:44,230.05,50,143500
20240202,12:06:45,231.15,50,143500
20240202,12:06:46,231.8,250,143500
20240202,12:06:47,232.0,300,143500
20240202,12:06:48,231.75,150,143500
20240202,12:06:49,232.3,100,143500
20240202,12:06:51,231.2,250,143500
20240202,12:06:52,230.7,50,143500
20240202,12:06:53,230.65,50,143500
20240202,12:06:54,229.5,250,143500
20240202,12:06:55,229.7,50,143500
20240202,12:06:57,230.95,350,143500
20240202,12:06:58,231.85,50,143500
20240202,12:06:59,231.95,500,143500
20240202,12:07:03,232.15,150,143500
20240202,12:07:04,232.15,100,143500
20240202,12:07:06,232.75,100,143500
20240202,12:07:11,231.65,50,143500
20240202,12:07:12,230.9,2650,143500
20240202,12:07:13,230.6,100,143500
20240202,12:07:15,230.1,250,143500
20240202,12:07:19,231.75,400,143500
20240202,12:07:20,231.95,100,143500
20240202,12:07:21,232.0,250,143500
20240202,12:07:23,230.6,500,143500
20240202,12:07:24,230.2,50,143500
20240202,12:07:25,230.5,50,143500
20240202,12:07:30,231.95,100,143500
20240202,12:07:34,232.95,250,143500
20240202,12:07:35,232.5,500,143500
20240202,12:07:37,233.0,50,143500
20240202,12:07:39,233.0,50,143500
20240202,12:07:40,232.95,100,143500
20240202,12:07:42,233.3,100,143500
20240202,12:07:43,234.3,150,143500
20240202,12:07:44,233.5,1650,143500
20240202,12:07:45,234.25,100,143500
20240202,12:07:47,233.1,150,143500
20240202,12:07:48,232.85,100,143500
20240202,12:07:50,234.3,500,143500
20240202,12:07:50,235.0,100,143500
20240202,12:07:51,235.25,200,143500
20240202,12:07:52,235.35,500,143500
20240202,12:07:53,235.85,700,143500
20240202,12:07:54,236.0,950,143500
20240202,12:07:56,236.45,2100,143500
20240202,12:07:57,236.25,350,143500
20240202,12:07:58,236.15,100,143500
20240202,12:08:00,235.0,100,143500
20240202,12:08:00,234.75,50,143500
20240202,12:08:02,233.65,100,143500
20240202,12:08:02,234.35,100,143500
20240202,12:08:03,234.9,250,143500
20240202,12:08:05,234.6,100,143500
20240202,12:08:07,233.6,1450,143500
20240202,12:08:09,232.55,350,143500
20240202,12:08:14,233.5,50,143500
20240202,12:08:15,232.45,250,143500
20240202,12:08:18,233.85,250,143500
20240202,12:08:22,235.6,250,143500
20240202,12:08:24,233.95,50,143500
20240202,12:08:27,233.45,100,143500
20240202,12:08:28,233.25,50,143500
20240202,12:08:29,233.1,100,143500
20240202,12:08:29,232.0,50,143500
20240202,12:08:30,232.6,50,143500
20240202,12:08:31,231.7,100,143500
20240202,12:08:33,232.5,200,143500
20240202,12:08:34,232.65,500,143500
20240202,12:08:35,232.65,200,143500
20240202,12:08:36,232.7,300,143500
20240202,12:08:37,233.15,450,142450
20240202,12:08:43,233.7,100,142450
20240202,12:08:44,235.05,50,142450
20240202,12:08:53,233.7,50,142450
20240202,12:08:54,233.6,100,142450
20240202,12:08:55,233.0,100,142450
20240202,12:09:05,232.95,150,142450
20240202,12:09:08,232.05,50,142450
20240202,12:09:12,232.1,250,142450
20240202,12:09:13,232.0,50,142450
20240202,12:09:26,234.3,300,142450
20240202,12:09:27,234.95,200,142450
20240202,12:09:33,235.0,700,142450
20240202,12:09:37,235.1,450,142450
20240202,12:09:41,235.0,50,142450
20240202,12:09:43,235.15,850,142450
20240202,12:09:44,234.7,50,142450
20240202,12:09:45,234.0,250,142450
20240202,12:09:57,234.6,100,142450
20240202,12:09:58,234.9,50,142450
20240202,12:10:00,234.0,50,142450
20240202,12:10:06,235.25,50,142450
20240202,12:10:12,234.4,50,142450
20240202,12:10:14,235.0,550,142450
20240202,12:10:18,235.45,450,142450
20240202,12:10:21,235.6,50,142450
20240202,12:10:25,236.6,50,142450
20240202,12:10:26,236.1,150,142450
20240202,12:10:28,235.0,100,142450
20240202,12:10:29,235.05,250,142450
20240202,12:10:32,236.0,100,142450
20240202,12:10:33,235.25,100,142450
20240202,12:10:36,235.95,50,142450
20240202,12:10:43,234.55,50,142450
20240202,12:10:48,235.75,50,142450
20240202,12:11:00,233.25,50,142450
20240202,12:11:02,233.25,50,142450
20240202,12:11:04,233.5,300,142450
20240202,12:11:10,233.3,100,142450
20240202,12:11:24,233.2,100,142450
20240202,12:11:27,234.9,50,142450
20240202,12:11:28,236.5,250,142450
20240202,12:11:29,236.45,150,142450
20240202,12:11:31,236.8,400,142450
20240202,12:11:33,236.9,250,142450
20240202,12:11:36,237.5,1150,142450
20240202,12:11:37,237.6,250,140750
20240202,12:11:41,238.5,200,140750
20240202,12:11:43,239.35,350,140750
20240202,12:11:44,238.65,50,140750
20240202,12:11:46,238.05,100,140750
20240202,12:11:48,239.05,500,140750
20240202,12:11:49,238.95,250,140750
20240202,12:11:50,238.85,150,140750
20240202,12:11:54,238.3,200,140750
20240202,12:11:57,238.15,300,140750
20240202,12:12:00,238.85,50,140750
20240202,12:12:01,238.85,50,140750
20240202,12:12:02,237.55,150,140750
20240202,12:12:03,237.9,250,140750
20240202,12:12:05,238.3,100,140750
20240202,12:12:08,237.75,50,140750
20240202,12:12:10,239.0,50,140750
20240202,12:12:11,238.55,50,140750
20240202,12:12:12,238.8,150,140750
20240202,12:12:16,236.3,50,140750
20240202,12:12:20,238.45,250,140750
20240202,12:12:21,238.6,300,140750
20240202,12:12:22,238.25,100,140750
20240202,12:12:26,239.0,500,140750
20240202,12:12:27,238.2,50,140750
20240202,12:12:33,239.25,50,140750
20240202,12:12:35,239.5,200,140750
20240202,12:12:41,239.8,250,140750
20240202,12:12:43,239.65,50,140750
20240202,12:12:47,236.85,100,140750
20240202,12:12:49,237.15,1250,140750
20240202,12:12:52,237.5,250,140750
20240202,12:12:55,238.4,1350,140750
20240202,12:12:57,239.0,100,140750
20240202,12:12:58,239.15,150,140750
20240202,12:12:59,239.0,100,140750
20240202,12:13:03,239.5,450,140750
20240202,12:13:04,239.5,950,140750
20240202,12:13:05,240.6,50,140750
20240202,12:13:06,241.0,100,140750
20240202,12:13:07,242.0,150,140750
20240202,12:13:08,241.3,50,140750
20240202,12:13:09,241.2,350,140750
20240202,12:13:18,239.3,50,140750
20240202,12:13:24,241.2,100,140750
20240202,12:13:30,240.3,50,140750
20240202,12:13:31,241.1,250,140750
20240202,12:13:33,240.85,250,140750
20240202,12:13:36,240.35,500,140750
20240202,12:13:39,241.2,300,140750
20240202,12:13:40,241.55,50,140750
20240202,12:13:42,241.45,50,140750
20240202,12:13:43,241.9,350,140750
20240202,12:13:44,242.1,1250,140750
20240202,12:13:45,241.2,250,140750
20240202,12:13:46,241.7,50,140750
20240202,12:13:48,241.65,800,140750
20240202,12:13:56,241.95,700,140750
20240202,12:13:57,242.3,100,140750
20240202,12:13:58,244.0,650,140750
20240202,12:13:59,243.25,100,140750
20240202,12:14:00,243.25,200,140750
20240202,12:14:03,243.45,1600,140750
20240202,12:14:05,245.1,1450,140750
20240202,12:14:06,244.9,600,140750
20240202,12:14:07,244.9,600,140750
20240202,12:14:08,244.3,150,140750
20240202,12:14:09,245.5,450,140750
20240202,12:14:10,244.65,250,140750
20240202,12:14:12,244.9,500,140750
20240202,12:14:14,243.4,350,140750
20240202,12:14:16,244.85,100,140750
20240202,12:14:17,244.7,1400,140750
20240202,12:14:18,243.8,250,140750
20240202,12:14:19,244.95,200,140750
20240202,12:14:21,244.2,50,140750
20240202,12:14:22,243.7,50,140750
20240202,12:14:24,244.85,100,140750
20240202,12:14:25,245.45,200,140750
20240202,12:14:26,243.6,400,140750
20240202,12:14:29,242.7,1400,140750
20240202,12:14:30,242.2,50,140750
20240202,12:14:31,242.3,50,140750
20240202,12:14:32,242.75,50,140750
20240202,12:14:34,242.4,1650,140750
20240202,12:14:37,242.7,100,130850
20240202,12:14:41,240.5,300,130850
20240202,12:14:42,240.45,250,130850
20240202,12:14:43,240.3,850,130850
20240202,12:14:44,240.7,100,130850
20240202,12:14:45,240.65,350,130850
20240202,12:14:47,239.45,50,130850
20240202,12:14:50,238.3,50,130850
20240202,12:14:52,240.15,1000,130850
20240202,12:14:54,240.55,50,130850
20240202,12:14:57,240.7,300,130850
20240202,12:14:59,242.1,200,130850
20240202,12:15:03,242.5,650,130850
20240202,12:15:04,242.6,50,130850
20240202,12:15:05,243.8,300,130850
20240202,12:15:06,244.0,150,130850
20240202,12:15:07,243.35,550,130850
20240202,12:15:10,244.9,400,130850
20240202,12:15:11,244.35,800,130850
20240202,12:15:14,243.55,100,130850
20240202,12:15:18,244.55,1350,130850
20240202,12:15:20,244.35,50,130850
20240202,12:15:21,244.75,100,130850
20240202,12:15:22,245.25,1250,130850
20240202,12:15:23,245.3,200,130850
20240202,12:15:24,245.8,50,130850
20240202,12:15:25,245.9,50,130850
20240202,12:15:26,245.45,400,130850
20240202,12:15:27,244.45,450,130850
20240202,12:15:28,243.8,300,130850
20240202,12:15:30,243.35,100,130850
20240202,12:15:31,243.25,50,130850
20240202,12:15:32,243.35,200,130850
20240202,12:15:33,243.15,50,130850
20240202,12:15:34,241.6,250,130850
20240202,12:15:36,241.1,150,130850
20240202,12:15:41,242.2,250,130850
20240202,12:15:42,241.5,200,130850
20240202,12:15:44,240.4,200,130850
20240202,12:15:45,240.7,300,130850
20240202,12:15:47,240.55,300,130850
20240202,12:15:49,240.0,750,130850
20240202,12:15:51,240.3,50,130850
20240202,12:15:57,240.05,150,130850
20240202,12:16:02,240.1,300,130850
20240202,12:16:03,240.6,50,130850
20240202,12:16:04,241.5,550,130850
20240202,12:16:05,242.6,150,130850
20240202,12:16:07,242.15,250,130850
20240202,12:16:08,242.0,1100,130850
20240202,12:16:09,241.3,50,130850
20240202,12:16:10,239.95,250,130850
20240202,12:16:13,240.05,300,130850
20240202,12:16:14,239.25,50,130850
20240202,12:16:15,238.2,100,130850
20240202,12:16:16,239.15,100,130850
20240202,12:16:21,239.75,150,130850
20240202,12:16:29,239.5,50,130850
20240202,12:16:34,239.6,150,130850
20240202,12:16:36,239.55,200,130850
20240202,12:16:38,239.35,100,130850
20240202,12:16:40,239.5,300,130850
20240202,12:16:42,238.55,50,130850
20240202,12:16:49,238.7,100,130850
20240202,12:16:53,239.3,250,130850
20240202,12:16:57,239.35,100,130850
20240202,12:16:58,239.25,300,130850
20240202,12:16:59,239.25,200,130850
20240202,12:17:00,240.4,350,130850
20240202,12:17:02,240.75,300,130850
20240202,12:17:03,240.6,250,130850
20240202,12:17:04,241.45,400,130850
20240202,12:17:08,241.7,50,130850
20240202,12:17:17,242.45,600,130850
20240202,12:17:19,241.65,50,130850
20240202,12:17:20,241.15,100,130850
20240202,12:17:21,241.1,150,130850
20240202,12:17:25,239.85,50,130850
20240202,12:17:27,241.2,250,130850
20240202,12:17:29,240.25,250,130850
20240202,12:17:35,240.95,50,130850
20240202,12:17:41,242.85,100,122300
20240202,12:17:43,242.55,50,122300
20240202,12:17:44,242.05,350,122300
20240202,12:17:45,243.35,100,122300
20240202,12:17:46,243.6,100,122300
20240202,12:17:48,243.5,1050,122300
20240202,12:17:49,243.7,650,122300
20240202,12:17:53,244.25,300,122300
20240202,12:17:54,242.2,100,122300
20240202,12:17:56,241.9,100,122300
20240202,12:17:58,242.1,50,122300
20240202,12:18:03,242.6,300,122300
20240202,12:18:06,241.3,50,122300
20240202,12:18:10,241.5,250,122300
20240202,12:18:13,240.8,50,122300
20240202,12:18:17,240.9,150,122300
20240202,12:18:32,239.85,350,122300
20240202,12:18:35,240.0,50,122300
20240202,12:18:37,240.85,50,122300
20240202,12:18:45,239.7,300,122300
20240202,12:18:46,239.8,250,122300
20240202,12:18:48,239.95,50,122300
20240202,12:18:49,239.65,100,122300
20240202,12:18:53,238.15,1500,122300
20240202,12:18:55,237.3,700,122300
20240202,12:18:56,237.3,50,122300
20240202,12:18:58,237.2,200,122300
20240202,12:19:00,237.05,50,122300
20240202,12:19:06,237.5,250,122300
20240202,12:19:07,236.75,900,122300
20240202,12:19:08,238.05,50,122300
20240202,12:19:09,238.15,50,122300
20240202,12:19:12,238.95,50,122300
20240202,12:19:15,239.3,250,122300
20240202,12:19:18,239.3,450,122300
20240202,12:19:19,238.9,50,122300
20240202,12:19:20,240.5,100,122300
20240202,12:19:21,240.1,50,122300
20240202,12:19:25,240.2,400,122300
20240202,12:19:27,239.9,50,122300
20240202,12:19:28,239.6,50,122300
20240202,12:19:30,239.35,200,122300
20240202,12:19:32,239.5,350,122300
20240202,12:19:33,238.9,500,122300
20240202,12:19:37,238.4,250,122300
20240202,12:19:38,239.05,250,122300
20240202,12:19:47,240.55,500,122300
20240202,12:19:48,240.0,50,122300
20240202,12:19:50,239.95,250,122300
20240202,12:19:51,239.85,500,122300
