date,time,tick_price,volume,open_interest
20240201,15:02:59,24.4,150,150
20240201,15:08:24,24.75,50,150
20240201,15:12:48,24.75,100,200
20240201,15:18:54,23.2,50,200
20240201,15:20:04,23.15,50,300
20240201,15:21:43,23.05,300,400
20240201,15:22:26,23.05,500,400
20240201,15:23:57,23.6,700,400
20240201,15:24:19,23.6,100,400
20240201,15:25:06,23.65,150,1900
20240201,15:25:37,23.7,200,1900
20240201,15:27:07,23.6,500,1900
20240201,15:28:24,23.65,50,2750
20240202,09:20:02,43.9,1,2750
20240202,09:20:02,43.7,350,2750
20240202,09:20:06,44.85,50,2750
20240202,09:20:11,44.85,100,2750
20240202,09:20:13,44.55,900,3700
20240202,09:20:14,44.5,300,3700
20240202,09:20:16,44.6,1450,3700
20240202,09:20:19,44.3,50,3700
20240202,09:20:26,45.6,50,3700
20240202,09:20:28,45.95,800,3700
20240202,09:20:29,46.1,500,3700
20240202,09:20:31,46.1,250,3700
20240202,09:20:33,46.0,200,3700
20240202,09:20:34,45.65,450,3700
20240202,09:20:36,45.55,50,3700
20240202,09:20:49,46.2,50,3700
20240202,09:21:11,49.35,50,3700
20240202,09:21:24,49.35,50,3700
20240202,09:21:54,48.95,150,3700
20240202,09:22:09,48.0,100,3700
20240202,09:22:12,47.9,50,3700
20240202,09:22:14,48.1,50,3700
20240202,09:22:17,47.75,200,3700
20240202,09:22:19,47.2,250,3700
20240202,09:22:35,47.05,100,3700
20240202,09:22:39,46.55,100,3700
20240202,09:22:47,46.55,50,3700
20240202,09:22:48,47.25,100,3700
20240202,09:22:52,46.6,150,3700
20240202,09:23:01,45.75,350,3700
20240202,09:23:09,46.45,100,3700
20240202,09:23:11,46.65,450,3700
20240202,09:23:32,46.45,50,8050
20240202,09:23:37,46.0,50,8050
20240202,09:24:02,47.25,150,8050
20240202,09:24:22,47.3,50,8050
20240202,09:24:31,47.45,50,8050
20240202,09:24:55,49.4,100,8050
20240202,09:25:00,49.4,500,8050
20240202,09:25:09,49.2,350,8050
20240202,09:25:58,48.45,150,8050
20240202,09:26:00,48.1,150,8050
20240202,09:27:10,45.9,150,8350
20240202,09:27:50,46.35,250,8350
20240202,09:27:51,46.25,300,8350
20240202,09:28:03,45.95,300,8350
20240202,09:28:28,46.1,100,8350
20240202,09:29:15,46.85,50,8000
20240202,09:30:01,45.7,50,8000
20240202,09:30:18,44.75,150,8000
20240202,09:30:24,45.5,50,8000
20240202,09:30:37,45.25,150,8000
20240202,09:31:38,46.3,50,8000
20240202,09:32:08,46.3,150,8000
20240202,09:33:40,49.35,50,8200
20240202,09:34:14,48.75,50,8200
20240202,09:34:28,50.4,50,8200
20240202,09:34:31,50.4,150,8200
20240202,09:35:04,49.4,150,8200
20240202,09:35:09,49.2,200,8200
20240202,09:35:16,49.6,100,8500
20240202,09:35:19,49.9,100,8500
20240202,09:35:27,50.15,250,8500
20240202,09:35:36,49.95,50,8500
20240202,09:35:38,49.45,50,8500
20240202,09:36:00,49.45,50,8500
20240202,09:37:00,46.3,50,8500
20240202,09:37:02,46.75,50,8500
20240202,09:37:31,46.8,50,8500
20240202,09:37:38,46.8,100,8500
20240202,09:38:18,47.55,150,8550
20240202,09:38:41,46.3,100,8550
20240202,09:38:50,47.1,50,8550
20240202,09:39:24,46.45,100,8550
20240202,09:39:47,46.0,50,8550
20240202,09:41:05,46.85,200,8550
20240202,09:41:06,47.05,200,8550
20240202,09:42:24,46.8,700,9050
20240202,09:42:29,46.95,50,9050
20240202,09:43:26,46.6,50,9050
20240202,09:43:28,46.95,50,9050
20240202,09:44:27,47.55,50,9050
20240202,09:45:01,47.2,50,9050
20240202,09:45:16,47.3,50,9050
20240202,09:45:17,46.9,50,9050
20240202,09:46:03,45.55,50,9050
20240202,09:46:05,45.6,50,9050
20240202,09:46:07,45.35,100,9050
20240202,09:46:08,45.5,100,9050
20240202,09:46:12,45.55,50,9050
20240202,09:46:17,45.2,100,9050
20240202,09:46:33,45.15,50,9050
20240202,09:46:35,44.9,50,9050
20240202,09:47:41,45.3,1000,9100
20240202,09:48:47,45.35,50,9100
20240202,09:49:24,45.2,100,9100
20240202,09:49:37,44.85,1800,9100
20240202,09:49:45,45.2,600,9100
20240202,09:49:56,46.2,50,9100
20240202,09:51:07,46.95,50,12500
20240202,09:51:42,46.9,50,12500
20240202,09:51:55,47.2,350,12500
20240202,09:52:17,48.15,50,12500
20240202,09:52:40,47.8,450,12500
20240202,09:53:53,48.55,350,12950
20240202,09:54:21,48.0,100,12950
20240202,09:56:17,47.25,50,12950
20240202,09:57:12,46.85,150,12950
20240202,09:57:24,47.45,1500,13050
20240202,09:57:46,47.3,50,13050
20240202,09:58:10,47.45,50,13050
20240202,09:58:28,46.75,50,13050
20240202,09:58:38,47.15,150,13050
20240202,09:58:55,46.75,50,13050
20240202,09:59:06,46.55,50,13050
20240202,09:59:52,47.2,50,13050
20240202,09:59:55,46.95,50,13050
20240202,10:00:00,47.05,100,13050
20240202,10:00:02,47.15,200,13050
20240202,10:00:48,47.95,50,13050
20240202,10:01:07,48.35,50,13050
20240202,10:01:13,48.15,50,13050
20240202,10:01:17,48.15,50,13050
20240202,10:01:33,48.9,150,13050
20240202,10:01:50,49.0,50,13050
20240202,10:01:55,48.8,100,13050
20240202,10:02:59,48.85,250,13600
20240202,10:03:07,48.55,50,13600
20240202,10:03:12,48.7,50,13600
20240202,10:05:05,48.3,350,13600
20240202,10:05:25,48.45,350,13950
20240202,10:05:44,49.5,100,13950
20240202,10:06:19,48.8,50,13950
20240202,10:06:43,48.0,250,13950
20240202,10:06:48,48.25,50,13950
20240202,10:07:00,48.25,50,13950
20240202,10:07:39,48.55,50,13950
20240202,10:08:07,48.25,50,13950
20240202,10:08:20,48.5,50,14600
20240202,10:08:33,48.95,50,14600
20240202,10:09:14,49.4,50,14600
20240202,10:09:27,49.25,350,14600
20240202,10:09:29,49.25,350,14600
20240202,10:09:40,49.5,100,14600
20240202,10:10:01,49.8,50,14600
20240202,10:10:18,49.8,300,14600
20240202,10:10:36,49.15,100,14600
20240202,10:10:48,49.15,350,14600
20240202,10:11:58,50.0,50,15900
20240202,10:12:03,49.55,100,15900
20240202,10:13:17,49.75,50,15900
20240202,10:13:52,49.25,100,15900
20240202,10:14:12,49.0,100,15900
20240202,10:14:55,49.5,200,16000
20240202,10:14:58,49.15,50,16000
20240202,10:16:10,48.4,100,16000
20240202,10:16:53,48.3,50,16000
20240202,10:17:16,48.5,100,16000
20240202,10:17:26,48.3,50,16200
20240202,10:18:53,47.25,50,16200
20240202,10:21:12,46.35,50,16250
20240202,10:21:16,46.25,100,16250
20240202,10:22:10,45.95,1050,16250
20240202,10:23:26,46.8,50,16250
20240202,10:23:41,46.75,50,17400
20240202,10:23:43,46.7,50,17400
20240202,10:23:51,46.8,50,17400
20240202,10:24:21,46.8,50,17400
20240202,10:24:39,47.1,600,17400
20240202,10:24:52,47.05,500,17400
20240202,10:25:21,47.05,150,17400
20240202,10:31:17,47.65,50,17950
20240202,10:34:46,46.8,150,17950
20240202,10:34:51,46.85,500,17950
20240202,10:35:08,46.25,50,17950
20240202,10:35:47,45.95,50,18200
20240202,10:36:35,45.3,1500,18200
20240202,10:36:55,45.55,50,18200
20240202,10:37:29,45.65,50,18200
20240202,10:37:37,45.9,50,18200
20240202,10:37:53,45.75,200,18200
20240202,10:37:55,45.7,100,18200
20240202,10:37:58,45.7,50,18200
20240202,10:38:00,45.7,100,18200
20240202,10:38:29,45.0,1800,19100
20240202,10:38:48,45.3,200,19100
20240202,10:39:23,45.05,100,19100
20240202,10:39:26,45.05,50,19100
20240202,10:41:37,44.1,50,19450
20240202,10:41:38,44.15,1000,19450
20240202,10:41:50,43.25,1250,19450
20240202,10:42:28,43.25,50,19450
20240202,10:43:22,43.25,100,19450
20240202,10:45:49,43.55,50,21600
20240202,10:47:23,43.7,50,21600
20240202,10:48:42,44.6,400,21650
20240202,10:52:54,43.75,50,22000
20240202,10:55:49,44.75,50,22050
20240202,10:57:06,45.15,50,22100
20240202,10:57:14,45.5,450,22100
20240202,10:57:21,45.45,50,22100
20240202,10:57:32,45.7,50,22100
20240202,10:57:51,46.3,50,22100
20240202,10:57:58,46.15,100,22100
20240202,10:59:10,47.3,50,22100
20240202,10:59:46,47.15,50,22300
20240202,11:00:33,47.7,100,22300
20240202,11:01:27,46.95,50,22300
20240202,11:02:31,47.55,50,22300
20240202,11:02:35,47.2,200,22300
20240202,11:03:48,48.25,50,22300
20240202,11:03:55,48.6,50,22300
20240202,11:04:00,49.45,50,22300
20240202,11:04:06,49.5,100,22300
20240202,11:04:21,49.4,150,22300
20240202,11:05:18,49.4,50,22300
20240202,11:05:42,48.65,50,22700
20240202,11:06:02,48.7,50,22700
20240202,11:06:03,47.9,1050,22700
20240202,11:06:15,48.3,50,22700
20240202,11:06:16,48.3,50,22700
20240202,11:06:52,47.7,50,22700
20240202,11:07:28,46.9,50,22700
20240202,11:07:31,47.05,150,22700
20240202,11:08:24,47.9,50,22700
20240202,11:08:51,47.4,150,23650
20240202,11:09:38,47.55,50,23650
20240202,11:09:54,47.6,150,23650
20240202,11:10:14,48.3,300,23650
20240202,11:11:15,47.85,50,23650
20240202,11:11:20,47.85,50,23650
20240202,11:12:33,49.2,50,23650
20240202,11:12:54,48.75,100,23650
20240202,11:13:11,48.85,50,23650
20240202,11:13:32,49.3,200,23650
20240202,11:13:37,50.9,300,23650
20240202,11:13:44,51.25,50,23650
20240202,11:13:46,51.25,50,23650
20240202,11:13:47,51.85,200,23650
20240202,11:14:01,53.8,150,23650
20240202,11:14:07,52.45,350,23650
20240202,11:14:09,52.6,150,23650
20240202,11:14:17,53.75,50,23650
20240202,11:14:29,53.75,50,24150
20240202,11:14:44,56.1,250,24150
20240202,11:14:54,56.1,150,24150
20240202,11:15:00,54.3,50,24150
20240202,11:15:03,55.65,150,24150
20240202,11:15:10,55.2,400,24150
20240202,11:15:38,56.7,1150,24150
20240202,11:15:39,56.7,200,24150
20240202,11:16:01,59.5,2150,24150
20240202,11:16:02,59.5,50,24150
20240202,11:16:07,60.3,1150,24150
20240202,11:16:19,61.7,350,24150
20240202,11:16:22,62.0,250,24150
20240202,11:16:26,63.4,1200,24150
20240202,11:16:29,63.55,100,24150
20240202,11:16:31,63.0,150,24150
20240202,11:16:34,62.2,800,24150
20240202,11:16:37,62.75,100,24150
20240202,11:16:42,62.5,50,24150
20240202,11:16:44,62.2,100,24150
20240202,11:16:46,62.75,350,24150
20240202,11:16:48,63.0,850,24150
20240202,11:16:49,63.6,50,24150
20240202,11:16:53,63.6,50,24150
20240202,11:16:54,62.75,400,24150
20240202,11:17:04,63.55,50,24150
20240202,11:17:09,63.2,50,24150
20240202,11:17:12,62.4,750,24150
20240202,11:17:14,62.95,250,24150
20240202,11:17:19,63.0,400,24150
20240202,11:17:24,62.95,50,24150
20240202,11:17:27,63.35,50,24150
20240202,11:17:29,63.75,50,21950
20240202,11:17:30,64.4,200,21950
20240202,11:17:32,64.4,200,21950
20240202,11:17:45,63.85,100,21950
20240202,11:17:59,64.6,50,21950
20240202,11:18:15,66.05,100,21950
20240202,11:18:19,66.05,50,21950
20240202,11:18:20,65.3,50,21950
20240202,11:18:22,64.95,50,21950
20240202,11:18:24,65.1,100,21950
20240202,11:18:37,65.4,350,21950
20240202,11:19:05,65.4,200,21950
20240202,11:19:17,65.05,600,21950
20240202,11:19:20,64.9,50,21950
20240202,11:19:39,64.4,500,21950
20240202,11:19:45,64.05,50,21950
20240202,11:19:55,64.6,350,21950
20240202,11:20:02,64.2,50,21950
20240202,11:20:03,64.3,100,21950
20240202,11:20:05,64.0,50,21950
20240202,11:20:07,64.3,150,21950
20240202,11:20:22,65.0,100,21950
20240202,11:20:25,64.9,50,21950
20240202,11:20:35,65.35,100,22850
20240202,11:20:38,65.1,1400,22850
20240202,11:20:41,65.4,250,22850
20240202,11:20:43,65.6,600,22850
20240202,11:20:46,65.25,250,22850
20240202,11:20:50,65.0,150,22850
20240202,11:20:53,64.55,50,22850
20240202,11:21:01,64.6,250,22850
20240202,11:21:03,65.2,50,22850
20240202,11:21:04,64.8,1000,22850
20240202,11:21:32,64.9,50,22850
20240202,11:21:34,64.75,200,22850
20240202,11:21:35,64.6,100,22850
20240202,11:21:45,64.3,100,22850
20240202,11:21:53,64.9,950,22850
20240202,11:21:55,65.2,150,22850
20240202,11:22:00,65.45,350,22850
20240202,11:22:05,64.85,250,22850
20240202,11:22:08,65.35,50,22850
20240202,11:22:10,65.85,150,22850
20240202,11:22:20,67.25,50,22850
20240202,11:22:23,67.7,50,22850
20240202,11:22:37,68.85,350,22850
20240202,11:22:40,67.55,100,22850
20240202,11:23:03,68.15,50,22850
20240202,11:23:05,67.95,100,22850
20240202,11:23:08,68.25,100,22850
20240202,11:23:10,67.65,200,22850
20240202,11:23:19,67.75,350,22850
20240202,11:23:28,68.15,50,22850
20240202,11:23:34,68.1,100,25900
20240202,11:23:41,67.7,100,25900
20240202,11:23:54,68.05,150,25900
20240202,11:24:10,67.9,550,25900
20240202,11:24:12,67.8,50,25900
20240202,11:24:25,66.95,150,25900
20240202,11:24:28,67.75,250,25900
20240202,11:24:39,67.95,200,25900
20240202,11:24:42,67.65,150,25900
20240202,11:24:47,68.2,150,25900
20240202,11:24:57,69.0,100,25900
20240202,11:25:07,69.0,100,25900
20240202,11:25:22,70.15,350,25900
20240202,11:25:27,70.15,100,25900
20240202,11:25:38,69.5,200,25900
20240202,11:25:45,70.05,100,25900
20240202,11:26:04,69.4,100,25900
20240202,11:26:09,69.2,50,25900
20240202,11:26:14,68.9,50,25900
20240202,11:26:19,68.95,50,25900
20240202,11:26:24,68.2,50,25900
20240202,11:26:27,68.15,50,25900
20240202,11:26:31,67.85,500,26600
20240202,11:26:40,68.95,250,26600
20240202,11:26:42,68.75,50,26600
20240202,11:27:29,67.7,150,26600
20240202,11:27:32,67.3,700,26600
20240202,11:27:47,67.3,800,26600
20240202,11:27:49,67.65,200,26600
20240202,11:28:02,67.6,1000,26600
20240202,11:28:06,68.1,200,26600
20240202,11:28:14,68.65,300,26600
20240202,11:28:23,68.8,50,26600
20240202,11:28:26,68.6,50,26600
20240202,11:28:34,68.5,200,26600
20240202,11:28:36,68.4,150,26600
20240202,11:28:39,68.4,450,26600
20240202,11:29:10,68.55,50,26600
20240202,11:29:12,69.05,650,26600
20240202,11:29:23,69.55,50,26600
20240202,11:29:53,69.4,50,28200
20240202,11:29:54,69.45,100,28200
20240202,11:29:56,69.3,200,28200
20240202,11:29:57,69.6,150,28200
20240202,11:29:59,69.75,300,28200
20240202,11:30:01,70.0,250,28200
20240202,11:30:02,70.2,200,28200
20240202,11:30:07,69.65,50,28200
20240202,11:30:13,69.3,200,28200
20240202,11:30:57,73.25,250,28200
20240202,11:30:59,73.3,300,28200
20240202,11:31:01,73.45,150,28200
20240202,11:31:04,73.45,50,28200
20240202,11:31:05,73.45,150,28200
20240202,11:31:07,72.4,200,28200
20240202,11:31:09,73.0,350,28200
20240202,11:31:10,73.55,50,28200
20240202,11:31:14,73.55,500,28200
20240202,11:31:19,72.9,50,28200
20240202,11:31:25,73.15,50,28200
20240202,11:31:29,73.95,50,28200
20240202,11:31:35,73.95,50,28200
20240202,11:31:42,73.95,50,28200
20240202,11:31:45,74.5,250,28200
20240202,11:32:03,76.0,250,28200
20240202,11:32:07,75.95,100,28200
20240202,11:32:18,75.8,250,28200
20240202,11:32:28,75.05,300,28200
20240202,11:32:38,74.6,50,26350
20240202,11:32:40,74.6,50,26350
20240202,11:32:41,74.9,200,26350
20240202,11:32:49,74.8,50,26350
20240202,11:33:14,75.6,100,26350
20240202,11:33:19,74.75,200,26350
20240202,11:33:21,75.25,50,26350
20240202,11:33:22,75.65,100,26350
20240202,11:33:32,74.9,50,26350
20240202,11:33:54,75.0,50,26350
20240202,11:33:57,74.65,250,26350
20240202,11:34:38,76.75,200,26350
20240202,11:34:40,76.75,50,26350
20240202,11:35:08,76.95,100,26350
20240202,11:35:13,76.95,50,26350
20240202,11:35:48,77.1,50,26500
20240202,11:36:01,77.1,50,26500
20240202,11:36:08,77.85,50,26500
20240202,11:36:31,77.85,50,26500
20240202,11:36:36,77.35,50,26500
20240202,11:37:24,79.05,50,26500
20240202,11:38:04,81.6,1050,26500
20240202,11:38:16,83.2,100,26500
20240202,11:38:21,83.8,50,26500
20240202,11:38:26,83.95,500,26500
20240202,11:38:29,82.6,100,26500
20240202,11:38:31,82.3,150,26500
20240202,11:38:34,82.8,300,26450
20240202,11:38:39,82.2,50,26450
20240202,11:38:53,83.0,50,26450
20240202,11:38:54,83.0,150,26450
20240202,11:38:58,83.35,50,26450
20240202,11:39:07,84.25,700,26450
20240202,11:39:14,86.3,100,26450
20240202,11:39:21,86.3,100,26450
20240202,11:39:26,86.15,100,26450
20240202,11:39:28,85.8,50,26450
20240202,11:39:41,87.15,150,26450
20240202,11:39:51,87.35,50,26450
20240202,11:40:11,88.65,550,26450
20240202,11:40:15,90.25,50,26450
20240202,11:40:22,92.25,450,26450
20240202,11:40:24,92.9,100,26450
20240202,11:40:27,93.0,250,26450
20240202,11:40:29,93.0,200,26450
20240202,11:40:30,91.8,50,26450
20240202,11:40:32,90.85,350,26450
20240202,11:40:33,90.7,100,26450
20240202,11:40:35,90.75,50,26450
20240202,11:40:37,91.55,100,26450
20240202,11:40:42,90.95,200,26450
20240202,11:41:01,92.8,100,26450
20240202,11:41:02,93.2,1000,26450
20240202,11:41:04,93.2,100,26450
20240202,11:41:06,91.45,100,26450
20240202,11:41:12,90.5,50,26450
20240202,11:41:21,91.65,50,26450
20240202,11:41:42,92.5,50,26800
20240202,11:41:45,93.0,50,26800
20240202,11:41:50,93.35,50,26800
20240202,11:41:53,93.35,50,26800
20240202,11:41:57,93.45,200,26800
20240202,11:42:03,93.5,1050,26800
20240202,11:42:08,93.5,700,26800
20240202,11:42:22,95.05,200,26800
20240202,11:42:26,95.05,50,26800
20240202,11:42:28,94.4,300,26800
20240202,11:42:31,94.5,50,26800
20240202,11:42:46,94.4,100,26800
20240202,11:42:51,93.0,250,26800
20240202,11:42:55,91.65,200,26800
20240202,11:42:56,91.3,150,26800
20240202,11:43:00,91.45,50,26800
20240202,11:43:09,90.85,100,26800
20240202,11:43:11,89.95,50,26800
20240202,11:43:13,89.45,150,26800
20240202,11:43:16,87.55,50,26800
20240202,11:43:18,87.05,50,26800
20240202,11:43:19,86.7,850,26800
20240202,11:43:23,84.7,250,26800
20240202,11:43:24,82.95,100,26800
20240202,11:43:26,83.8,150,26800
20240202,11:43:29,84.1,100,26800
20240202,11:43:39,84.0,350,26800
20240202,11:43:44,84.25,200,26800
20240202,11:43:46,83.6,200,26800
20240202,11:43:48,82.25,50,26800
20240202,11:43:51,81.55,100,26800
20240202,11:43:54,79.8,300,26800
20240202,11:43:56,80.35,150,26800
20240202,11:43:58,81.1,150,26800
20240202,11:43:59,81.75,300,26800
20240202,11:44:01,81.4,50,26800
20240202,11:44:02,82.15,50,26800
20240202,11:44:04,82.0,150,26800
20240202,11:44:12,82.35,50,26800
20240202,11:44:14,82.5,200,26800
20240202,11:44:19,82.55,450,26800
20240202,11:44:21,82.55,50,26800
20240202,11:44:24,82.65,100,26800
20240202,11:44:37,81.05,100,28300
20240202,11:44:44,80.95,50,28300
20240202,11:44:52,79.7,250,28300
20240202,11:44:55,80.9,100,28300
20240202,11:45:04,79.0,850,28300
20240202,11:45:06,79.4,50,28300
20240202,11:45:07,80.05,50,28300
20240202,11:45:12,80.95,50,28300
20240202,11:45:17,80.5,200,28300
20240202,11:45:19,80.35,50,28300
20240202,11:45:22,79.95,100,28300
20240202,11:45:27,80.2,200,28300
20240202,11:45:29,80.8,100,28300
20240202,11:45:31,80.55,50,28300
20240202,11:45:47,81.0,300,28300
20240202,11:45:52,80.05,100,28300
20240202,11:45:59,80.2,250,28300
20240202,11:46:04,78.6,50,28300
20240202,11:46:06,78.7,50,28300
20240202,11:46:14,79.0,50,28300
20240202,11:46:31,78.95,50,28300
20240202,11:46:34,79.2,100,28300
20240202,11:46:56,80.55,100,28300
20240202,11:47:22,82.4,100,28300
20240202,11:47:53,83.55,50,28250
20240202,11:47:57,83.7,50,28250
20240202,11:47:58,83.5,100,28250
20240202,11:48:00,83.45,50,28250
20240202,11:48:54,81.85,50,28250
20240202,11:49:13,80.2,50,28250
20240202,11:49:23,78.8,50,28250
20240202,11:49:25,78.85,100,28250
20240202,11:49:27,78.05,150,28250
20240202,11:49:32,78.1,50,28250
20240202,11:49:33,78.0,150,28250
20240202,11:49:45,77.55,50,28250
20240202,11:49:50,77.4,200,28250
20240202,11:49:53,77.0,200,28250
20240202,11:49:55,76.25,50,28250
20240202,11:50:02,76.3,750,28250
20240202,11:50:03,75.25,50,28250
20240202,11:50:05,75.25,150,28250
20240202,11:50:06,75.5,100,28250
20240202,11:50:18,76.6,200,28250
20240202,11:50:25,77.15,200,28250
20240202,11:50:43,76.95,50,28150
20240202,11:51:00,77.85,50,28150
20240202,11:51:01,77.55,50,28150
20240202,11:51:03,76.95,50,28150
20240202,11:51:18,75.8,250,28150
20240202,11:51:31,76.8,200,28150
20240202,11:51:35,76.85,50,28150
20240202,11:51:44,77.4,200,28150
20240202,11:52:20,75.4,100,28150
20240202,11:53:19,76.1,300,28150
20240202,11:53:22,76.4,200,28150
20240202,11:53:30,75.4,100,28150
20240202,11:53:37,74.25,50,27850
20240202,11:53:53,73.4,250,27850
20240202,11:53:55,72.95,50,27850
20240202,11:54:00,72.65,300,27850
20240202,11:54:12,74.05,700,27850
20240202,11:54:15,75.05,50,27850
20240202,11:54:22,74.65,50,27850
20240202,11:54:30,74.65,50,27850
20240202,11:54:35,74.9,150,27850
20240202,11:54:55,76.05,150,27850
20240202,11:54:58,76.55,50,27850
20240202,11:55:00,76.0,550,27850
20240202,11:55:03,75.85,450,27850
20240202,11:55:05,76.15,150,27850
20240202,11:55:08,76.65,50,27850
20240202,11:55:13,76.5,100,27850
20240202,11:55:17,76.45,100,27850
20240202,11:55:28,76.55,50,27850
20240202,11:55:37,76.3,150,27850
20240202,11:55:38,76.15,50,27850
20240202,11:56:36,79.15,50,27950
20240202,11:56:49,79.2,50,27950
20240202,11:56:52,79.75,100,27950
20240202,11:57:15,80.2,200,27950
20240202,11:57:23,80.3,200,27950
20240202,11:57:25,80.0,100,27950
20240202,11:57:45,81.4,50,27950
20240202,11:57:50,82.25,550,27950
20240202,11:58:18,82.25,50,27950
20240202,11:58:56,80.95,50,27950
20240202,11:59:03,81.05,100,27950
20240202,11:59:48,82.1,250,28000
20240202,11:59:55,83.35,100,28000
20240202,11:59:56,83.6,250,28000
20240202,11:59:58,82.95,50,28000
20240202,12:00:04,84.0,50,28000
20240202,12:00:21,84.0,50,28000
20240202,12:00:24,83.55,50,28000
20240202,12:00:43,83.45,250,28000
20240202,12:00:48,83.6,50,28000
20240202,12:01:04,84.2,200,28000
20240202,12:01:14,84.75,50,28000
20240202,12:01:15,85.05,150,28000
20240202,12:01:35,85.55,50,28000
20240202,12:01:37,85.05,200,28000
20240202,12:01:41,84.05,200,28000
20240202,12:01:46,84.75,1000,28000
20240202,12:02:06,84.7,50,28000
20240202,12:02:47,85.9,100,29000
20240202,12:03:04,85.05,100,29000
20240202,12:03:17,84.2,100,29000
20240202,12:03:38,85.25,50,29000
20240202,12:04:02,84.5,200,29000
20240202,12:04:31,83.95,50,29000
20240202,12:04:44,84.65,50,29000
20240202,12:04:45,84.4,450,29000
20240202,12:05:13,83.2,100,29000
20240202,12:05:15,82.6,150,29000
20240202,12:05:25,83.0,100,29000
20240202,12:05:39,83.5,200,29250
20240202,12:06:17,82.2,200,29250
20240202,12:06:44,79.35,50,29250
20240202,12:07:42,77.55,50,29250
20240202,12:08:01,76.5,100,29250
20240202,12:08:04,76.7,150,29250
20240202,12:08:06,77.0,150,29250
20240202,12:08:11,77.6,900,29250
20240202,12:08:29,77.95,50,29250
20240202,12:09:07,78.7,50,28400
20240202,12:09:24,77.8,50,28400
20240202,12:09:29,77.8,200,28400
20240202,12:09:44,77.7,200,28400
20240202,12:10:02,77.6,700,28400
20240202,12:10:09,76.75,150,28400
20240202,12:11:00,77.8,100,28400
20240202,12:11:23,78.0,600,28400
20240202,12:11:24,77.5,100,28400
20240202,12:11:44,75.3,50,28350
20240202,12:12:18,76.0,100,28350
20240202,12:12:23,75.8,400,28350
20240202,12:12:26,75.5,50,28350
20240202,12:13:07,74.4,300,28350
20240202,12:13:32,74.95,50,28350
20240202,12:13:42,74.7,50,28350
20240202,12:13:47,74.6,50,28350
20240202,12:13:53,74.55,50,28350
20240202,12:13:56,74.4,350,28350
20240202,12:14:11,72.4,200,28350
20240202,12:14:42,73.75,150,29050
20240202,12:14:50,74.0,750,29050
20240202,12:14:52,73.65,750,29050
20240202,12:15:02,73.8,250,29050
20240202,12:15:10,72.75,350,29050
20240202,12:15:17,73.15,150,29050
20240202,12:15:37,74.2,200,29050
20240202,12:15:51,75.15,200,29050
20240202,12:15:53,74.65,50,29050
20240202,12:15:55,75.35,50,29050
20240202,12:15:56,74.65,150,29050
20240202,12:16:16,75.6,250,29050
20240202,12:16:29,75.25,500,29050
20240202,12:17:03,75.0,150,29050
20240202,12:18:05,74.55,200,29550
20240202,12:18:07,74.6,100,29550
20240202,12:18:08,74.7,400,29550
20240202,12:18:12,74.75,300,29550
20240202,12:18:15,74.55,50,29550
20240202,12:18:20,74.45,50,29550
20240202,12:18:25,74.25,50,29550
20240202,12:18:28,74.7,150,29550
20240202,12:18:32,74.75,50,29550
20240202,12:18:37,74.45,50,29550
20240202,12:18:42,74.45,50,29550
20240202,12:18:43,74.8,50,29550
20240202,12:18:45,74.85,100,29550
20240202,12:18:48,74.45,50,29550
20240202,12:18:53,75.0,300,29550
20240202,12:19:56,74.9,100,29550
20240202,12:20:06,75.0,450,29550
20240202,12:20:39,75.9,250,29750
20240202,12:20:55,75.4,200,29750
20240202,12:20:59,75.05,100,29750
20240202,12:21:02,75.05,100,29750
20240202,12:21:27,74.35,100,29750
20240202,12:21:36,74.05,100,29750
20240202,12:21:38,74.0,50,29750
20240202,12:22:08,75.0,50,29750
20240202,12:22:11,74.4,200,29750
20240202,12:22:44,74.25,300,29750
20240202,12:24:04,72.65,100,29750
20240202,12:24:09,72.55,100,29750
20240202,12:24:14,72.5,100,29750
20240202,12:24:19,72.25,250,29750
20240202,12:24:22,71.7,100,29750
20240202,12:24:27,71.3,100,29750
20240202,12:24:32,70.9,250,29750
20240202,12:24:36,70.0,250,29750
20240202,12:24:37,70.15,50,29750
20240202,12:24:41,69.1,100,29750
20240202,12:24:44,69.8,300,29750
20240202,12:24:49,68.8,50,29750
20240202,12:24:54,68.75,750,29750
20240202,12:24:56,69.05,50,29750
20240202,12:24:57,68.85,100,29750
20240202,12:24:59,68.2,50,29750
20240202,12:25:02,67.8,200,29750
20240202,12:25:04,67.8,400,29750
20240202,12:25:06,68.1,400,29750
20240202,12:25:07,68.7,350,29750
20240202,12:25:09,69.0,150,29750
20240202,12:25:11,69.45,350,29750
20240202,12:25:12,69.1,550,29750
20240202,12:25:14,68.75,100,29750
20240202,12:25:17,68.1,50,29750
20240202,12:25:19,68.8,600,29750
20240202,12:25:21,69.0,150,29750
20240202,12:25:25,68.4,350,29750
20240202,12:25:29,67.55,50,29750
20240202,12:25:34,67.9,200,29750
20240202,12:25:39,68.25,200,29750
20240202,12:25:40,68.65,400,29750
20240202,12:25:42,68.0,600,29750
20240202,12:26:11,68.0,350,29750
20240202,12:26:16,68.45,500,29750
20240202,12:26:20,68.4,50,29750
20240202,12:26:33,67.7,50,29750
20240202,12:26:35,67.45,50,29750
20240202,12:26:53,67.2,250,32150
20240202,12:26:55,67.2,200,32150
20240202,12:27:00,67.15,400,32150
20240202,12:27:30,62.25,50,32150
20240202,12:27:31,62.05,50,32150
20240202,12:27:43,63.45,50,32150
20240202,12:27:45,63.75,100,32150
20240202,12:27:55,64.8,550,32150
20240202,12:28:05,64.8,200,32150
20240202,12:28:08,64.95,50,32150
20240202,12:28:10,64.3,100,32150
20240202,12:28:23,62.5,150,32150
20240202,12:28:28,62.65,50,32150
20240202,12:28:38,61.2,550,32150
20240202,12:28:41,61.05,150,32150
20240202,12:28:48,60.0,300,32150
20240202,12:28:50,59.75,50,32150
20240202,12:28:51,59.55,350,32150
20240202,12:28:58,59.5,150,32150
20240202,12:29:00,60.05,150,32150
20240202,12:29:01,60.1,250,32150
20240202,12:29:06,59.45,200,32150
20240202,12:29:20,55.85,100,32150
20240202,12:29:23,55.45,50,32150
20240202,12:29:25,55.6,50,32150
20240202,12:29:28,56.2,250,32150
20240202,12:29:30,56.55,800,32150
20240202,12:29:31,56.55,250,32150
20240202,12:29:35,55.85,50,32150
20240202,12:29:36,57.0,850,32150
20240202,12:29:38,56.95,100,32150
20240202,12:29:40,56.55,50,33600
20240202,12:29:41,56.3,50,33600
20240202,12:29:43,56.4,50,33600
20240202,12:29:45,56.55,250,33600
20240202,12:29:50,57.45,450,33600
20240202,12:29:53,56.7,150,33600
20240202,12:30:00,56.05,50,33600
20240202,12:30:01,55.85,50,33600
20240202,12:30:15,52.6,200,33600
20240202,12:30:22,51.05,150,33600
20240202,12:30:25,50.0,150,33600
20240202,12:30:27,49.35,550,33600
20240202,12:30:28,49.4,1000,33600
20240202,12:30:30,49.1,450,33600
20240202,12:30:32,48.55,550,33600
20240202,12:30:33,48.15,100,33600
20240202,12:30:35,47.25,100,33600
20240202,12:30:37,47.5,1450,33600
20240202,12:30:40,47.25,50,33600
20240202,12:30:42,47.55,100,33600
20240202,12:30:43,47.25,200,33600
20240202,12:30:45,47.55,100,33600
20240202,12:30:48,48.2,100,33600
20240202,12:30:50,48.45,600,33600
20240202,12:30:52,48.8,250,33600
20240202,12:30:53,49.05,500,33600
20240202,12:30:55,49.05,850,33600
20240202,12:30:57,49.5,550,33600
20240202,12:31:00,49.8,100,33600
20240202,12:31:02,49.45,200,33600
20240202,12:31:03,49.6,50,33600
20240202,12:31:05,49.5,50,33600
20240202,12:31:07,49.1,150,33600
20240202,12:31:15,47.45,100,33600
20240202,12:31:18,47.65,50,33600
20240202,12:31:30,47.95,50,33600
20240202,12:31:32,48.0,100,33600
20240202,12:31:37,46.3,550,33600
20240202,12:31:40,45.35,1100,33600
20240202,12:31:42,45.0,1150,33600
20240202,12:31:45,44.85,1500,33600
20240202,12:31:48,45.0,200,33600
20240202,12:31:50,44.85,750,33600
20240202,12:31:53,44.25,300,33600
20240202,12:31:58,43.95,400,33600
20240202,12:32:00,43.4,850,33600
20240202,12:32:02,42.55,3100,33600
20240202,12:32:03,43.45,150,33600
20240202,12:32:05,43.3,300,33600
20240202,12:32:07,43.05,600,33600
20240202,12:32:08,43.95,350,33600
20240202,12:32:10,44.7,450,33600
20240202,12:32:13,44.15,1250,33600
20240202,12:32:15,44.7,700,33600
20240202,12:32:17,45.05,550,33600
20240202,12:32:18,44.75,250,33600
20240202,12:32:20,44.25,50,33600
20240202,12:32:22,44.85,550,33600
20240202,12:32:26,45.4,1100,33600
20240202,12:32:28,45.95,100,33600
20240202,12:32:30,46.1,200,33600
20240202,12:32:31,46.3,100,33600
20240202,12:32:33,46.75,300,33600
20240202,12:32:35,46.5,800,33600
20240202,12:32:36,46.5,50,33600
20240202,12:32:41,46.05,250,34400
20240202,12:32:43,45.95,100,34400
20240202,12:32:46,46.15,400,34400
20240202,12:32:48,46.05,200,34400
20240202,12:32:50,45.95,50,34400
20240202,12:32:54,45.95,750,34400
20240202,12:32:56,45.8,100,34400
20240202,12:32:58,46.15,200,34400
20240202,12:32:59,46.1,100,34400
20240202,12:33:01,46.15,150,34400
20240202,12:33:04,45.05,600,34400
20240202,12:33:06,45.05,100,34400
20240202,12:33:08,44.7,50,34400
20240202,12:33:13,44.85,500,34400
20240202,12:33:14,44.55,100,34400
20240202,12:33:16,44.9,1100,34400
20240202,12:33:18,44.75,600,34400
20240202,12:33:19,45.25,50,34400
20240202,12:33:23,44.9,350,34400
20240202,12:33:26,45.65,50,34400
20240202,12:33:29,45.95,250,34400
20240202,12:33:31,45.65,100,34400
20240202,12:33:33,45.35,100,34400
20240202,12:33:34,45.6,250,34400
20240202,12:33:38,45.75,150,34400
20240202,12:33:43,46.15,100,34400
20240202,12:33:44,46.1,100,34400
20240202,12:33:49,47.25,100,34400
20240202,12:33:51,47.25,250,34400
20240202,12:33:56,47.5,100,34400
20240202,12:33:58,47.4,100,34400
20240202,12:33:59,47.6,50,34400
20240202,12:34:01,47.9,50,34400
20240202,12:34:03,47.9,100,34400
20240202,12:34:04,47.4,200,34400
20240202,12:34:16,49.4,400,34400
20240202,12:34:29,50.75,50,34400
20240202,12:34:36,50.1,50,34400
20240202,12:34:54,50.3,150,34400
20240202,12:34:58,49.8,50,34400
20240202,12:34:59,49.5,100,34400
20240202,12:35:01,49.35,450,34400
20240202,12:35:03,49.0,100,34400
20240202,12:35:07,47.6,1500,34400
20240202,12:35:08,47.6,100,34400
20240202,12:35:10,48.0,250,34400
20240202,12:35:13,47.25,50,34400
20240202,12:35:15,47.0,600,34400
20240202,12:35:18,46.5,500,34400
20240202,12:35:25,44.6,250,34400
20240202,12:35:30,44.85,50,34400
20240202,12:35:32,44.85,100,34400
20240202,12:35:38,45.65,50,34400
20240202,12:35:40,45.0,200,34400
20240202,12:35:42,44.55,250,35950
20240202,12:35:43,44.55,1000,35950
20240202,12:35:50,43.85,100,35950
20240202,12:35:56,41.7,150,35950
20240202,12:35:58,41.9,50,35950
20240202,12:36:00,41.45,100,35950
20240202,12:36:01,41.45,150,35950
20240202,12:36:04,40.95,900,35950
20240202,12:36:06,41.3,50,35950
20240202,12:36:07,40.85,50,35950
20240202,12:36:09,40.55,1900,35950
20240202,12:36:11,40.15,100,35950
20240202,12:36:12,40.0,250,35950
20240202,12:36:14,40.3,250,35950
20240202,12:36:17,39.95,200,35950
20240202,12:36:22,39.3,200,35950
20240202,12:36:26,38.9,500,35950
20240202,12:36:27,38.8,100,35950
20240202,12:36:31,38.8,100,35950
20240202,12:36:32,39.95,150,35950
20240202,12:36:34,39.75,400,35950
20240202,12:36:37,39.45,100,35950
20240202,12:36:39,39.45,200,35950
20240202,12:36:41,39.65,100,35950
20240202,12:36:42,39.85,50,35950
20240202,12:36:44,39.8,100,35950
20240202,12:36:46,40.15,250,35950
20240202,12:36:47,39.8,50,35950
20240202,12:36:49,40.05,50,35950
20240202,12:36:54,40.45,250,35950
20240202,12:36:57,40.65,100,35950
20240202,12:36:59,40.6,100,35950
20240202,12:37:05,41.05,100,35950
20240202,12:37:08,41.1,100,35950
20240202,12:37:15,41.1,100,35950
20240202,12:37:16,41.8,150,35950
20240202,12:37:30,42.0,100,35950
20240202,12:37:31,42.3,100,35950
20240202,12:37:33,41.75,300,35950
20240202,12:37:35,41.3,100,35950
20240202,12:37:36,41.1,600,35950
20240202,12:37:38,41.3,700,35950
20240202,12:37:40,41.35,250,35950
20240202,12:37:41,41.8,300,35950
20240202,12:37:43,41.9,200,35950
20240202,12:37:45,41.7,450,35950
20240202,12:37:46,41.75,500,35950
20240202,12:37:48,42.2,50,35950
20240202,12:38:00,42.35,100,35950
20240202,12:38:01,42.15,50,35950
20240202,12:38:05,42.3,550,35950
20240202,12:38:06,41.9,50,35950
20240202,12:38:13,42.45,100,35950
20240202,12:38:23,42.9,200,35950
20240202,12:38:25,42.5,50,35950
20240202,12:38:35,43.5,100,35950
20240202,12:38:42,43.4,100,37900
20240202,12:38:48,42.7,50,37900
20240202,12:38:55,42.7,50,37900
20240202,12:39:07,44.25,600,37900
20240202,12:39:13,44.5,100,37900
20240202,12:39:15,44.1,400,37900
20240202,12:39:18,44.0,250,37900
20240202,12:39:22,42.6,350,37900
20240202,12:39:25,42.75,100,37900
20240202,12:39:28,42.9,300,37900
20240202,12:39:38,44.3,150,37900
20240202,12:39:58,46.95,200,37900
20240202,12:40:02,47.5,200,37900
20240202,12:40:03,47.75,300,37900
20240202,12:40:05,47.6,50,37900
20240202,12:40:10,48.1,700,37900
20240202,12:40:20,49.0,650,37900
20240202,12:40:25,49.75,550,37900
20240202,12:40:28,49.8,950,37900
20240202,12:40:33,48.95,200,37900
20240202,12:40:35,49.35,750,37900
20240202,12:40:38,49.7,500,37900
20240202,12:40:40,50.1,150,37900
20240202,12:40:41,49.95,50,37900
20240202,12:40:43,50.8,1650,37900
20240202,12:40:45,51.25,300,37900
20240202,12:40:47,51.15,50,37900
20240202,12:40:48,51.5,200,37900
20240202,12:40:50,51.05,550,37900
20240202,12:40:52,50.0,750,37900
20240202,12:40:57,50.65,150,37900
20240202,12:41:00,50.75,50,37900
20240202,12:41:02,50.4,100,37900
20240202,12:41:03,50.45,350,37900
20240202,12:41:07,50.65,350,37900
20240202,12:41:15,50.25,50,37900
20240202,12:41:17,50.15,50,37900
20240202,12:41:18,49.8,50,37900
20240202,12:41:28,49.6,100,37900
20240202,12:41:35,48.85,200,37900
20240202,12:41:43,48.65,50,39050
20240202,12:41:45,49.0,100,39050
20240202,12:41:47,48.7,50,39050
20240202,12:41:57,49.3,150,39050
20240202,12:42:03,48.95,50,39050
20240202,12:42:06,48.4,100,39050
20240202,12:42:10,47.3,50,39050
20240202,12:42:11,46.95,150,39050
20240202,12:42:13,46.1,1200,39050
20240202,12:42:15,46.0,100,39050
20240202,12:42:16,45.85,100,39050
20240202,12:42:21,45.45,150,39050
20240202,12:42:23,45.6,250,39050
20240202,12:42:26,46.05,100,39050
20240202,12:42:33,48.35,50,39050
20240202,12:42:39,48.2,400,39050
20240202,12:42:44,48.1,300,39050
20240202,12:42:51,49.05,300,39050
20240202,12:42:54,49.05,100,39050
20240202,12:42:56,49.5,1150,39050
20240202,12:43:00,48.8,150,39050
20240202,12:43:03,48.4,200,39050
20240202,12:43:13,49.0,50,39050
20240202,12:43:16,49.2,50,39050
20240202,12:43:18,49.25,450,39050
20240202,12:43:20,49.6,50,39050
20240202,12:43:21,49.8,50,39050
20240202,12:43:38,50.45,100,39050
20240202,12:43:43,50.05,200,39050
20240202,12:43:45,50.05,400,39050
20240202,12:43:48,49.9,850,39050
20240202,12:44:20,49.9,50,39050
20240202,12:44:28,49.8,350,39050
20240202,12:44:30,49.95,350,39050
20240202,12:45:01,50.85,350,41300
20240202,12:45:05,51.1,100,41300
20240202,12:45:16,51.0,100,41300
20240202,12:45:18,50.95,50,41300
20240202,12:45:28,50.75,200,41300
20240202,12:45:43,50.8,350,41300
20240202,12:46:16,50.55,50,41300
20240202,12:46:17,50.45,50,41300
20240202,12:46:22,50.35,150,41300
20240202,12:46:32,49.2,50,41300
20240202,12:46:44,48.4,100,41300
20240202,12:46:47,48.95,350,41300
20240202,12:46:49,48.65,100,41300
20240202,12:46:52,48.9,150,41300
20240202,12:47:03,48.7,150,41300
20240202,12:47:04,48.7,450,41300
20240202,12:47:06,48.5,50,41300
20240202,12:47:08,48.2,150,41300
20240202,12:47:13,47.35,100,41300
20240202,12:47:19,47.75,50,41300
20240202,12:47:21,48.1,100,41300
20240202,12:47:26,48.7,600,41300
20240202,12:47:29,48.55,100,41300
20240202,12:47:35,49.15,150,41300
20240202,12:47:38,48.65,50,41300
20240202,12:47:40,48.85,200,41300
20240202,12:47:45,48.3,100,40800
20240202,12:47:58,47.4,400,40800
20240202,12:48:06,47.65,100,40800
20240202,12:48:08,47.45,150,40800
20240202,12:48:09,47.55,50,40800
20240202,12:48:13,47.5,350,40800
20240202,12:48:14,47.3,100,40800
20240202,12:48:16,47.8,200,40800
20240202,12:48:18,47.35,50,40800
20240202,12:48:19,47.45,100,40800
20240202,12:48:23,46.9,100,40800
20240202,12:48:31,46.45,100,40800
20240202,12:48:34,46.65,1200,40800
20240202,12:48:36,46.75,50,40800
20240202,12:48:38,46.8,350,40800
20240202,12:48:39,46.4,50,40800
20240202,12:48:44,46.6,50,40800
20240202,12:48:48,46.8,1150,40800
20240202,12:48:54,46.7,50,40800
20240202,12:48:58,47.4,350,40800
20240202,12:48:59,47.1,400,40800
20240202,12:49:06,47.05,100,40800
20240202,12:49:16,45.95,200,40800
20240202,12:49:19,45.25,50,40800
20240202,12:49:26,45.65,100,40800
20240202,12:49:27,45.6,800,40800
20240202,12:49:29,45.9,100,40800
20240202,12:49:32,46.35,200,40800
20240202,12:49:36,46.65,1250,40800
20240202,12:49:41,46.0,100,40800
20240202,12:49:48,46.0,400,40800
20240202,12:49:51,45.95,100,40800
20240202,12:49:56,46.25,150,40800
20240202,12:49:58,46.4,350,40800
20240202,12:50:01,46.55,250,40800
20240202,12:50:07,46.4,50,40800
20240202,12:50:20,45.15,2050,40800
20240202,12:50:22,45.0,100,40800
20240202,12:50:29,44.2,150,40800
20240202,12:50:34,44.2,250,40800
20240202,12:50:37,44.15,350,40800
20240202,12:50:39,44.0,50,40800
20240202,12:50:40,44.5,50,40800
20240202,12:50:49,44.8,200,42500
20240202,12:51:04,45.85,1150,42500
20240202,12:51:14,46.5,100,42500
20240202,12:51:20,46.9,200,42500
20240202,12:51:27,47.35,50,42500
20240202,12:51:30,46.9,150,42500
20240202,12:51:34,47.15,100,42500
20240202,12:51:44,46.6,150,42500
20240202,12:51:54,47.1,350,42500
20240202,12:52:01,47.25,50,42500
20240202,12:52:06,46.75,1000,42500
20240202,12:52:09,46.95,50,42500
20240202,12:52:32,46.05,200,42500
20240202,12:52:36,45.95,350,42500
20240202,12:52:56,46.35,250,42500
20240202,12:53:12,46.8,300,42500
20240202,12:53:17,46.9,200,42500
20240202,12:53:46,46.4,100,41850
20240202,12:54:05,45.95,100,41850
20240202,12:54:39,46.05,150,41850
20240202,12:55:05,46.75,100,41850
20240202,12:55:06,46.75,150,41850
20240202,12:56:31,47.0,200,41850
20240202,12:56:37,47.15,100,41850
20240202,12:56:52,46.55,50,41700
20240202,12:57:07,47.1,200,41700
20240202,12:57:18,47.0,100,41700
20240202,12:57:25,47.25,500,41700
20240202,12:57:33,46.85,50,41700
20240202,12:57:38,47.0,50,41700
20240202,12:58:30,46.35,250,41700
20240202,12:58:37,46.05,350,41700
20240202,12:58:47,46.15,100,41700
20240202,12:58:49,45.85,150,41700
20240202,12:59:05,45.45,100,41700
20240202,12:59:10,45.45,100,41700
20240202,12:59:32,45.2,50,41700
20240202,13:00:01,44.7,50,41900
20240202,13:00:11,44.2,150,41900
20240202,13:00:18,44.15,250,41900
20240202,13:00:26,43.2,300,41900
20240202,13:00:30,43.9,500,41900
20240202,13:00:31,44.35,100,41900
20240202,13:00:35,44.0,100,41900
20240202,13:00:41,44.75,500,41900
20240202,13:00:46,45.0,50,41900
20240202,13:00:48,45.4,150,41900
20240202,13:00:51,45.25,50,41900
20240202,13:01:06,45.5,50,41900
20240202,13:01:10,45.9,150,41900
20240202,13:02:40,47.1,150,41900
20240202,13:02:55,46.35,350,41900
20240202,13:03:33,46.5,150,41700
20240202,13:04:05,47.35,100,41700
20240202,13:04:12,47.25,50,41700
20240202,13:04:28,47.05,50,41700
20240202,13:04:35,46.7,100,41700
20240202,13:05:49,44.85,1050,41900
20240202,13:05:54,45.35,150,41900
20240202,13:06:01,45.35,50,41900
20240202,13:06:02,45.4,150,41900
20240202,13:06:27,46.1,50,41900
20240202,13:06:41,46.35,350,41900
20240202,13:06:46,46.7,50,41900
20240202,13:06:48,46.55,50,41900
20240202,13:07:01,46.4,50,41900
20240202,13:07:21,47.0,400,41900
20240202,13:07:24,47.1,50,41900
20240202,13:07:41,47.15,200,41900
20240202,13:07:58,46.65,100,41900
20240202,13:08:16,46.25,100,41900
20240202,13:08:29,46.2,100,41900
20240202,13:08:43,46.45,100,41900
20240202,13:09:14,45.25,100,42500
20240202,13:09:24,44.7,300,42500
20240202,13:09:50,45.0,100,42500
20240202,13:09:57,45.3,450,42500
20240202,13:10:05,45.6,100,42500
20240202,13:10:08,45.8,150,42500
20240202,13:10:12,45.85,150,42500
20240202,13:10:13,45.75,250,42500
20240202,13:10:15,46.15,50,42500
20240202,13:10:18,46.2,250,42500
20240202,13:10:20,46.5,100,42500
20240202,13:10:22,46.15,900,42500
20240202,13:10:48,46.05,200,42500
20240202,13:10:58,45.9,100,42500
20240202,13:11:12,45.05,100,42500
20240202,13:11:17,45.25,200,42500
20240202,13:11:55,44.3,300,42500
20240202,13:12:03,45.9,300,43550
20240202,13:12:29,45.75,100,43550
20240202,13:12:37,45.25,50,43550
20240202,13:12:42,45.9,100,43550
20240202,13:13:51,44.05,100,43550
20240202,13:13:53,43.65,100,43550
20240202,13:13:55,43.3,50,43550
20240202,13:14:00,43.2,400,43550
20240202,13:14:01,43.6,100,43550
20240202,13:14:06,43.9,750,43550
20240202,13:14:08,43.45,150,43550
20240202,13:14:10,43.5,50,43550
20240202,13:14:13,43.05,100,43550
20240202,13:14:16,43.25,50,43550
20240202,13:14:20,43.25,300,43550
20240202,13:14:23,43.4,50,43550
20240202,13:14:26,43.55,250,43550
20240202,13:14:30,43.3,50,43550
20240202,13:14:31,43.1,300,43550
20240202,13:14:38,42.2,100,43550
20240202,13:14:40,42.05,100,43550
20240202,13:14:43,42.15,300,43550
20240202,13:14:56,42.2,50,42500
20240202,13:14:58,42.4,100,42500
20240202,13:15:00,41.85,750,42500
20240202,13:15:01,41.8,150,42500
20240202,13:15:03,41.75,150,42500
20240202,13:15:08,41.2,100,42500
20240202,13:15:13,41.3,100,42500
20240202,13:15:18,41.25,350,42500
20240202,13:15:20,41.25,50,42500
20240202,13:15:21,41.05,200,42500
20240202,13:15:31,41.4,550,42500
20240202,13:15:40,40.65,50,42500
20240202,13:15:41,40.4,500,42500
20240202,13:15:46,40.45,50,42500
20240202,13:15:53,40.65,300,42500
20240202,13:16:02,41.1,50,42500
20240202,13:16:16,41.65,100,42500
20240202,13:16:17,41.7,150,42500
20240202,13:16:39,42.75,450,42500
20240202,13:16:48,42.7,50,42500
20240202,13:17:16,42.45,800,42500
20240202,13:17:18,42.7,50,42500
20240202,13:17:36,42.85,250,42500
20240202,13:17:47,43.15,50,41450
20240202,13:17:59,43.05,400,41450
20240202,13:18:02,42.85,50,41450
20240202,13:18:14,42.95,50,41450
20240202,13:18:44,43.8,450,41450
20240202,13:19:17,43.75,50,41450
20240202,13:19:19,43.2,100,41450
20240202,13:19:26,43.3,50,41450
20240202,13:19:32,43.6,150,41450
20240202,13:19:54,43.6,1500,41450
20240202,13:20:01,42.9,350,41450
20240202,13:20:27,43.4,50,41450
20240202,13:20:34,43.35,150,41450
20240202,13:20:39,43.35,100,41450
20240202,13:20:52,42.9,50,40450
20240202,13:21:08,42.6,300,40450
20240202,13:21:10,42.65,150,40450
20240202,13:21:12,42.75,350,40450
20240202,13:21:13,42.95,50,40450
20240202,13:21:17,43.15,50,40450
20240202,13:21:18,43.0,100,40450
20240202,13:21:38,42.45,100,40450
20240202,13:21:40,42.5,1150,40450
20240202,13:21:43,42.3,50,40450
20240202,13:21:48,42.3,450,40450
20240202,13:21:55,42.3,450,40450
20240202,13:21:58,42.3,400,40450
20240202,13:22:02,42.15,50,40450
20240202,13:22:03,42.35,50,40450
20240202,13:22:10,42.45,250,40450
20240202,13:22:20,42.2,50,40450
20240202,13:22:37,42.0,550,40450
20240202,13:22:52,42.4,200,40450
20240202,13:23:03,42.9,100,40450
20240202,13:23:18,42.15,350,40450
20240202,13:23:23,42.0,50,40450
20240202,13:23:32,42.1,150,40450
20240202,13:23:33,42.3,350,40450
20240202,13:23:56,42.05,100,39600
20240202,13:24:13,42.05,100,39600
20240202,13:24:25,41.85,100,39600
20240202,13:25:22,40.9,150,39600
20240202,13:25:27,41.1,250,39600
20240202,13:25:50,40.0,1000,39600
20240202,13:25:52,40.05,400,39600
20240202,13:25:57,38.3,2800,39600
20240202,13:25:59,37.85,250,39600
20240202,13:26:00,37.55,200,39600
20240202,13:26:02,37.55,450,39600
20240202,13:26:03,38.2,200,39600
20240202,13:26:10,38.15,100,39600
20240202,13:26:12,38.05,350,39600
20240202,13:26:17,38.35,50,39600
20240202,13:26:20,38.5,450,39600
20240202,13:26:22,38.65,50,39600
20240202,13:26:23,38.65,50,39600
20240202,13:26:27,38.6,300,39600
20240202,13:26:50,39.0,350,39050
20240202,13:26:53,38.9,50,39050
20240202,13:26:55,38.85,150,39050
20240202,13:26:57,39.05,450,39050
20240202,13:27:00,39.0,700,39050
20240202,13:27:02,38.6,400,39050
20240202,13:27:10,38.85,200,39050
20240202,13:27:14,38.45,50,39050
20240202,13:27:19,38.35,100,39050
20240202,13:27:20,38.2,50,39050
20240202,13:27:32,38.8,150,39050
20240202,13:27:37,38.25,500,39050
20240202,13:27:40,37.95,250,39050
20240202,13:27:57,38.15,500,39050
20240202,13:28:10,38.55,950,39050
20240202,13:28:25,38.75,100,39050
20240202,13:28:39,38.95,150,39050
20240202,13:28:54,39.15,150,39050
20240202,13:29:05,39.9,100,39050
20240202,13:29:17,39.75,600,39050
20240202,13:29:19,40.2,100,39050
20240202,13:29:27,40.2,50,39050
20240202,13:29:34,40.3,50,39050
20240202,13:29:35,39.7,100,39050
20240202,13:29:37,39.95,150,39050
20240202,13:30:07,40.4,50,38800
20240202,13:30:22,40.05,100,38800
20240202,13:31:06,41.05,50,38800
20240202,13:31:15,40.45,450,38800
20240202,13:31:16,40.45,50,38800
20240202,13:31:20,40.25,100,38800
20240202,13:31:44,39.6,50,38800
20240202,13:31:49,39.35,50,38800
20240202,13:31:56,39.25,50,38800
20240202,13:32:01,39.35,150,38800
20240202,13:32:32,39.0,50,38800
20240202,13:32:34,38.8,50,38800
20240202,13:32:39,38.55,50,38800
20240202,13:32:44,38.4,50,38800
20240202,13:32:47,38.55,50,38550
20240202,13:32:49,38.65,50,38550
20240202,13:32:56,38.65,50,38550
20240202,13:32:57,38.9,50,38550
20240202,13:33:08,39.4,200,38550
20240202,13:33:15,39.55,900,38550
20240202,13:33:38,39.4,200,38550
20240202,13:33:46,39.5,100,38550
20240202,13:33:53,39.35,100,38550
20240202,13:34:01,39.5,200,38550
20240202,13:34:03,39.65,50,38550
20240202,13:34:10,39.3,200,38550
20240202,13:34:12,39.5,50,38550
20240202,13:34:13,39.35,100,38550
20240202,13:34:15,39.55,50,38550
20240202,13:34:17,39.45,50,38550
20240202,13:34:23,39.2,50,38550
20240202,13:34:30,39.1,100,38550
20240202,13:36:04,40.35,50,38200
20240202,13:36:14,40.3,150,38200
20240202,13:36:30,40.25,50,38200
20240202,13:37:12,40.7,100,38200
20240202,13:37:14,41.05,50,38200
20240202,13:37:37,41.1,250,38200
20240202,13:37:38,41.25,50,38200
20240202,13:37:40,41.25,150,38200
20240202,13:37:48,41.5,50,38200
20240202,13:38:02,41.7,50,38200
20240202,13:38:06,41.8,150,38200
20240202,13:38:21,41.45,50,38200
20240202,13:38:24,41.5,850,38200
20240202,13:38:36,42.0,100,38200
20240202,13:39:09,41.25,50,36900
20240202,13:39:11,41.35,50,36900
20240202,13:39:24,41.8,100,36900
20240202,13:39:54,41.8,100,36900
20240202,13:39:57,41.9,50,36900
20240202,13:39:59,41.9,150,36900
20240202,13:40:01,41.8,150,36900
20240202,13:40:02,42.1,300,36900
20240202,13:40:04,42.15,50,36900
20240202,13:40:07,42.15,50,36900
20240202,13:40:10,41.9,100,36900
20240202,13:40:15,41.6,150,36900
20240202,13:40:19,41.55,1050,36900
20240202,13:40:24,41.05,100,36900
20240202,13:40:33,40.95,100,36900
20240202,13:40:48,40.3,50,36900
20240202,13:40:52,40.0,900,36900
20240202,13:41:05,40.05,50,36900
20240202,13:41:16,39.0,150,36900
20240202,13:41:23,39.4,50,36900
20240202,13:41:33,39.2,50,36900
20240202,13:41:35,38.95,100,36900
20240202,13:41:55,39.4,50,36950
20240202,13:41:56,39.6,200,36950
20240202,13:42:15,39.75,50,36950
20240202,13:42:23,39.85,100,36950
20240202,13:42:38,39.9,50,36950
20240202,13:42:46,39.65,50,36950
20240202,13:44:09,39.55,100,36950
20240202,13:44:24,39.85,100,36950
20240202,13:45:00,39.7,50,36550
20240202,13:45:10,40.05,100,36550
20240202,13:45:21,39.9,50,36550
20240202,13:45:28,40.2,50,36550
20240202,13:45:41,40.15,100,36550
20240202,13:45:49,40.35,50,36550
20240202,13:47:00,41.35,50,36550
20240202,13:47:20,40.7,50,36550
20240202,13:47:44,40.2,400,36550
20240202,13:47:51,39.85,50,36550
20240202,13:47:57,40.55,50,36550
20240202,13:48:03,40.4,150,36550
20240202,13:49:04,40.55,50,36550
20240202,13:49:16,40.4,100,36550
20240202,13:49:24,39.7,50,36550
20240202,13:49:54,39.3,50,36550
20240202,13:49:55,39.4,100,36550
20240202,13:50:04,39.8,100,36550
20240202,13:50:07,39.5,800,36550
20240202,13:50:37,39.75,100,36550
20240202,13:50:59,39.0,50,36400
20240202,13:51:25,39.45,50,36400
20240202,13:51:30,39.15,50,36400
20240202,13:51:42,39.7,50,36400
20240202,13:51:44,39.6,150,36400
20240202,13:51:47,39.85,50,36400
20240202,13:52:56,39.95,50,36400
20240202,13:53:34,40.45,50,36400
20240202,13:53:36,40.35,50,36400
20240202,13:53:44,40.5,50,36400
20240202,13:54:19,41.1,50,36600
20240202,13:55:37,40.75,100,36600
20240202,13:56:08,41.6,500,36600
20240202,13:56:10,41.85,350,36600
20240202,13:56:54,41.3,50,36300
20240202,13:57:01,41.2,50,36300
20240202,13:57:04,41.2,50,36300
20240202,13:57:16,41.1,50,36300
20240202,13:57:39,40.95,50,36300
20240202,13:58:21,41.95,50,36300
20240202,13:58:59,42.25,100,36300
20240202,13:59:02,42.35,50,36300
20240202,13:59:19,42.4,100,36300
20240202,13:59:53,41.9,200,36300
20240202,14:00:04,41.3,50,36500
20240202,14:01:18,40.85,50,36500
20240202,14:01:25,41.3,50,36500
20240202,14:02:24,43.3,50,36500
20240202,14:02:40,42.65,150,36500
20240202,14:04:06,43.2,100,36500
20240202,14:04:09,42.85,250,36500
20240202,14:04:14,43.05,50,36500
20240202,14:04:17,43.0,50,36500
20240202,14:04:22,43.15,50,36500
20240202,14:04:26,42.8,100,36500
20240202,14:04:27,42.6,50,36500
20240202,14:04:29,42.5,300,36500
20240202,14:04:32,42.5,650,36500
20240202,14:04:34,42.75,50,36500
20240202,14:04:39,43.25,50,36500
20240202,14:04:44,43.15,50,36500
20240202,14:04:47,43.05,50,36500
20240202,14:04:52,42.65,100,36500
20240202,14:04:57,42.85,150,36500
20240202,14:05:26,43.2,150,36500
20240202,14:05:28,43.35,50,36500
20240202,14:06:30,43.2,100,36500
20240202,14:07:02,43.9,100,35600
20240202,14:07:07,44.2,250,35600
20240202,14:07:12,44.3,100,35600
20240202,14:07:17,44.8,100,35600
20240202,14:07:22,44.65,100,35600
20240202,14:07:27,45.0,50,35600
20240202,14:07:29,44.55,50,35600
20240202,14:07:34,44.8,50,35600
20240202,14:07:35,44.45,50,35600
20240202,14:07:40,44.5,50,35600
20240202,14:07:42,44.1,100,35600
20240202,14:07:45,44.5,250,35600
20240202,14:07:50,44.65,50,35600
20240202,14:07:55,44.9,100,35600
20240202,14:08:03,44.2,100,35600
20240202,14:08:28,44.45,50,35600
20240202,14:08:56,44.8,50,35600
20240202,14:09:04,45.15,100,34850
20240202,14:09:09,45.35,1100,34850
20240202,14:09:14,45.7,100,34850
20240202,14:09:19,45.95,150,34850
20240202,14:09:23,46.2,100,34850
20240202,14:09:28,46.1,100,34850
20240202,14:09:33,46.4,100,34850
20240202,14:09:34,46.0,400,34850
20240202,14:09:39,46.45,50,34850
20240202,14:09:44,46.35,50,34850
20240202,14:09:47,45.95,50,34850
20240202,14:09:51,45.75,100,34850
20240202,14:09:56,46.35,50,34850
20240202,14:09:57,45.85,50,34850
20240202,14:09:59,46.2,100,34850
20240202,14:10:02,46.35,50,34850
20240202,14:10:07,46.55,50,34850
20240202,14:10:12,46.7,50,34850
20240202,14:10:15,46.75,50,34850
20240202,14:10:19,46.4,100,34850
20240202,14:10:20,46.4,50,34850
20240202,14:10:25,46.7,50,34850
20240202,14:10:27,46.05,250,34850
20240202,14:10:29,45.9,150,34850
20240202,14:10:30,45.8,150,34850
20240202,14:10:35,46.05,50,34850
20240202,14:10:37,45.8,150,34850
20240202,14:10:39,45.7,200,34850
20240202,14:10:40,45.45,200,34850
20240202,14:10:54,45.2,200,34850
20240202,14:11:05,45.0,50,34850
20240202,14:11:07,45.35,50,34850
20240202,14:11:35,45.35,100,34850
20240202,14:11:40,45.25,200,34850
20240202,14:12:05,44.45,150,32550
20240202,14:12:06,44.65,50,32550
20240202,14:12:31,44.1,150,32550
20240202,14:12:33,43.95,150,32550
20240202,14:12:53,44.5,100,32550
20240202,14:12:58,44.25,200,32550
20240202,14:13:03,44.0,150,32550
20240202,14:13:04,43.65,450,32550
20240202,14:13:09,43.95,100,32550
20240202,14:14:08,44.55,50,32550
20240202,14:14:11,44.3,50,32550
20240202,14:14:21,44.95,100,32550
20240202,14:14:23,44.95,100,32550
20240202,14:14:39,45.5,100,32550
20240202,14:14:46,45.65,50,32550
20240202,14:15:56,44.8,150,32650
20240202,14:16:26,44.7,50,32650
20240202,14:16:31,44.7,50,32650
20240202,14:16:34,44.95,50,32650
20240202,14:16:38,45.05,100,32650
20240202,14:16:48,45.4,50,32650
20240202,14:16:53,45.15,50,32650
20240202,14:16:56,45.2,150,32650
20240202,14:17:11,45.9,50,32650
20240202,14:17:33,46.2,50,32650
20240202,14:17:41,46.2,100,32650
20240202,14:18:16,45.35,50,32450
20240202,14:18:22,45.75,50,32450
20240202,14:18:59,44.6,50,32450
20240202,14:19:10,43.65,50,32450
20240202,14:19:57,43.5,50,32450
20240202,14:20:00,43.7,100,32450
20240202,14:20:07,44.0,200,32450
20240202,14:20:10,43.95,50,32450
20240202,14:20:12,43.8,50,32450
20240202,14:21:01,43.8,150,32800
20240202,14:21:25,43.7,50,32800
20240202,14:21:31,43.75,50,32800
20240202,14:21:58,43.75,50,32800
20240202,14:22:43,42.95,50,32800
20240202,14:23:43,42.05,50,32800
20240202,14:23:51,42.1,50,32800
20240202,14:23:58,42.05,50,32700
20240202,14:24:12,41.75,50,32700
20240202,14:24:55,42.75,50,32700
20240202,14:25:16,43.05,50,32700
20240202,14:26:53,42.7,50,32700
20240202,14:26:58,43.0,50,32650
20240202,14:27:33,41.85,50,32650
20240202,14:27:35,41.7,1000,32650
20240202,14:28:04,42.45,100,32650
20240202,14:28:07,42.45,100,32650
20240202,14:28:14,42.0,500,32650
20240202,14:29:03,40.95,100,32650
20240202,14:29:04,40.65,300,32650
20240202,14:29:06,40.75,100,32650
20240202,14:29:32,40.4,50,32650
20240202,14:30:30,40.8,50,33500
20240202,14:30:34,40.95,50,33500
20240202,14:30:45,41.05,50,33500
20240202,14:31:28,40.3,400,33500
20240202,14:31:35,40.4,100,33500
20240202,14:31:43,40.25,50,33500
20240202,14:31:44,40.4,200,33500
20240202,14:31:59,40.25,100,33500
20240202,14:32:03,40.3,50,33500
20240202,14:32:14,40.0,500,33500
20240202,14:32:17,40.0,700,33500
20240202,14:32:46,39.4,300,33500
20240202,14:33:35,39.2,100,32500
20240202,14:33:42,39.65,100,32500
20240202,14:33:52,39.7,100,32500
20240202,14:33:57,39.7,50,32500
20240202,14:34:27,39.7,500,32500
20240202,14:35:20,39.7,50,32500
20240202,14:35:49,40.0,50,32500
20240202,14:36:24,40.65,50,32400
20240202,14:36:34,40.95,50,32400
20240202,14:37:08,42.0,300,32400
20240202,14:37:28,42.5,50,32400
20240202,14:37:38,42.1,700,32400
20240202,14:37:47,42.25,50,32400
20240202,14:37:48,42.45,50,32400
20240202,14:38:17,42.25,100,32400
20240202,14:38:24,41.85,50,32400
20240202,14:39:06,42.35,650,32350
20240202,14:39:10,42.0,50,32350
20240202,14:39:17,41.7,50,32350
20240202,14:40:17,42.15,50,32350
20240202,14:40:28,42.3,150,32350
20240202,14:41:06,42.0,100,32350
20240202,14:41:25,42.25,50,32350
20240202,14:41:27,42.45,100,32350
20240202,14:41:39,43.0,250,32350
20240202,14:41:45,42.95,50,32350
20240202,14:41:52,42.95,50,32350
20240202,14:43:34,43.9,50,32350
20240202,14:43:37,44.25,50,31250
20240202,14:43:51,44.6,50,31250
20240202,14:44:09,45.15,50,31250
20240202,14:44:39,44.6,100,31250
20240202,14:45:12,45.05,50,31250
20240202,14:45:26,45.55,50,31250
20240202,14:46:01,45.05,50,31250
20240202,14:46:11,45.05,50,31250
20240202,14:47:21,44.95,1000,31250
20240202,14:48:09,45.55,50,30250
20240202,14:48:22,45.3,100,30250
20240202,14:49:46,46.0,150,30250
20240202,14:50:26,45.75,100,30250
20240202,14:50:52,43.8,1100,30250
20240202,14:50:57,44.3,50,30250
20240202,14:51:09,43.3,50,31400
20240202,14:51:32,43.0,300,31400
20240202,14:51:33,43.0,100,31400
20240202,14:52:10,43.6,50,31400
20240202,14:52:11,43.45,50,31400
20240202,14:52:28,43.7,100,31400
20240202,14:52:31,43.35,100,31400
20240202,14:52:36,43.4,50,31400
20240202,14:52:48,43.0,250,31400
20240202,14:52:56,41.95,50,31400
20240202,14:53:25,40.9,50,31400
20240202,14:53:33,39.35,50,31400
20240202,14:53:38,39.0,250,31400
20240202,14:53:41,38.35,100,31400
20240202,14:53:43,38.35,100,31400
20240202,14:54:15,38.55,50,32150
20240202,14:54:18,38.65,50,32150
20240202,14:54:21,38.55,50,32150
20240202,14:54:31,38.7,150,32150
20240202,14:54:38,38.45,50,32150
20240202,14:54:53,38.45,50,32150
20240202,14:54:58,38.55,50,32150
20240202,14:55:00,39.05,300,32150
20240202,14:55:01,38.85,100,32150
20240202,14:55:21,37.75,100,32150
20240202,14:55:23,37.95,100,32150
20240202,14:55:25,38.15,50,32150
20240202,14:55:26,37.95,100,32150
20240202,14:55:28,38.5,300,32150
20240202,14:55:38,38.25,50,32150
20240202,14:55:40,38.35,50,32150
20240202,14:55:51,38.4,100,32150
20240202,14:55:56,38.0,200,32150
20240202,14:56:00,37.95,50,32150
20240202,14:56:03,38.0,50,32150
20240202,14:56:48,35.4,250,32150
20240202,14:56:56,34.55,150,32150
20240202,14:57:01,34.55,50,31850
20240202,14:57:06,33.85,100,31850
20240202,14:57:10,33.9,50,31850
20240202,14:57:16,34.9,50,31850
20240202,14:57:51,34.0,50,31850
20240202,14:58:00,33.75,100,31850
20240202,14:58:01,33.75,100,31850
20240202,14:58:08,34.5,500,31850
20240202,14:58:17,34.85,700,31850
20240202,14:58:23,34.8,50,31850
20240202,14:58:33,34.75,50,31850
20240202,14:58:35,35.0,50,31850
20240202,14:58:52,34.3,200,31850
20240202,14:58:57,34.35,50,31850
20240202,14:59:00,34.5,450,31850
20240202,14:59:16,35.05,100,31850
20240202,14:59:35,35.05,100,31850
20240202,14:59:58,35.75,350,31850
20240202,15:00:00,36.2,350,31350
20240202,15:00:07,36.2,100,31350
20240202,15:00:08,36.3,50,31350
20240202,15:00:13,36.9,50,31350
20240202,15:00:15,37.2,50,31350
20240202,15:00:18,37.65,50,31350
20240202,15:00:28,39.0,500,31350
20240202,15:00:30,39.9,250,31350
20240202,15:00:32,39.35,350,31350
20240202,15:00:33,38.45,300,31350
20240202,15:00:35,38.6,150,31350
20240202,15:00:37,38.75,650,31350
20240202,15:00:42,38.75,150,31350
20240202,15:00:45,38.5,50,31350
20240202,15:00:47,38.05,50,31350
20240202,15:00:48,37.25,500,31350
20240202,15:00:50,37.1,100,31350
20240202,15:00:52,36.85,200,31350
20240202,15:00:53,36.6,50,31350
20240202,15:00:55,36.7,50,31350
20240202,15:00:57,36.8,150,31350
20240202,15:01:00,38.0,150,31350
20240202,15:01:02,38.3,150,31350
20240202,15:01:04,38.3,150,31350
20240202,15:01:06,38.75,400,31350
20240202,15:01:08,38.7,300,31350
20240202,15:01:09,38.35,300,31350
20240202,15:01:11,38.5,150,31350
20240202,15:01:13,38.75,250,31350
20240202,15:01:14,38.55,50,31350
20240202,15:01:23,38.75,50,31350
20240202,15:01:29,37.85,150,31350
20240202,15:01:31,37.9,300,31350
20240202,15:01:43,37.6,50,31350
20240202,15:01:46,37.95,200,31350
20240202,15:01:48,37.85,100,31350
20240202,15:01:49,37.8,150,31350
20240202,15:01:53,37.85,100,31350
20240202,15:01:54,37.7,50,31350
20240202,15:01:56,37.95,50,31350
20240202,15:01:58,38.1,350,31350
20240202,15:02:01,38.1,50,31350
20240202,15:02:08,37.65,100,31350
20240202,15:02:16,37.1,100,31350
20240202,15:02:18,36.85,100,31350
20240202,15:02:21,36.5,50,31350
20240202,15:02:28,35.95,100,31350
20240202,15:02:38,35.2,100,31350
20240202,15:02:43,36.0,350,31350
20240202,15:02:46,36.15,50,31350
20240202,15:02:50,36.15,50,31350
20240202,15:02:51,36.5,500,31350
20240202,15:02:53,36.15,300,31350
20240202,15:02:55,36.3,100,31350
20240202,15:02:58,36.0,250,31350
20240202,15:03:00,36.35,100,31350
20240202,15:03:01,36.4,100,30850
20240202,15:03:04,36.05,100,30850
20240202,15:03:06,36.15,300,30850
20240202,15:03:08,36.2,150,30850
20240202,15:03:11,36.45,150,30850
20240202,15:03:14,35.55,150,30850
20240202,15:03:16,35.5,50,30850
20240202,15:03:21,35.6,650,30850
20240202,15:03:23,35.5,200,30850
20240202,15:03:24,35.1,50,30850
20240202,15:03:26,35.2,350,30850
20240202,15:03:33,34.95,50,30850
20240202,15:03:38,34.9,50,30850
20240202,15:03:39,35.2,100,30850
20240202,15:03:41,35.45,150,30850
20240202,15:03:44,35.2,100,30850
20240202,15:03:46,35.35,50,30850
20240202,15:03:48,35.4,100,30850
20240202,15:03:51,35.35,100,30850
20240202,15:03:58,35.45,550,30850
20240202,15:03:59,35.3,150,30850
20240202,15:04:03,34.75,100,30850
20240202,15:04:09,34.5,100,30850
20240202,15:04:13,34.9,250,30850
20240202,15:04:14,35.05,200,30850
20240202,15:04:16,35.35,300,30850
20240202,15:04:18,35.05,300,30850
20240202,15:04:20,34.7,50,30850
20240202,15:04:33,34.85,50,30850
20240202,15:04:51,35.35,50,30850
20240202,15:04:56,35.6,100,30850
20240202,15:05:03,36.05,100,30850
20240202,15:05:05,35.8,200,30850
20240202,15:05:06,36.0,50,30850
20240202,15:05:20,36.05,50,30850
20240202,15:05:21,35.6,50,30850
20240202,15:05:26,35.35,50,30850
20240202,15:05:40,36.25,50,30850
20240202,15:05:51,36.25,100,30850
20240202,15:05:53,36.5,100,30850
20240202,15:05:56,36.5,150,30850
20240202,15:06:11,36.65,150,30350
20240202,15:06:16,36.8,50,30350
20240202,15:06:23,36.9,100,30350
20240202,15:06:25,37.15,50,30350
20240202,15:06:28,37.15,300,30350
20240202,15:06:38,37.4,200,30350
20240202,15:06:46,37.4,100,30350
20240202,15:06:48,37.3,50,30350
20240202,15:06:55,37.55,50,30350
20240202,15:07:04,38.1,100,30350
20240202,15:07:19,37.85,50,30350
20240202,15:07:23,37.85,200,30350
20240202,15:07:46,38.15,100,30350
20240202,15:07:49,38.35,50,30350
20240202,15:08:01,37.85,50,30350
20240202,15:08:19,37.1,200,30350
20240202,15:08:22,36.9,100,30350
20240202,15:08:25,37.2,50,30350
20240202,15:08:30,37.3,50,30350
20240202,15:08:45,38.25,50,30350
20240202,15:08:49,37.95,100,30350
20240202,15:08:52,37.7,50,30350
20240202,15:08:57,37.5,100,30350
20240202,15:09:00,37.35,50,30700
20240202,15:09:10,37.6,150,30700
20240202,15:09:22,38.35,150,30700
20240202,15:09:33,38.4,100,30700
20240202,15:09:38,38.25,150,30700
20240202,15:09:43,38.45,50,30700
20240202,15:10:08,38.75,100,30700
20240202,15:10:22,38.4,100,30700
20240202,15:10:27,38.15,100,30700
20240202,15:10:31,38.55,150,30700
20240202,15:10:32,38.2,150,30700
20240202,15:10:37,38.35,50,30700
20240202,15:11:03,38.6,150,30700
20240202,15:11:05,38.8,150,30700
20240202,15:11:07,38.55,50,30700
20240202,15:11:12,38.9,50,30700
20240202,15:11:15,38.8,250,30700
20240202,15:11:40,38.6,50,30700
20240202,15:11:47,38.9,50,30700
20240202,15:11:52,39.1,50,30700
20240202,15:11:55,39.5,500,30700
20240202,15:12:02,39.35,50,31300
20240202,15:12:46,38.0,550,31300
20240202,15:12:49,38.2,300,31300
20240202,15:13:01,37.7,100,31300
20240202,15:13:04,37.65,50,31300
20240202,15:13:09,37.6,150,31300
20240202,15:13:19,37.65,50,31300
20240202,15:13:21,37.25,50,31300
20240202,15:13:26,37.0,700,31300
20240202,15:13:36,37.85,100,31300
20240202,15:13:39,37.45,50,31300
20240202,15:13:51,37.75,50,31300
20240202,15:14:01,38.05,2050,31300
20240202,15:14:06,38.35,50,31300
20240202,15:14:07,38.35,50,31300
20240202,15:14:09,38.3,300,31300
20240202,15:14:14,38.25,50,31300
20240202,15:14:24,37.9,100,31300
20240202,15:14:34,37.65,50,31300
20240202,15:14:37,37.7,50,31300
20240202,15:14:57,37.35,50,31300
20240202,15:15:00,37.4,200,31300
20240202,15:15:03,37.1,250,30450
20240202,15:15:07,36.9,350,30450
20240202,15:15:25,36.6,50,30450
20240202,15:15:30,36.75,50,30450
20240202,15:15:34,36.95,200,30450
20240202,15:15:35,36.85,50,30450
20240202,15:16:04,37.9,3000,30450
20240202,15:16:05,37.5,300,30450
20240202,15:16:14,37.55,100,30450
20240202,15:16:15,37.35,100,30450
20240202,15:16:40,37.9,50,30450
20240202,15:17:02,37.6,100,30450
20240202,15:17:12,37.85,50,30450
20240202,15:17:18,37.7,250,30450
20240202,15:17:22,37.35,50,30450
20240202,15:17:28,37.7,2500,30450
20240202,15:17:47,37.65,300,30450
20240202,15:17:50,37.6,100,30450
20240202,15:17:56,37.55,50,30450
20240202,15:18:12,37.75,50,27300
20240202,15:18:22,37.3,150,27300
20240202,15:18:29,37.0,650,27300
20240202,15:18:47,37.2,50,27300
20240202,15:18:49,36.75,150,27300
20240202,15:18:56,36.65,50,27300
20240202,15:19:02,36.75,100,27300
20240202,15:19:11,37.1,250,27300
20240202,15:19:14,36.55,50,27300
20240202,15:19:22,36.45,50,27300
20240202,15:19:34,36.45,100,27300
20240202,15:19:41,36.25,50,27300
20240202,15:19:44,36.45,50,27300
20240202,15:19:47,36.15,50,27300
20240202,15:19:51,36.35,200,27300
20240202,15:19:54,36.4,150,27300
20240202,15:20:01,36.6,50,27300
20240202,15:20:11,36.95,2000,27300
20240202,15:20:12,36.85,50,27300
20240202,15:20:16,36.9,50,27300
20240202,15:20:17,36.85,150,27300
20240202,15:20:52,37.45,200,27300
20240202,15:21:14,37.2,50,26600
20240202,15:21:32,37.0,50,26600
20240202,15:21:38,36.65,450,26600
20240202,15:21:40,36.85,200,26600
20240202,15:21:43,36.65,50,26600
20240202,15:21:45,36.85,50,26600
20240202,15:21:47,36.55,150,26600
20240202,15:21:48,36.6,200,26600
20240202,15:22:03,36.5,250,26600
20240202,15:22:19,36.15,50,26600
20240202,15:22:26,35.75,100,26600
20240202,15:22:56,36.25,800,26600
20240202,15:23:19,36.45,450,26600
20240202,15:23:27,36.1,200,26600
20240202,15:23:45,36.1,50,26600
20240202,15:23:49,36.0,50,26600
20240202,15:23:50,36.05,50,26600
20240202,15:23:57,35.85,1000,26600
20240202,15:24:08,36.1,50,25600
20240202,15:24:15,35.5,100,25600
20240202,15:24:23,35.5,50,25600
20240202,15:24:43,35.65,100,25600
20240202,15:24:49,36.0,450,25600
20240202,15:24:59,35.85,100,25600
20240202,15:25:01,35.8,100,25600
20240202,15:25:17,35.5,350,25600
20240202,15:25:32,35.0,200,25600
20240202,15:25:38,34.95,50,25600
20240202,15:25:42,34.3,400,25600
20240202,15:25:51,34.05,100,25600
20240202,15:25:56,34.0,950,25600
20240202,15:26:05,34.1,150,25600
20240202,15:26:08,34.05,300,25600
20240202,15:26:09,34.15,900,25600
20240202,15:26:11,34.2,400,25600
20240202,15:26:17,34.3,50,25600
20240202,15:26:29,33.95,950,25600
20240202,15:26:34,33.95,150,25600
20240202,15:26:42,33.7,50,25600
20240202,15:26:45,33.7,300,25600
20240202,15:26:47,33.95,700,25600
20240202,15:27:18,34.3,50,21500
20240202,15:27:23,34.3,150,21500
20240202,15:27:24,34.3,100,21500
20240202,15:27:32,34.8,100,21500
20240202,15:27:36,34.8,400,21500
20240202,15:27:44,35.05,400,21500
20240202,15:28:07,34.95,100,21500
20240202,15:28:40,35.15,100,21500
20240202,15:28:48,35.1,150,21500
20240202,15:29:03,34.85,250,21500
20240202,15:29:13,35.55,50,21500
20240202,15:29:15,35.6,250,21500
20240202,15:29:33,35.7,50,21500
20240202,15:29:46,35.2,100,21500
20240205,09:15:12,37.65,1,22100
20240205,09:15:12,35.0,1,22100
20240205,09:15:12,35.75,250,22100
20240205,09:15:24,38.0,450,22100
20240205,09:15:36,37.0,50,22100
20240205,09:15:45,32.85,150,22100
20240205,09:15:55,32.05,100,22100
20240205,09:16:03,31.65,150,22100
20240205,09:16:11,31.65,50,22100
20240205,09:16:22,32.3,100,22000
20240205,09:16:30,32.3,50,22000
20240205,09:16:39,32.45,100,22000
20240205,09:17:08,33.25,400,22000
20240205,09:17:17,33.4,100,22000
20240205,09:17:25,34.65,300,22000
20240205,09:17:36,35.25,300,22000
20240205,09:17:44,35.2,1150,22000
20240205,09:17:51,34.85,300,22000
20240205,09:18:00,35.35,150,22000
20240205,09:18:06,34.95,200,22000
20240205,09:18:09,34.8,50,22000
20240205,09:18:18,35.1,50,22000
20240205,09:18:23,34.8,100,22000
20240205,09:18:24,34.75,1000,22000
20240205,09:18:29,34.8,150,22000
20240205,09:18:33,34.75,50,22000
20240205,09:18:34,34.85,150,22000
20240205,09:18:36,34.8,250,22000
20240205,09:18:38,35.05,150,22000
20240205,09:18:43,35.1,50,22000
20240205,09:18:48,34.65,100,22000
20240205,09:18:49,34.45,200,22000
20240205,09:18:51,34.35,50,22000
20240205,09:18:58,34.05,250,22000
20240205,09:19:02,34.2,50,22000
20240205,09:19:09,34.0,150,22000
20240205,09:19:12,34.25,150,22950
20240205,09:19:14,33.8,100,22950
20240205,09:19:16,33.75,50,22950
20240205,09:19:19,33.55,100,22950
20240205,09:19:22,33.8,50,22950
20240205,09:19:26,34.15,300,22950
20240205,09:19:27,33.9,50,22950
20240205,09:19:31,34.0,50,22950
20240205,09:19:37,33.9,50,22950
20240205,09:19:46,33.9,150,22950
20240205,09:19:47,34.05,100,22950
20240205,09:19:54,34.15,50,22950
20240205,09:20:01,34.6,250,22950
20240205,09:20:05,34.65,50,22950
20240205,09:20:07,34.55,50,22950
20240205,09:20:14,34.2,100,22950
20240205,09:20:17,34.15,50,22950
20240205,09:20:20,34.05,250,22950
20240205,09:20:22,34.25,50,22950
20240205,09:20:37,35.3,100,22950
20240205,09:20:47,35.45,50,22950
20240205,09:20:54,35.25,50,22950
20240205,09:21:01,34.95,200,22950
20240205,09:21:09,35.5,50,22950
20240205,09:21:11,35.45,100,22950
20240205,09:21:12,35.2,350,22950
20240205,09:21:17,35.4,50,22950
20240205,09:21:19,35.3,100,22950
20240205,09:21:20,34.85,600,22950
20240205,09:21:22,35.15,100,22950
20240205,09:21:25,35.05,50,22950
20240205,09:21:29,34.7,200,22950
20240205,09:21:34,34.35,100,22950
20240205,09:21:37,34.45,50,22950
20240205,09:21:42,34.55,100,22950
20240205,09:21:45,34.35,100,22950
20240205,09:21:49,34.05,350,22950
20240205,09:21:57,34.35,600,22950
20240205,09:21:59,34.3,150,22950
20240205,09:22:00,34.1,150,22950
20240205,09:22:07,34.25,50,22950
20240205,09:22:12,34.4,50,24100
20240205,09:22:17,34.05,50,24100
20240205,09:22:19,34.1,100,24100
20240205,09:22:20,34.2,150,24100
20240205,09:22:24,34.5,250,24100
20240205,09:22:27,34.15,150,24100
20240205,09:22:29,33.95,100,24100
20240205,09:22:30,34.05,50,24100
20240205,09:22:32,33.75,300,24100
20240205,09:22:34,33.9,50,24100
20240205,09:22:35,33.65,50,24100
20240205,09:22:42,34.0,50,24100
20240205,09:22:44,34.15,50,24100
20240205,09:22:47,34.0,100,24100
20240205,09:22:49,34.25,50,24100
20240205,09:22:54,33.95,100,24100
20240205,09:22:57,34.05,400,24100
20240205,09:22:59,33.85,150,24100
20240205,09:23:05,33.8,150,24100
20240205,09:23:09,33.65,50,24100
20240205,09:23:12,33.7,50,24100
20240205,09:23:22,34.0,400,24100
20240205,09:23:24,34.2,100,24100
20240205,09:23:29,34.15,50,24100
20240205,09:23:45,34.7,50,24100
20240205,09:23:47,35.2,450,24100
20240205,09:23:50,35.35,50,24100
20240205,09:23:54,35.45,100,24100
20240205,09:23:55,35.3,50,24100
20240205,09:24:12,35.3,50,24100
20240205,09:24:14,35.25,50,24100
20240205,09:24:22,35.2,200,24100
20240205,09:24:25,35.1,50,24100
20240205,09:24:42,35.2,50,24100
20240205,09:24:49,35.5,50,24100
20240205,09:24:50,35.45,100,24100
20240205,09:24:52,35.45,50,24100
20240205,09:24:54,35.45,50,24100
20240205,09:24:55,35.65,100,24100
20240205,09:25:00,35.4,150,24100
20240205,09:25:02,35.35,100,24100
20240205,09:25:05,35.35,100,24100
20240205,09:25:10,35.4,50,24100
20240205,09:25:12,35.5,100,25100
20240205,09:25:14,35.5,150,25100
20240205,09:25:20,35.75,600,25100
20240205,09:25:22,35.95,50,25100
20240205,09:25:24,35.7,50,25100
20240205,09:25:29,36.25,50,25100
20240205,09:25:30,36.25,50,25100
20240205,09:25:34,36.7,250,25100
20240205,09:25:35,36.6,150,25100
20240205,09:25:40,36.8,50,25100
20240205,09:25:42,36.6,300,25100
20240205,09:25:47,36.75,450,25100
20240205,09:25:52,37.35,100,25100
20240205,09:25:57,38.3,150,25100
20240205,09:26:02,38.75,100,25100
20240205,09:26:04,39.0,150,25100
20240205,09:26:06,38.75,1100,25100
20240205,09:26:07,39.05,450,25100
20240205,09:26:09,39.05,250,25100
20240205,09:26:11,39.5,150,25100
20240205,09:26:12,39.5,50,25100
20240205,09:26:14,39.0,200,25100
20240205,09:26:16,39.2,50,25100
20240205,09:26:17,39.55,500,25100
20240205,09:26:19,39.75,50,25100
20240205,09:26:24,40.25,50,25100
20240205,09:26:27,41.25,600,25100
20240205,09:26:29,41.4,100,25100
20240205,09:26:32,41.55,700,25100
20240205,09:26:34,41.75,50,25100
20240205,09:26:36,41.75,100,25100
20240205,09:26:39,41.1,150,25100
20240205,09:26:41,40.95,50,25100
20240205,09:26:42,41.15,150,25100
20240205,09:26:44,41.05,300,25100
20240205,09:26:56,43.1,50,25100
20240205,09:26:59,43.6,1400,25100
20240205,09:27:01,43.6,100,25100
20240205,09:27:02,43.7,100,25100
20240205,09:27:04,43.45,50,25100
20240205,09:27:06,43.2,50,25100
20240205,09:27:07,42.95,150,25100
20240205,09:27:09,43.05,50,25100
20240205,09:27:12,42.45,250,25100
20240205,09:27:16,42.75,350,25100
20240205,09:27:26,43.15,200,25100
20240205,09:27:31,43.25,50,25100
20240205,09:27:32,43.15,250,25100
20240205,09:27:37,43.15,300,25100
20240205,09:27:42,43.1,50,25100
20240205,09:27:47,43.1,50,25100
20240205,09:27:52,43.25,50,25100
20240205,09:28:06,42.65,100,25100
20240205,09:28:07,41.6,100,25100
20240205,09:28:09,41.55,800,25100
20240205,09:28:16,41.25,300,32500
20240205,09:28:21,41.15,100,32500
20240205,09:28:26,41.25,150,32500
20240205,09:28:31,40.6,550,32500
20240205,09:28:32,40.5,50,32500
20240205,09:28:34,40.3,150,32500
20240205,09:28:37,40.05,50,32500
20240205,09:28:51,39.1,400,32500
20240205,09:28:59,38.6,450,32500
20240205,09:29:02,38.35,50,32500
20240205,09:29:05,38.5,50,32500
20240205,09:29:14,39.7,50,32500
20240205,09:29:17,39.85,50,32500
20240205,09:29:20,39.95,50,32500
20240205,09:29:24,40.25,50,32500
20240205,09:29:29,40.65,150,32500
20240205,09:29:30,40.8,150,32500
20240205,09:29:35,41.25,100,32500
20240205,09:29:39,41.0,50,32500
20240205,09:29:44,40.85,500,32500
20240205,09:29:46,41.15,150,32500
20240205,09:30:01,41.45,250,32500
20240205,09:30:02,41.5,100,32500
20240205,09:30:04,41.0,100,32500
20240205,09:30:09,40.6,100,32500
20240205,09:30:12,40.8,100,32500
20240205,09:30:14,40.75,50,32500
20240205,09:30:16,40.35,50,32500
20240205,09:30:17,40.35,50,32500
20240205,09:30:19,40.65,50,32500
20240205,09:30:21,40.55,150,32500
20240205,09:30:27,38.8,150,32500
20240205,09:30:29,38.55,150,32500
20240205,09:30:31,38.95,100,32500
20240205,09:30:32,38.7,700,32500
20240205,09:30:34,38.95,100,32500
20240205,09:30:37,38.95,250,32500
20240205,09:30:39,38.8,400,32500
20240205,09:30:45,37.8,50,32500
20240205,09:30:55,38.1,50,32500
20240205,09:30:57,37.8,50,32500
20240205,09:31:02,38.1,50,32500
20240205,09:31:03,38.0,50,32500
20240205,09:31:07,37.3,50,32500
20240205,09:31:08,36.8,50,32500
20240205,09:31:10,37.15,50,32500
20240205,09:31:15,37.5,50,33200
20240205,09:31:17,37.5,50,33200
20240205,09:31:37,38.15,50,33200
20240205,09:31:42,38.25,100,33200
20240205,09:31:47,38.55,50,33200
20240205,09:31:48,38.8,100,33200
20240205,09:31:57,39.35,100,33200
20240205,09:31:58,39.55,300,33200
20240205,09:32:07,39.05,50,33200
20240205,09:32:20,38.0,50,33200
20240205,09:32:22,38.0,50,33200
20240205,09:32:32,37.55,100,33200
20240205,09:32:37,37.6,900,33200
20240205,09:32:40,37.4,150,33200
20240205,09:32:44,37.0,500,33200
20240205,09:32:45,37.1,150,33200
20240205,09:32:50,37.0,50,33200
20240205,09:32:54,36.75,100,33200
20240205,09:32:55,36.35,100,33200
20240205,09:32:57,36.35,250,33200
20240205,09:32:59,36.25,100,33200
20240205,09:33:02,36.0,100,33200
20240205,09:33:04,35.55,50,33200
20240205,09:33:07,35.9,1100,33200
20240205,09:33:09,35.55,850,33200
20240205,09:33:14,35.55,50,33200
20240205,09:33:15,35.65,250,33200
20240205,09:33:19,35.95,150,33200
20240205,09:33:20,35.85,300,33200
20240205,09:33:22,35.95,50,33200
20240205,09:33:45,37.4,250,33200
20240205,09:33:49,37.55,50,33200
20240205,09:33:50,37.5,50,33200
20240205,09:33:54,37.4,200,33200
20240205,09:33:57,37.15,800,33200
20240205,09:33:59,37.1,50,33200
20240205,09:34:04,36.6,100,33200
20240205,09:34:09,36.45,50,33200
20240205,09:34:10,36.45,100,33200
20240205,09:34:14,36.35,50,32450
20240205,09:34:27,36.75,100,32450
20240205,09:34:29,36.4,50,32450
20240205,09:34:34,36.55,50,32450
20240205,09:34:37,36.3,50,32450
20240205,09:34:39,36.2,200,32450
20240205,09:34:40,36.15,50,32450
20240205,09:34:42,35.95,100,32450
20240205,09:34:50,36.05,100,32450
20240205,09:35:05,35.9,150,32450
20240205,09:35:10,36.5,100,32450
20240205,09:35:12,36.25,150,32450
20240205,09:35:15,35.95,100,32450
20240205,09:35:19,35.45,50,32450
20240205,09:35:22,35.4,150,32450
20240205,09:35:23,35.7,50,32450
20240205,09:35:25,35.95,250,32450
20240205,09:35:56,37.4,50,32450
20240205,09:36:02,37.1,100,32450
20240205,09:36:04,37.0,100,32450
20240205,09:36:06,36.3,50,32450
20240205,09:36:07,36.75,50,32450
20240205,09:36:11,36.5,100,32450
20240205,09:36:14,36.55,50,32450
20240205,09:36:23,36.85,50,32450
20240205,09:36:42,37.5,500,32450
20240205,09:36:44,37.3,300,32450
20240205,09:37:03,38.2,500,32450
20240205,09:37:04,37.85,50,32450
20240205,09:37:08,37.75,250,32450
20240205,09:37:09,37.85,200,32450
20240205,09:37:16,38.35,50,31650
20240205,09:37:29,37.95,50,31650
20240205,09:37:31,37.65,50,31650
20240205,09:37:33,37.85,250,31650
20240205,09:37:38,37.8,50,31650
20240205,09:37:42,37.95,350,31650
20240205,09:37:56,38.65,200,31650
20240205,09:38:04,38.85,50,31650
20240205,09:38:07,39.0,50,31650
20240205,09:38:12,38.2,100,31650
20240205,09:38:16,38.6,50,31650
20240205,09:38:26,38.65,50,31650
20240205,09:38:27,39.25,100,31650
20240205,09:38:44,39.4,150,31650
20240205,09:38:47,39.1,50,31650
20240205,09:38:49,39.25,50,31650
20240205,09:38:51,39.2,100,31650
20240205,09:38:52,38.9,100,31650
20240205,09:38:57,39.0,50,31650
20240205,09:39:09,39.1,50,31650
20240205,09:39:12,39.55,50,31650
20240205,09:39:15,39.55,100,31650
20240205,09:39:24,39.45,50,31650
20240205,09:39:27,39.65,50,31650
20240205,09:39:37,39.85,50,31650
20240205,09:39:42,39.85,350,31650
20240205,09:39:44,39.7,50,31650
20240205,09:39:45,39.65,50,31650
20240205,09:39:55,40.5,1100,31650
20240205,09:39:57,40.5,250,31650
20240205,09:40:00,40.45,200,31650
20240205,09:40:02,40.5,300,31650
20240205,09:40:13,41.5,50,31650
20240205,09:40:18,42.15,150,33650
20240205,09:40:19,42.05,150,33650
20240205,09:40:24,41.75,1100,33650
20240205,09:40:29,42.15,50,33650
20240205,09:40:34,42.2,50,33650
20240205,09:40:39,42.3,100,33650
20240205,09:40:44,42.0,50,33650
20240205,09:40:47,41.55,300,33650
20240205,09:40:52,41.7,50,33650
20240205,09:40:53,41.5,150,33650
20240205,09:40:56,41.75,100,33650
20240205,09:40:59,41.8,100,33650
20240205,09:41:03,41.8,50,33650
20240205,09:41:04,41.95,100,33650
20240205,09:41:06,41.6,350,33650
20240205,09:41:08,41.6,250,33650
20240205,09:41:09,41.15,250,33650
20240205,09:41:13,40.8,50,33650
20240205,09:41:14,40.9,250,33650
20240205,09:41:16,40.5,100,33650
20240205,09:41:19,40.5,150,33650
20240205,09:41:26,40.4,50,33650
20240205,09:41:28,40.2,50,33650
20240205,09:41:43,39.0,200,33650
20240205,09:41:53,38.75,50,33650
20240205,09:41:56,38.55,50,33650
20240205,09:42:01,38.15,50,33650
20240205,09:42:02,38.35,150,33650
20240205,09:42:07,38.3,50,33650
20240205,09:42:16,38.45,50,33650
20240205,09:42:22,38.7,150,33650
20240205,09:42:27,39.0,50,33650
20240205,09:42:44,40.4,50,33650
20240205,09:43:06,41.55,550,33650
20240205,09:43:07,41.85,200,33650
20240205,09:43:09,41.55,50,33650
20240205,09:43:17,41.95,50,36250
20240205,09:43:21,41.45,50,36250
20240205,09:43:26,41.8,450,36250
20240205,09:43:27,42.05,50,36250
20240205,09:43:34,41.8,50,36250
20240205,09:43:36,41.95,50,36250
20240205,09:43:39,41.7,50,36250
20240205,09:44:05,40.4,50,36250
20240205,09:44:14,39.65,50,36250
20240205,09:44:17,39.8,100,36250
20240205,09:44:37,39.7,100,36250
20240205,09:44:39,39.6,400,36250
20240205,09:44:40,39.75,50,36250
20240205,09:44:42,39.7,450,36250
20240205,09:44:52,39.7,50,36250
20240205,09:44:54,39.55,300,36250
20240205,09:44:55,39.3,50,36250
20240205,09:45:01,39.55,100,36250
20240205,09:45:06,39.3,600,36250
20240205,09:45:11,39.3,150,36250
20240205,09:45:22,39.15,50,36250
20240205,09:45:24,39.35,100,36250
20240205,09:45:26,39.6,200,36250
20240205,09:45:29,40.0,200,36250
20240205,09:45:44,40.35,50,36250
20240205,09:46:06,40.5,100,36250
20240205,09:46:12,41.05,50,36250
20240205,09:46:17,40.95,450,36300
20240205,09:46:26,41.05,50,36300
20240205,09:46:40,41.05,100,36300
20240205,09:47:20,41.9,50,36300
20240205,09:47:25,42.0,100,36300
20240205,09:47:27,41.85,250,36300
20240205,09:47:30,41.55,50,36300
20240205,09:47:40,41.75,50,36300
20240205,09:48:14,42.45,300,36300
20240205,09:48:15,43.1,100,36300
20240205,09:48:17,43.65,150,36300
20240205,09:48:24,43.75,50,36300
20240205,09:48:30,43.75,50,36300
20240205,09:48:32,44.05,100,36300
20240205,09:48:35,44.75,50,36300
20240205,09:48:37,44.75,50,36300
20240205,09:48:43,44.5,50,36300
20240205,09:48:48,44.2,100,36300
20240205,09:48:50,44.3,50,36300
20240205,09:49:00,44.35,50,36300
20240205,09:49:08,44.3,150,36300
20240205,09:49:10,44.45,250,36300
20240205,09:49:11,44.3,100,36300
20240205,09:49:15,44.1,900,36300
20240205,09:49:21,43.95,50,36650
20240205,09:49:33,44.3,50,36650
20240205,09:49:38,44.6,300,36650
20240205,09:49:43,44.95,100,36650
20240205,09:49:50,45.4,100,36650
20240205,09:49:55,45.5,50,36650
20240205,09:50:07,46.55,50,36650
20240205,09:50:08,46.7,150,36650
20240205,09:50:22,46.95,50,36650
20240205,09:50:27,48.0,50,36650
20240205,09:50:28,48.25,100,36650
20240205,09:50:30,48.75,300,36650
20240205,09:50:32,48.7,50,36650
20240205,09:50:35,49.0,150,36650
20240205,09:50:37,49.2,200,36650
20240205,09:50:38,48.3,550,36650
20240205,09:50:40,48.2,50,36650
20240205,09:50:50,48.0,100,36650
20240205,09:50:52,48.45,100,36650
20240205,09:51:00,49.25,150,36650
20240205,09:51:01,49.25,200,36650
20240205,09:51:03,49.25,50,36650
20240205,09:51:05,48.8,100,36650
20240205,09:51:06,49.2,50,36650
20240205,09:51:08,48.3,250,36650
20240205,09:51:11,48.15,50,36650
20240205,09:51:13,48.1,50,36650
20240205,09:51:16,48.9,150,36650
20240205,09:51:18,49.3,50,36650
20240205,09:51:23,49.3,50,36650
20240205,09:51:26,49.0,50,36650
20240205,09:51:33,49.5,100,36650
20240205,09:51:37,49.5,50,36650
20240205,09:51:43,48.8,100,36650
20240205,09:51:47,48.2,50,36650
20240205,09:51:50,48.9,500,36650
20240205,09:51:52,48.95,200,36650
20240205,09:51:58,49.5,100,36650
20240205,09:52:00,49.2,250,36650
20240205,09:52:02,49.35,100,36650
20240205,09:52:08,48.8,100,36650
20240205,09:52:10,48.6,250,36650
20240205,09:52:13,48.65,50,36650
20240205,09:52:15,48.8,50,36650
20240205,09:52:17,48.95,50,39550
20240205,09:52:30,50.15,100,39550
20240205,09:52:32,50.25,200,39550
20240205,09:52:38,50.25,50,39550
20240205,09:52:55,51.05,100,39550
20240205,09:52:58,51.75,300,39550
20240205,09:53:00,52.05,250,39550
20240205,09:53:03,51.95,50,39550
20240205,09:53:05,52.0,100,39550
20240205,09:53:08,51.5,100,39550
20240205,09:53:10,51.15,50,39550
20240205,09:53:11,51.75,300,39550
20240205,09:53:16,52.35,550,39550
20240205,09:53:18,52.35,50,39550
20240205,09:53:25,51.5,50,39550
20240205,09:53:28,51.6,50,39550
20240205,09:53:31,51.45,100,39550
20240205,09:53:40,50.6,50,39550
20240205,09:53:41,50.45,50,39550
20240205,09:53:43,49.7,100,39550
20240205,09:53:48,49.55,50,39550
20240205,09:53:50,49.9,50,39550
20240205,09:53:55,49.75,500,39550
20240205,09:53:56,50.05,250,39550
20240205,09:54:01,49.95,150,39550
20240205,09:54:05,50.45,50,39550
20240205,09:54:06,50.35,100,39550
20240205,09:54:08,51.0,250,39550
20240205,09:54:16,49.85,50,39550
20240205,09:54:23,49.6,50,39550
20240205,09:54:28,49.45,100,39550
20240205,09:54:30,49.5,50,39550
20240205,09:54:31,49.55,400,39550
20240205,09:54:33,49.75,100,39550
20240205,09:54:36,50.05,50,39550
20240205,09:54:48,50.75,350,39550
20240205,09:54:53,50.0,550,39550
20240205,09:55:01,50.2,200,39550
20240205,09:55:03,49.75,50,39550
20240205,09:55:08,49.4,300,39550
20240205,09:55:14,48.9,50,39550
20240205,09:55:18,48.65,50,39500
20240205,09:55:36,47.2,150,39500
20240205,09:55:43,47.8,50,39500
20240205,09:55:44,47.65,50,39500
20240205,09:55:54,47.0,100,39500
20240205,09:55:56,46.25,50,39500
20240205,09:55:59,46.05,100,39500
20240205,09:56:04,46.35,250,39500
20240205,09:56:09,47.0,100,39500
20240205,09:56:11,47.45,50,39500
20240205,09:56:13,47.45,150,39500
20240205,09:56:29,48.65,50,39500
20240205,09:56:43,48.3,500,39500
20240205,09:56:46,48.65,50,39500
20240205,09:56:48,48.8,300,39500
20240205,09:56:58,47.9,150,39500
20240205,09:57:06,47.45,50,39500
20240205,09:57:14,47.0,50,39500
20240205,09:57:17,47.0,50,39500
20240205,09:57:24,47.25,200,39500
20240205,09:57:32,46.9,50,39500
20240205,09:57:39,46.6,50,39500
20240205,09:57:56,46.9,50,39500
20240205,09:57:57,47.15,550,39500
20240205,09:58:02,47.5,100,39500
20240205,09:58:09,47.75,50,39500
20240205,09:58:10,47.9,100,39500
20240205,09:58:12,47.9,150,39500
20240205,09:58:14,48.15,100,39500
20240205,09:58:35,48.3,50,40100
20240205,09:58:50,49.2,50,40100
20240205,09:59:04,49.15,400,40100
20240205,09:59:07,49.05,50,40100
20240205,09:59:47,49.4,50,40100
20240205,09:59:52,48.85,100,40100
20240205,10:00:07,49.7,650,40100
20240205,10:00:10,49.2,150,40100
20240205,10:00:40,47.95,150,40100
20240205,10:00:45,48.15,50,40100
20240205,10:01:13,47.95,500,40100
20240205,10:01:17,47.75,350,40350
20240205,10:01:30,48.9,50,40350
20240205,10:01:46,49.7,100,40350
20240205,10:01:53,50.5,50,40350
20240205,10:02:01,51.2,200,40350
20240205,10:02:06,50.95,50,40350
20240205,10:02:16,50.1,300,40350
20240205,10:02:18,50.25,50,40350
20240205,10:02:21,50.2,50,40350
20240205,10:02:24,50.3,350,40350
20240205,10:02:26,50.15,50,40350
20240205,10:02:31,49.8,100,40350
20240205,10:02:36,49.3,50,40350
20240205,10:03:01,48.0,50,40350
20240205,10:03:04,48.3,300,40350
20240205,10:03:19,47.4,50,40350
20240205,10:03:26,46.9,50,40350
20240205,10:03:28,46.95,50,40350
20240205,10:03:31,47.3,100,40350
20240205,10:03:36,47.25,100,40350
20240205,10:03:42,47.05,50,40350
20240205,10:03:57,47.95,250,40350
20240205,10:04:01,47.45,50,40350
20240205,10:04:07,46.45,150,40350
20240205,10:04:17,45.85,100,40350
20240205,10:04:19,45.95,50,40250
20240205,10:04:22,45.45,50,40250
20240205,10:05:14,43.35,1050,40250
20240205,10:05:17,43.75,100,40250
20240205,10:05:21,44.15,100,40250
20240205,10:05:26,45.0,50,40250
20240205,10:05:29,45.85,50,40250
20240205,10:05:39,46.6,50,40250
20240205,10:05:52,46.95,100,40250
20240205,10:06:04,47.2,200,40250
20240205,10:06:07,47.25,100,40250
20240205,10:06:24,45.15,250,40250
20240205,10:06:59,47.15,50,40250
20240205,10:07:00,47.3,200,40250
20240205,10:07:02,47.3,200,40250
20240205,10:07:05,47.05,50,40250
20240205,10:07:07,47.25,250,40250
20240205,10:07:25,47.55,100,40350
20240205,10:07:46,48.35,100,40350
20240205,10:07:48,48.85,50,40350
20240205,10:07:51,48.3,300,40350
20240205,10:08:03,48.0,250,40350
20240205,10:08:19,48.85,100,40350
20240205,10:08:22,48.2,150,40350
20240205,10:08:42,48.4,100,40350
20240205,10:09:08,48.8,50,40350
20240205,10:09:11,48.9,50,40350
20240205,10:09:18,49.15,50,40350
20240205,10:09:19,49.2,300,40350
20240205,10:09:32,48.65,50,40350
20240205,10:09:34,48.5,50,40350
20240205,10:09:37,48.7,150,40350
20240205,10:09:55,48.15,700,40350
20240205,10:10:28,49.2,550,40950
20240205,10:10:42,48.4,50,40950
20240205,10:10:49,48.7,50,40950
20240205,10:11:02,48.2,200,40950
20240205,10:11:14,48.1,50,40950
20240205,10:11:46,47.45,100,40950
20240205,10:11:56,47.25,100,40950
20240205,10:12:02,47.55,50,40950
20240205,10:12:12,47.05,50,40950
20240205,10:12:29,46.25,50,40950
20240205,10:12:30,46.5,50,40950
20240205,10:12:35,46.2,400,40950
20240205,10:12:39,46.25,50,40950
20240205,10:12:42,46.55,50,40950
20240205,10:12:47,46.4,50,40950
20240205,10:12:49,46.55,200,40950
20240205,10:12:50,46.5,600,40950
20240205,10:12:52,46.7,150,40950
20240205,10:13:05,46.0,50,40950
20240205,10:13:14,46.5,1300,40950
20240205,10:13:30,46.05,50,42150
20240205,10:13:32,45.9,150,42150
20240205,10:13:45,45.6,50,42150
20240205,10:13:49,45.45,50,42150
20240205,10:13:52,45.0,50,42150
20240205,10:14:02,45.3,50,42150
20240205,10:14:37,45.55,50,42150
20240205,10:14:45,45.3,100,42150
20240205,10:14:50,44.85,1250,42150
20240205,10:15:28,45.75,50,42150
20240205,10:15:39,45.75,50,42150
20240205,10:15:52,45.2,50,42150
20240205,10:16:05,45.1,150,42150
20240205,10:16:16,45.85,50,42150
20240205,10:17:23,43.0,150,42900
20240205,10:17:25,42.55,100,42900
20240205,10:17:37,41.35,50,42900
20240205,10:17:38,41.2,50,42900
20240205,10:17:46,40.6,50,42900
20240205,10:17:50,39.65,100,42900
20240205,10:17:53,39.85,50,42900
20240205,10:18:05,38.35,50,42900
20240205,10:18:08,37.65,100,42900
20240205,10:18:10,38.0,50,42900
20240205,10:18:11,38.0,50,42900
20240205,10:18:13,38.0,50,42900
20240205,10:18:16,38.25,50,42900
20240205,10:18:24,37.5,50,42900
20240205,10:18:29,36.5,50,42900
20240205,10:18:34,36.65,100,42900
20240205,10:18:36,37.15,50,42900
20240205,10:18:41,37.15,300,42900
20240205,10:18:43,37.0,150,42900
20240205,10:18:49,36.35,100,42900
20240205,10:18:51,36.45,50,42900
20240205,10:18:53,36.7,100,42900
20240205,10:18:54,36.75,50,42900
20240205,10:19:01,35.9,50,42900
20240205,10:19:04,35.0,50,42900
20240205,10:19:08,34.55,150,42900
20240205,10:19:09,35.05,50,42900
20240205,10:19:11,35.8,100,42900
20240205,10:19:16,35.4,50,42900
20240205,10:19:18,35.15,100,42900
20240205,10:19:19,35.1,50,43050
20240205,10:19:21,35.1,100,43050
20240205,10:19:23,34.9,50,43050
20240205,10:19:24,34.7,650,43050
20240205,10:19:26,34.75,50,43050
20240205,10:19:28,34.4,150,43050
20240205,10:19:29,34.3,150,43050
20240205,10:19:31,34.25,600,43050
20240205,10:19:33,34.3,150,43050
20240205,10:19:34,34.2,150,43050
20240205,10:19:36,34.3,200,43050
20240205,10:19:41,34.45,50,43050
20240205,10:19:43,34.55,50,43050
20240205,10:19:44,34.5,200,43050
20240205,10:19:46,34.45,100,43050
20240205,10:19:53,34.25,50,43050
20240205,10:19:54,34.4,350,43050
20240205,10:19:58,33.85,50,43050
20240205,10:20:03,34.05,150,43050
20240205,10:20:06,33.7,250,43050
20240205,10:20:08,33.8,150,43050
20240205,10:20:09,33.7,50,43050
20240205,10:20:11,33.65,150,43050
20240205,10:20:14,33.45,150,43050
20240205,10:20:16,33.5,350,43050
20240205,10:20:23,34.5,50,43050
20240205,10:20:29,34.5,200,43050
20240205,10:20:31,34.8,50,43050
20240205,10:20:34,34.65,250,43050
20240205,10:20:39,35.0,100,43050
20240205,10:20:42,35.1,150,43050
20240205,10:20:44,35.15,50,43050
20240205,10:20:46,34.8,100,43050
20240205,10:20:49,35.5,350,43050
20240205,10:20:53,35.3,1300,43050
20240205,10:20:54,35.45,150,43050
20240205,10:20:56,35.3,100,43050
20240205,10:20:59,35.0,450,43050
20240205,10:21:01,34.9,50,43050
20240205,10:21:03,34.7,350,43050
20240205,10:21:04,34.85,700,43050
20240205,10:21:06,34.2,500,43050
20240205,10:21:09,34.1,800,43050
20240205,10:21:11,34.35,500,43050
20240205,10:21:13,34.35,300,43050
20240205,10:21:14,34.55,400,43050
20240205,10:21:16,34.05,600,43050
20240205,10:21:21,34.5,100,43050
20240205,10:21:23,34.25,50,43050
20240205,10:21:24,34.5,700,43050
20240205,10:21:26,34.6,1400,43050
20240205,10:21:28,34.9,750,43050
20240205,10:21:34,34.45,150,43050
20240205,10:21:38,34.65,100,43050
20240205,10:21:39,34.7,50,43050
20240205,10:21:43,34.0,250,43050
20240205,10:21:49,34.3,100,43050
20240205,10:21:56,34.0,200,43050
20240205,10:22:02,34.0,100,43050
20240205,10:22:06,34.1,100,43050
20240205,10:22:07,34.55,950,43050
20240205,10:22:09,34.6,100,43050
20240205,10:22:16,34.75,250,43050
20240205,10:22:17,34.75,50,43050
20240205,10:22:19,35.05,200,43050
20240205,10:22:26,34.5,1150,45200
20240205,10:22:29,34.5,50,45200
20240205,10:22:36,34.65,50,45200
20240205,10:22:37,34.75,250,45200
20240205,10:22:39,34.8,50,45200
20240205,10:22:41,34.9,50,45200
20240205,10:22:47,35.0,50,45200
20240205,10:22:57,35.0,450,45200
20240205,10:23:00,34.85,100,45200
20240205,10:23:02,34.85,50,45200
20240205,10:23:04,35.15,50,45200
20240205,10:23:27,34.8,900,45200
20240205,10:23:45,35.0,50,45200
20240205,10:23:56,35.05,650,45200
20240205,10:24:01,35.35,150,45200
20240205,10:24:06,35.8,100,45200
20240205,10:24:09,35.55,50,45200
20240205,10:24:24,35.6,500,45200
20240205,10:24:26,35.7,50,45200
20240205,10:24:29,35.75,150,45200
20240205,10:24:34,36.2,550,45200
20240205,10:24:37,36.25,50,45200
20240205,10:24:39,36.15,100,45200
20240205,10:24:42,36.2,150,45200
20240205,10:24:55,36.2,50,45200
20240205,10:24:59,36.0,750,45200
20240205,10:25:15,36.15,50,45200
20240205,10:25:29,36.35,50,45200
20240205,10:25:44,36.05,50,45200
20240205,10:25:47,36.3,50,45200
20240205,10:25:54,36.8,50,45200
20240205,10:26:04,37.05,50,45200
20240205,10:26:05,37.25,250,45200
20240205,10:26:09,36.85,50,45200
20240205,10:26:12,36.95,50,45200
20240205,10:26:20,36.2,400,45200
20240205,10:26:25,36.8,50,45200
20240205,10:26:45,36.6,300,45200
20240205,10:26:54,36.7,100,45200
20240205,10:27:04,37.0,50,45200
20240205,10:27:10,37.15,100,45200
20240205,10:27:30,36.9,300,45200
20240205,10:27:35,36.75,200,45200
20240205,10:27:40,36.4,50,45200
20240205,10:27:42,36.35,200,45200
20240205,10:28:17,37.25,200,45200
20240205,10:28:20,37.0,100,45200
20240205,10:28:23,37.1,50,45850
20240205,10:28:58,36.5,150,45850
20240205,10:29:13,37.05,350,45850
20240205,10:29:31,37.4,50,45850
20240205,10:29:41,37.0,50,45850
20240205,10:29:51,37.2,150,45850
20240205,10:30:14,36.8,100,45850
20240205,10:30:15,37.05,50,45850
20240205,10:30:17,37.0,150,45850
20240205,10:30:22,36.9,650,45850
20240205,10:30:38,36.2,700,45850
20240205,10:30:47,35.75,200,45850
20240205,10:30:48,35.9,400,45850
20240205,10:31:21,35.35,50,47100
20240205,10:31:51,35.7,50,47100
20240205,10:31:55,35.35,50,47100
20240205,10:31:56,35.2,50,47100
20240205,10:32:10,34.7,50,47100
20240205,10:32:15,34.65,250,47100
20240205,10:32:25,35.2,100,47100
20240205,10:32:27,35.35,50,47100
20240205,10:32:32,35.5,150,47100
20240205,10:32:40,35.5,200,47100
20240205,10:32:42,35.5,600,47100
20240205,10:32:43,35.5,100,47100
20240205,10:33:02,34.75,100,47100
20240205,10:33:22,35.05,150,47100
20240205,10:33:27,34.85,100,47100
20240205,10:33:35,35.05,50,47100
20240205,10:33:45,35.1,150,47100
20240205,10:34:05,35.45,50,47100
20240205,10:34:07,35.4,50,47100
20240205,10:34:13,35.35,50,47100
20240205,10:34:17,35.25,50,47100
20240205,10:34:22,34.95,50,47100
20240205,10:34:25,34.75,50,46800
20240205,10:34:45,34.95,50,46800
20240205,10:34:58,35.1,50,46800
20240205,10:35:01,35.1,50,46800
20240205,10:35:03,35.1,200,46800
20240205,10:35:20,35.25,650,46800
20240205,10:35:21,35.05,50,46800
20240205,10:35:31,35.2,50,46800
20240205,10:35:46,34.75,100,46800
20240205,10:35:56,35.05,50,46800
20240205,10:36:00,35.2,500,46800
20240205,10:36:05,35.1,150,46800
20240205,10:36:23,35.3,100,46800
20240205,10:36:37,35.3,50,46800
20240205,10:37:01,35.4,200,46800
20240205,10:37:05,35.25,250,46800
20240205,10:37:16,35.25,50,46800
20240205,10:37:30,35.6,500,45450
20240205,10:38:34,36.3,50,45450
20240205,10:38:41,36.0,50,45450
20240205,10:38:49,36.4,150,45450
20240205,10:38:56,36.25,50,45450
20240205,10:39:02,36.3,400,45450
20240205,10:39:04,36.5,5000,45450
20240205,10:39:10,36.65,250,45450
20240205,10:39:12,36.6,250,45450
20240205,10:39:14,36.5,350,45450
20240205,10:39:27,36.45,300,45450
20240205,10:39:36,36.25,150,45450
20240205,10:39:46,35.7,300,45450
20240205,10:39:47,35.4,50,45450
20240205,10:39:51,35.5,50,45450
20240205,10:40:03,35.95,50,45450
20240205,10:40:43,35.95,100,48400
20240205,10:40:51,35.8,300,48400
20240205,10:40:53,35.9,50,48400
20240205,10:40:58,36.0,50,48400
20240205,10:41:10,36.15,50,48400
20240205,10:41:33,36.35,100,48400
20240205,10:41:36,36.45,50,48400
20240205,10:41:56,36.4,50,48400
20240205,10:42:01,36.55,100,48400
20240205,10:42:07,36.7,200,48400
20240205,10:42:17,36.7,50,48400
20240205,10:42:26,35.95,50,48400
20240205,10:42:58,36.6,50,48400
20240205,10:43:02,36.6,700,48400
20240205,10:43:36,37.05,50,49200
20240205,10:43:49,37.65,150,49200
20240205,10:43:59,37.35,100,49200
20240205,10:44:02,37.4,100,49200
20240205,10:44:07,37.4,750,49200
20240205,10:44:08,37.6,100,49200
20240205,10:44:18,38.15,50,49200
20240205,10:44:22,38.5,50,49200
20240205,10:44:53,39.45,50,49200
20240205,10:44:59,39.65,50,49200
20240205,10:45:02,39.1,50,49200
20240205,10:45:04,39.15,650,49200
20240205,10:45:07,39.15,50,49200
20240205,10:45:09,38.85,50,49200
20240205,10:45:10,39.0,50,49200
20240205,10:45:12,38.7,550,49200
20240205,10:45:15,38.75,700,49200
20240205,10:45:29,39.8,450,49200
20240205,10:45:34,39.95,50,49200
20240205,10:45:35,39.45,200,49200
20240205,10:45:40,39.9,50,49200
20240205,10:45:49,40.0,50,49200
20240205,10:45:50,39.95,700,49200
20240205,10:46:03,39.95,400,49200
20240205,10:46:13,40.8,50,49200
20240205,10:46:17,40.3,50,49200
20240205,10:46:20,40.3,50,49200
20240205,10:46:33,40.5,50,48700
20240205,10:46:43,41.1,50,48700
20240205,10:46:53,41.0,50,48700
20240205,10:46:55,41.0,50,48700
20240205,10:47:00,40.65,150,48700
20240205,10:47:05,40.35,450,48700
20240205,10:47:06,40.2,50,48700
20240205,10:47:26,40.25,100,48700
20240205,10:47:27,40.65,50,48700
20240205,10:48:34,38.85,200,48700
20240205,10:48:52,39.15,150,48700
20240205,10:49:00,38.9,250,48700
20240205,10:49:19,39.45,50,48700
20240205,10:49:27,39.6,50,48450
20240205,10:49:37,39.4,300,48450
20240205,10:50:07,38.8,50,48450
20240205,10:50:08,38.75,100,48450
20240205,10:50:17,39.2,1350,48450
20240205,10:50:32,38.95,100,48450
20240205,10:50:43,38.6,300,48450
20240205,10:50:45,38.35,50,48450
20240205,10:50:47,38.5,150,48450
20240205,10:51:00,38.2,50,48450
20240205,10:51:17,38.5,50,48450
20240205,10:51:18,38.4,100,48450
20240205,10:51:32,37.75,100,48450
20240205,10:51:45,37.05,150,48450
20240205,10:51:47,37.3,100,48450
20240205,10:51:48,37.4,100,48450
20240205,10:51:50,37.3,100,48450
20240205,10:51:55,37.2,400,48450
20240205,10:51:58,36.95,50,48450
20240205,10:52:13,37.3,200,48450
20240205,10:52:21,37.5,150,48450
20240205,10:52:23,37.6,100,48450
20240205,10:52:25,37.25,200,48850
20240205,10:52:36,37.2,100,48850
20240205,10:52:40,37.15,200,48850
20240205,10:52:55,36.5,200,48850
20240205,10:53:38,38.3,250,48850
20240205,10:53:44,38.65,50,48850
20240205,10:53:48,38.85,50,48850
20240205,10:53:51,38.85,50,48850
20240205,10:53:56,38.7,50,48850
20240205,10:54:13,38.75,700,48850
20240205,10:54:16,38.45,100,48850
20240205,10:54:43,37.75,50,48850
20240205,10:54:48,38.0,450,48850
20240205,10:55:28,39.5,50,49350
20240205,10:55:36,39.6,100,49350
20240205,10:55:56,39.15,50,49350
