date,time,tick_price,volume,open_interest
20240109,09:16:18,842.5,100,100
20240109,12:33:47,894.3,50,100
20240109,15:20:24,894.3,50,100
20240109,15:25:14,732.35,50,100
20240112,12:54:17,1031.1,1,100
20240112,12:54:17,1031.1,50,100
20240112,12:54:55,1033.05,50,100
20240112,15:00:11,1104.5,50,150
20240112,15:20:06,1104.5,50,150
20240112,15:28:05,1107.55,950,150
20240112,15:28:06,1108.1,10550,150
20240112,15:28:07,1108.1,9300,150
20240112,15:28:08,1103.8,10850,150
20240112,15:28:09,1104.05,7650,150
20240112,15:28:10,1103.25,350,150
20240117,09:47:46,982.7,1,2900
20240117,09:47:46,982.7,500,2900
20240117,09:47:47,982.55,1200,2900
20240117,09:47:48,984.05,150,2900
20240117,09:47:49,985.65,450,2900
20240117,09:48:56,986.4,50,2900
20240117,10:53:27,986.4,50,2900
20240117,10:54:01,911.05,1000,4950
20240117,10:54:55,908.3,50,4950
20240117,10:56:02,908.3,500,4950
20240117,10:56:03,911.95,500,4950
20240117,11:44:51,848.4,50,3450
20240117,11:46:53,829.1,50,3450
20240117,12:22:40,829.1,50,3450
20240117,12:23:45,841.9,50,3450
20240117,14:27:10,780.55,50,3450
20240117,14:29:10,749.4,50,3450
20240117,14:38:51,749.4,400,3400
20240117,14:41:16,746.95,100,3000
20240117,14:57:04,732.35,100,3000
20240117,15:20:13,719.1,100,3000
20240118,09:17:55,594.45,1,2800
20240118,09:17:55,594.45,100,2800
20240118,09:24:40,584.0,350,2800
20240118,09:24:48,584.0,350,2800
20240118,09:34:16,555.0,700,2800
20240118,09:35:40,542.1,100,3500
20240118,09:47:02,504.0,100,2800
20240118,09:47:05,500.55,50,2800
20240118,09:47:48,500.55,50,2850
20240118,09:48:17,499.95,100,2850
20240118,09:48:23,498.15,100,2850
20240118,09:50:14,489.25,50,2850
20240118,09:51:05,486.5,200,2800
20240118,09:52:24,474.65,100,2800
20240118,09:52:34,473.05,100,2800
20240118,09:52:40,469.45,50,2800
20240118,09:52:42,466.35,200,2800
20240118,09:52:43,466.3,450,2800
20240118,09:52:52,457.9,100,2800
20240118,09:52:53,456.25,100,2800
20240118,09:52:55,456.25,100,2800
20240118,09:53:17,467.3,50,2800
20240118,09:57:04,450.9,100,2450
20240118,10:01:59,450.9,50,2450
20240118,10:03:59,475.55,50,2450
20240118,10:04:40,475.45,50,2450
20240118,10:05:48,474.05,50,2500
20240118,10:07:06,505.4,50,2500
20240118,10:07:12,524.1,650,2500
20240118,10:07:12,527.15,50,2500
20240118,10:07:21,514.65,500,2500
20240118,10:07:54,497.55,500,2500
20240118,10:08:44,525.6,500,2950
20240118,10:09:00,523.4,50,2950
20240118,10:09:02,525.0,150,2950
20240118,10:09:16,548.0,150,2950
20240118,10:09:19,555.1,50,2950
20240118,10:10:02,570.5,100,2950
20240118,10:10:08,579.9,150,2950
20240118,10:10:34,587.85,50,2950
20240118,10:10:36,589.65,50,2950
20240118,10:11:08,574.45,50,2950
20240118,10:11:40,557.4,150,3500
20240118,10:11:44,540.35,50,3500
20240118,10:12:04,560.0,500,3500
20240118,10:12:53,560.55,500,3500
20240118,10:24:33,545.0,500,3400
20240118,10:26:58,570.85,50,3400
20240118,10:27:00,570.55,50,3400
20240118,10:30:13,569.85,150,3400
20240118,10:34:44,541.25,100,3250
20240118,10:35:00,544.9,50,3250
20240118,10:35:33,543.5,100,3250
20240118,10:35:36,541.55,100,3250
20240118,10:42:21,580.8,100,3250
20240118,10:42:24,579.5,50,3250
20240118,10:47:53,602.6,100,3200
20240118,11:23:48,616.0,100,3100
20240118,11:35:49,618.2,50,3100
20240118,11:42:47,618.2,50,3100
20240118,11:57:01,635.15,100,3100
20240118,12:01:02,661.1,50,3050
20240118,12:17:32,661.1,50,3050
20240118,12:18:27,657.0,700,3050
20240118,12:22:57,665.0,700,3600
20240118,12:23:37,671.0,100,3600
20240118,12:33:28,671.0,100,2950
20240118,12:50:56,606.6,250,2950
20240118,13:32:22,598.15,50,2700
20240118,14:10:23,593.1,50,2750
20240118,14:12:22,595.95,200,2750
20240118,14:42:24,624.7,100,2700
20240118,14:50:16,618.55,50,2700
20240118,14:52:12,626.0,50,2700
20240118,15:00:26,606.85,50,2600
20240118,15:00:27,604.55,100,2600
20240118,15:00:32,603.15,150,2600
20240118,15:01:19,600.5,150,2600
20240118,15:02:16,600.45,150,2600
20240118,15:04:13,600.4,50,2600
20240118,15:05:47,600.75,50,2600
20240118,15:05:54,599.8,400,2600
20240118,15:06:13,603.6,150,2600
20240118,15:07:05,613.95,200,2750
20240118,15:07:06,612.6,250,2750
20240118,15:07:11,612.05,500,2750
20240118,15:07:13,610.3,250,2750
20240118,15:07:15,609.85,450,2750
20240118,15:07:16,608.85,100,2750
20240118,15:08:11,613.2,50,2750
20240118,15:08:24,613.75,50,2750
20240118,15:08:49,612.1,250,2750
20240118,15:09:21,610.75,50,2750
20240118,15:09:28,609.35,50,4650
20240118,15:09:33,609.0,100,4650
20240118,15:09:36,609.65,150,4650
20240118,15:09:58,609.4,350,4650
20240118,15:09:58,609.4,100,4650
20240118,15:10:14,609.9,300,4650
20240118,15:10:45,609.15,150,4650
20240118,15:10:52,610.85,400,4650
20240118,15:11:03,612.2,100,4650
20240118,15:11:07,612.25,100,4650
20240118,15:11:16,610.7,100,4650
20240118,15:11:51,609.7,50,4650
20240118,15:14:29,607.65,100,3650
20240118,15:15:08,608.25,100,3650
20240118,15:15:21,608.55,100,3650
20240118,15:16:09,607.0,350,3650
20240118,15:16:11,607.05,50,3650
20240118,15:25:01,610.55,100,3700
20240118,15:25:54,612.45,100,3700
20240118,15:26:00,612.45,100,3700
20240118,15:26:52,612.7,150,3700
20240118,15:28:00,613.3,50,3550
