date,time,tick_price,volume,open_interest
20240220,09:15:08,0.6,100,2000
20240220,09:15:15,0.6,100,2000
20240220,09:15:35,0.6,1800,2000
20240220,09:18:01,0.6,350,2000
20240220,09:18:06,0.55,600,2000
20240220,09:18:07,0.55,50,2000
20240220,09:18:08,0.55,150,2000
20240220,09:18:14,0.55,50,2000
20240220,09:18:17,0.55,100,2000
20240220,09:18:30,0.55,2300,2000
20240220,09:18:31,0.65,200,2000
20240220,09:18:50,0.65,300,2000
20240220,09:18:58,0.65,250,5400
20240220,09:21:11,0.65,200,5400
20240220,09:21:45,0.6,350,5400
20240220,09:21:59,0.6,50,5400
20240220,09:22:21,0.6,100,5650
20240220,09:23:02,0.6,150,5650
20240220,09:23:32,0.6,200,5650
20240220,09:23:33,0.6,50,5650
20240220,09:23:34,0.6,500,5650
20240220,09:23:43,0.65,50,5650
20240220,09:23:45,0.65,150,5650
20240220,09:23:46,0.6,50,5650
20240220,09:24:20,0.65,50,5650
20240220,09:24:35,0.65,50,5650
20240220,09:24:41,0.6,50,5650
20240220,09:24:49,0.6,100,5650
20240220,09:24:54,0.6,250,6800
20240220,09:25:08,0.7,1050,6800
20240220,09:25:26,0.7,100,6800
20240220,09:25:48,0.7,1800,6800
20240220,09:25:52,0.65,50,6800
20240220,09:25:55,0.65,200,6800
20240220,09:25:58,0.7,200,6800
20240220,09:26:42,0.65,350,6800
20240220,09:26:48,0.65,50,6800
20240220,09:26:50,0.65,200,6800
20240220,09:26:53,0.65,400,6800
20240220,09:26:57,0.65,150,6800
20240220,09:27:12,0.6,700,6800
20240220,09:27:13,0.6,50,6800
20240220,09:27:35,0.6,200,6800
20240220,09:27:42,0.6,100,6800
20240220,09:28:13,0.6,200,10800
20240220,09:28:17,0.6,150,10800
20240220,09:29:40,0.6,50,10800
20240220,09:29:50,0.6,50,10800
20240220,09:29:53,0.65,250,10800
20240220,09:30:10,0.6,350,10800
20240220,09:30:19,0.6,50,10800
20240220,09:30:39,0.6,1550,10800
20240220,09:30:56,0.6,50,12850
20240220,09:31:04,0.6,50,12850
20240220,09:31:21,0.6,50,12850
20240220,09:31:24,0.6,750,12850
20240220,09:31:39,0.6,50,12850
20240220,09:31:47,0.6,100,12850
20240220,09:32:26,0.6,50,12850
20240220,09:32:38,0.6,50,12850
20240220,09:32:41,0.6,50,12850
20240220,09:32:44,0.6,50,12850
20240220,09:32:46,0.6,50,12850
20240220,09:32:48,0.6,50,12850
20240220,09:32:50,0.6,50,12850
20240220,09:32:59,0.6,50,12850
20240220,09:33:20,0.6,50,12850
20240220,09:33:38,0.6,50,12850
20240220,09:33:56,0.6,50,12850
20240220,09:34:14,0.6,50,14300
20240220,09:34:33,0.55,50,14300
20240220,09:35:00,0.6,50,14300
20240220,09:35:07,0.6,50,14300
20240220,09:35:12,0.6,50,14300
20240220,09:35:16,0.6,50,14300
20240220,09:36:52,0.6,200,14550
20240220,09:37:54,0.55,200,14550
20240220,09:38:57,0.6,100,14550
20240220,09:38:59,0.6,150,14550
20240220,09:39:05,0.6,100,14550
20240220,09:39:16,0.6,50,14550
20240220,09:39:41,0.6,200,14550
20240220,09:42:52,0.6,800,15150
20240220,09:44:00,0.6,50,15150
20240220,09:44:04,0.6,350,15150
20240220,09:44:32,0.6,550,15150
20240220,09:44:32,0.6,50,15150
20240220,09:45:10,0.6,50,15150
20240220,09:48:30,0.6,50,16600
20240220,09:51:20,0.6,50,16650
20240220,09:51:46,0.6,50,16650
20240220,09:52:38,0.6,50,16750
20240220,09:53:06,0.6,50,16750
20240220,09:53:52,0.6,50,16750
20240220,09:54:01,0.6,50,16750
20240220,09:54:02,0.6,50,16750
20240220,09:54:04,0.6,50,16750
20240220,09:54:21,0.55,1800,16750
20240220,09:55:16,0.6,50,15300
20240220,09:55:20,0.6,50,15300
20240220,09:55:32,0.6,50,15300
20240220,09:56:06,0.6,1800,15300
20240220,09:56:07,0.7,750,15300
20240220,09:56:09,0.75,1200,15300
20240220,09:56:10,0.8,750,15300
20240220,09:56:17,0.8,300,15300
20240220,09:56:18,0.75,600,15300
20240220,09:56:20,0.75,400,15300
20240220,09:56:21,0.7,50,15300
20240220,09:56:29,0.75,350,15300
20240220,09:56:36,0.75,500,15300
20240220,09:56:54,0.7,450,15300
20240220,09:57:18,0.65,900,15300
20240220,09:58:56,0.65,400,15300
20240220,09:59:18,0.65,50,21100
20240220,09:59:30,0.7,50,21100
20240220,09:59:31,0.65,1250,21100
20240220,09:59:35,0.65,250,21100
20240220,09:59:37,0.65,50,21100
20240220,10:00:50,0.6,1800,21100
20240220,10:01:07,0.6,300,21100
20240220,10:01:28,0.6,1200,21350
20240220,10:02:19,0.65,50,21350
20240220,10:03:40,0.6,50,21350
20240220,10:05:04,0.6,50,21350
20240220,10:05:16,0.65,350,21750
20240220,10:05:16,0.65,650,21750
20240220,10:05:20,0.6,200,21750
20240220,10:05:34,0.6,900,21750
20240220,10:05:34,0.6,100,21750
20240220,10:06:19,0.6,300,21750
20240220,10:07:19,0.65,200,23100
20240220,10:09:11,0.6,50,23100
20240220,10:09:13,0.6,50,23100
20240220,10:11:26,0.55,2350,23150
20240220,10:12:56,0.6,50,23150
20240220,10:14:51,0.65,100,22600
20240220,10:14:52,0.65,50,22600
20240220,10:16:20,0.6,150,22600
20240220,10:19:51,0.6,150,22800
20240220,10:20:38,0.6,50,22650
20240220,10:21:10,0.6,150,22650
20240220,10:22:20,0.55,150,22650
20240220,10:22:27,0.6,600,22650
20240220,10:22:58,0.6,900,22650
20240220,10:23:27,0.55,50,22650
20240220,10:23:29,0.55,50,22650
20240220,10:24:10,0.6,650,22650
20240220,10:24:46,0.55,50,22650
20240220,10:25:04,0.55,50,22650
20240220,10:25:19,0.6,100,23100
20240220,10:25:47,0.6,50,23100
20240220,10:27:33,0.55,900,23100
20240220,10:28:34,0.55,1800,23100
20240220,10:30:03,0.6,200,22300
20240220,10:30:09,0.6,50,22300
20240220,10:30:38,0.55,50,22300
20240220,10:31:04,0.55,100,22300
20240220,10:31:39,0.55,50,20700
20240220,10:34:55,0.55,50,20700
20240220,10:39:08,0.55,1800,20550
20240220,10:39:23,0.55,200,20500
20240220,10:39:24,0.55,1800,20500
20240220,10:42:24,0.6,50,20500
20240220,10:45:06,0.6,100,18900
20240220,10:48:58,0.55,50,19000
20240220,10:49:03,0.55,50,19000
20240220,10:49:34,0.6,850,19000
20240220,10:50:10,0.6,50,19000
20240220,10:52:01,0.6,50,19750
20240220,10:52:29,0.55,50,19750
20240220,10:56:45,0.6,50,19750
20240220,10:57:41,0.6,50,19750
20240220,10:59:27,0.6,50,19850
20240220,10:59:52,0.6,50,19850
20240220,11:00:37,0.6,100,19850
20240220,11:00:44,0.55,50,19850
20240220,11:02:34,0.55,50,19850
20240220,11:02:42,0.6,50,20000
20240220,11:02:47,0.6,50,20000
20240220,11:03:36,0.55,600,20000
20240220,11:04:57,0.6,50,20000
20240220,11:06:58,0.6,50,19450
20240220,11:07:19,0.6,50,19550
20240220,11:08:48,0.6,50,19550
20240220,11:12:19,0.6,50,19650
20240220,11:12:39,0.55,2750,19650
20240220,11:12:53,0.5,150,19650
20240220,11:12:54,0.5,300,19650
20240220,11:12:55,0.5,150,19650
20240220,11:12:57,0.5,300,19650
20240220,11:12:57,0.5,450,19650
20240220,11:12:59,0.5,150,19650
20240220,11:13:00,0.5,450,19650
20240220,11:13:01,0.5,150,19650
20240220,11:13:02,0.5,300,19650
20240220,11:13:03,0.5,300,19650
20240220,11:13:04,0.5,150,19650
20240220,11:13:06,0.5,300,19700
20240220,11:13:07,0.5,300,19700
20240220,11:13:09,0.5,300,19700
20240220,11:13:12,0.5,300,19700
20240220,11:13:13,0.5,5000,19700
20240220,11:13:14,0.5,150,19700
20240220,11:13:15,0.5,300,19700
20240220,11:13:18,0.5,150,19700
20240220,11:13:21,0.5,300,19700
20240220,11:13:22,0.5,250,19700
20240220,11:13:24,0.5,300,19700
20240220,11:13:26,0.5,50,19700
20240220,11:13:28,0.5,500,19700
20240220,11:13:29,0.5,300,19700
20240220,11:13:30,0.55,800,19700
20240220,11:13:31,0.5,300,19700
20240220,11:13:32,0.5,900,19700
20240220,11:13:33,0.5,2350,19700
20240220,11:13:34,0.45,600,19700
20240220,11:13:35,0.45,600,19700
20240220,11:13:36,0.45,50,19700
20240220,11:13:37,0.45,300,19700
20240220,11:13:40,0.45,50,19700
20240220,11:13:41,0.45,350,19700
20240220,11:13:43,0.45,350,19700
20240220,11:13:44,0.45,250,19700
20240220,11:13:45,0.45,50,19700
20240220,11:13:46,0.45,100,19700
20240220,11:13:47,0.45,50,19700
20240220,11:13:48,0.45,300,19700
20240220,11:13:49,0.45,450,19700
20240220,11:13:52,0.45,100,19700
20240220,11:13:53,0.45,50,19700
20240220,11:13:54,0.45,50,19700
20240220,11:13:55,0.45,750,19700
20240220,11:13:58,0.45,300,19700
20240220,11:14:00,0.45,100,19700
20240220,11:14:01,0.45,600,19700
20240220,11:14:02,0.45,50,19700
20240220,11:14:03,0.45,100,19700
20240220,11:14:07,0.45,500,19700
20240220,11:14:09,0.45,100,19700
20240220,11:14:13,0.45,600,19700
20240220,11:14:16,0.45,850,19700
20240220,11:14:19,0.45,900,19700
20240220,11:14:56,0.5,1800,19700
20240220,11:14:57,0.5,1800,19700
20240220,11:14:59,0.5,50,19700
20240220,11:16:01,0.45,50,19700
20240220,11:16:46,0.5,1800,36000
20240220,11:16:50,0.5,1250,36000
20240220,11:16:51,0.5,450,36000
20240220,11:17:47,0.55,50,36000
20240220,11:18:08,0.55,50,36000
20240220,11:18:22,0.55,50,36000
20240220,11:18:49,0.5,50,36000
20240220,11:18:50,0.5,50,36000
20240220,11:18:53,0.55,50,36000
20240220,11:19:00,0.5,50,36000
20240220,11:19:14,0.5,50,36000
20240220,11:19:17,0.65,14100,36150
20240220,11:19:28,0.55,150,36150
20240220,11:19:29,0.55,50,36150
20240220,11:19:30,0.55,50,36150
20240220,11:19:31,0.55,50,36150
20240220,11:19:32,0.55,50,36150
20240220,11:19:33,0.55,50,36150
20240220,11:19:34,0.5,400,36150
20240220,11:19:35,0.5,100,36150
20240220,11:19:37,0.5,300,36150
20240220,11:19:41,0.5,50,36150
20240220,11:19:48,0.5,650,36150
20240220,11:19:54,0.5,100,36150
20240220,11:19:56,0.5,150,36150
20240220,11:20:23,0.55,50,36150
20240220,11:20:25,0.55,50,36150
20240220,11:20:26,0.55,50,36150
20240220,11:20:28,0.55,50,36150
20240220,11:20:29,0.55,50,36150
20240220,11:21:41,0.55,50,36150
20240220,11:21:48,0.55,250,36150
20240220,11:23:18,0.6,150,36150
20240220,11:24:53,0.6,50,43900
20240220,11:25:10,0.6,50,43900
20240220,11:26:11,0.55,500,43950
20240220,11:28:53,0.55,50,43950
20240220,11:29:05,0.55,100,43500
20240220,11:29:06,0.5,1100,43500
20240220,11:29:10,0.55,50,43500
20240220,11:29:13,0.55,50,43500
20240220,11:30:20,0.55,250,43500
20240220,11:30:21,0.55,200,43500
20240220,11:30:26,0.55,50,43500
20240220,11:34:09,0.55,50,43500
20240220,11:35:54,0.5,50,42850
20240220,11:36:15,0.5,50,42850
20240220,11:36:34,0.45,50,42850
20240220,11:37:21,0.5,50,42950
20240220,11:38:19,0.45,200,42950
20240220,11:39:32,0.5,300,42950
20240220,11:42:29,0.5,50,43100
20240220,11:43:02,0.5,50,43100
20240220,11:43:19,0.5,50,43200
20240220,11:43:36,0.45,50,43200
20240220,11:47:03,0.5,50,43200
20240220,11:48:00,0.45,100,43200
20240220,11:48:41,0.45,50,43200
20240220,11:49:29,0.5,150,43100
20240220,11:50:52,0.55,450,43100
20240220,11:51:08,0.45,50,43100
20240220,11:52:07,0.55,50,43100
20240220,11:52:23,0.5,450,43700
20240220,11:52:41,0.5,50,43700
20240220,11:52:49,0.5,50,43700
20240220,11:53:10,0.55,3500,43700
20240220,11:54:11,0.55,50,43700
20240220,11:54:26,0.45,3500,43700
20240220,11:54:58,0.5,50,43700
20240220,11:55:44,0.5,50,43700
20240220,11:55:45,0.5,50,44900
20240220,11:56:23,0.45,200,44900
20240220,11:57:00,0.5,150,44900
20240220,11:57:40,0.45,150,44900
20240220,11:59:54,0.45,50,44900
20240220,12:00:12,0.45,50,44900
20240220,12:00:37,0.45,50,44900
20240220,12:00:38,0.45,100,44900
20240220,12:03:05,0.5,50,44900
20240220,12:04:08,0.5,50,44900
20240220,12:05:06,0.45,50,44900
20240220,12:05:37,0.5,50,44900
20240220,12:07:19,0.45,50,44900
20240220,12:08:14,0.45,50,44900
20240220,12:09:42,0.45,50,44900
20240220,12:09:59,0.5,50,44900
20240220,12:10:12,0.5,50,44900
20240220,12:10:15,0.45,50,44900
20240220,12:10:18,0.45,50,44900
20240220,12:10:31,0.45,50,44900
20240220,12:10:36,0.45,50,44900
20240220,12:10:43,0.45,50,44900
20240220,12:10:58,0.45,50,44900
20240220,12:11:06,0.45,50,44900
20240220,12:11:30,0.45,50,44900
20240220,12:11:56,0.45,50,44900
20240220,12:12:19,0.5,50,44900
20240220,12:12:28,0.45,50,44900
20240220,12:12:40,0.45,50,44900
20240220,12:12:46,0.45,50,44900
20240220,12:14:03,0.5,50,44900
20240220,12:21:40,0.5,1800,44900
20240220,12:24:11,0.45,1800,45300
20240220,12:24:20,0.5,50,45300
20240220,12:25:45,0.5,50,45300
20240220,12:26:11,0.5,300,45300
20240220,12:26:49,0.5,50,45300
20240220,12:29:10,0.45,100,45300
20240220,12:29:56,0.5,1100,45300
20240220,12:30:21,0.45,1100,45300
20240220,12:34:30,0.5,1100,45300
20240220,12:35:55,0.5,50,45300
20240220,12:37:13,0.5,50,45300
20240220,12:37:53,0.5,50,45300
20240220,12:38:27,0.5,1800,45300
20240220,12:38:29,0.5,1800,45300
20240220,12:38:31,0.5,1400,45300
20240220,12:39:30,0.5,150,45300
20240220,12:43:52,0.5,200,45300
20240220,12:44:04,0.5,50,45400
20240220,12:45:44,0.5,50,45400
20240220,12:46:45,0.5,50,45400
20240220,12:51:21,0.45,50,45400
20240220,12:51:39,0.5,50,45400
20240220,12:52:46,0.5,50,45350
20240220,12:53:41,0.45,300,45350
20240220,12:53:44,0.45,50,45350
20240220,12:55:00,0.5,50,45350
20240220,12:55:16,0.5,100,45350
20240220,12:56:00,0.5,150,45350
20240220,12:56:22,0.5,50,45350
20240220,12:56:34,0.5,50,45350
20240220,12:56:36,0.45,100,45350
20240220,12:57:21,0.45,50,45350
20240220,12:57:30,0.5,100,45350
20240220,12:58:36,0.45,50,45350
20240220,13:01:38,0.5,50,45350
20240220,13:01:52,0.45,50,45350
20240220,13:02:39,0.5,200,45350
20240220,13:04:17,0.45,100,45350
20240220,13:05:15,0.5,200,45350
20240220,13:05:18,0.45,850,45350
20240220,13:06:16,0.45,200,45350
20240220,13:07:17,0.5,1800,45350
20240220,13:11:33,0.45,50,45350
20240220,13:13:13,0.5,50,45350
20240220,13:13:15,0.5,50,45350
20240220,13:13:23,0.45,50,45350
20240220,13:14:21,0.45,50,45350
20240220,13:17:06,0.45,50,45350
20240220,13:18:27,0.5,50,45350
20240220,13:19:45,0.45,50,45350
20240220,13:20:27,0.5,50,45350
20240220,13:20:54,0.5,50,45350
20240220,13:22:20,0.45,1500,45350
20240220,13:23:21,0.5,50,45350
20240220,13:30:04,0.5,50,45350
20240220,13:30:53,0.5,50,45350
20240220,13:31:18,0.45,50,45350
20240220,13:32:32,0.45,50,45350
20240220,13:32:39,0.5,50,45350
20240220,13:34:24,0.5,50,45350
20240220,13:34:40,0.5,50,45350
20240220,13:34:54,0.45,50,45350
20240220,13:35:04,0.45,50,45350
20240220,13:35:56,0.45,1000,45350
20240220,13:36:03,0.5,50,45350
20240220,13:36:28,0.5,50,45350
20240220,13:36:44,0.45,50,45350
20240220,13:36:58,0.45,50,45350
20240220,13:38:53,0.5,100,46350
20240220,13:39:14,0.45,50,46350
20240220,13:40:23,0.5,50,46350
20240220,13:40:42,0.5,100,46350
20240220,13:42:08,0.45,50,46350
20240220,13:43:06,0.5,50,46350
20240220,13:43:07,0.45,1800,46350
20240220,13:45:04,0.45,50,46350
20240220,13:47:40,0.45,50,48150
20240220,13:48:13,0.45,100,48150
20240220,13:50:43,0.5,200,48150
20240220,13:51:44,0.45,200,48150
20240220,13:54:25,0.5,50,48150
20240220,13:54:46,0.45,500,48100
20240220,13:56:58,0.5,1200,48100
20240220,13:58:54,0.45,250,47700
20240220,13:59:41,0.5,600,47700
20240220,14:00:28,0.45,50,47700
20240220,14:03:48,0.5,50,47700
20240220,14:05:03,0.45,50,47700
20240220,14:06:47,0.5,500,47700
20240220,14:06:53,0.5,50,47700
20240220,14:11:27,0.45,50,47700
20240220,14:11:39,0.45,50,47700
20240220,14:13:05,0.5,350,47700
20240220,14:13:10,0.45,350,47700
20240220,14:17:21,0.5,50,47700
20240220,14:20:25,0.5,1000,47700
20240220,14:20:30,0.5,50,47700
20240220,14:23:02,0.45,100,47700
20240220,14:23:52,0.5,50,47700
20240220,14:32:47,0.4,1850,47700
20240220,14:33:08,0.4,50,47700
20240220,14:33:17,0.45,50,47700
20240220,14:34:42,0.4,50,47700
20240220,14:34:47,0.4,50,47700
20240220,14:36:30,0.45,50,47700
20240220,14:37:18,0.45,50,47700
20240220,14:38:26,0.45,350,47700
20240220,14:38:32,0.4,350,47700
20240220,14:40:04,0.45,50,47700
20240220,14:40:12,0.4,50,47700
20240220,14:40:19,0.45,50,47700
20240220,14:40:22,0.4,50,47700
20240220,14:40:25,0.4,50,47700
20240220,14:40:32,0.45,50,47700
20240220,14:40:37,0.4,50,47700
20240220,14:40:43,0.45,50,47750
20240220,14:40:49,0.4,50,47750
20240220,14:40:55,0.45,50,47750
20240220,14:41:01,0.4,50,47750
20240220,14:44:59,0.4,100,47750
20240220,14:45:21,0.4,50,47750
20240220,14:45:52,0.45,350,47750
20240220,14:46:15,0.4,650,47750
20240220,14:47:07,0.4,150,47750
20240220,14:49:10,0.45,200,47750
20240220,14:49:35,0.45,50,47750
20240220,14:49:48,0.45,350,47750
20240220,14:49:50,0.45,1200,47750
20240220,14:49:54,0.4,350,47750
20240220,14:51:49,0.4,1200,47750
20240220,14:53:52,0.5,5500,47750
20240220,14:54:30,0.65,400,47750
20240220,14:54:45,0.5,50,47750
20240220,14:54:51,0.55,50,47750
20240220,14:55:15,0.55,300,47750
20240220,14:56:08,0.55,50,48700
20240220,14:56:51,0.55,100,48700
20240220,14:57:58,0.55,600,48700
20240220,15:00:29,0.55,100,48350
20240220,15:00:35,0.5,250,48350
20240220,15:02:04,0.5,50,48150
20240220,15:02:06,0.5,50,48150
20240220,15:02:17,0.45,100,48150
20240220,15:03:29,0.5,50,48150
20240220,15:03:49,0.5,50,48150
20240220,15:03:52,0.45,50,48150
20240220,15:04:07,0.45,50,48150
20240220,15:04:14,0.55,100,48150
20240220,15:05:43,0.45,50,48100
20240220,15:08:05,0.45,50,48100
20240220,15:08:30,0.55,850,48050
20240220,15:08:42,0.5,500,48050
20240220,15:08:48,0.45,50,48050
20240220,15:09:01,0.55,50,48050
20240220,15:11:30,0.6,1650,48900
20240220,15:11:31,0.6,50,48900
20240220,15:11:42,0.6,400,48900
20240220,15:11:45,0.65,1800,48900
20240220,15:11:55,0.65,2000,48900
20240220,15:12:07,0.7,1800,48900
20240220,15:12:12,0.65,100,48900
20240220,15:12:18,0.65,300,48900
20240220,15:12:28,0.7,1700,48900
20240220,15:12:29,0.7,150,48900
20240220,15:12:35,0.75,50,48900
20240220,15:12:36,0.75,450,48900
20240220,15:12:37,0.75,500,48900
20240220,15:12:38,0.75,950,48900
20240220,15:12:39,0.75,400,48900
20240220,15:12:40,0.75,100,48900
20240220,15:12:43,0.7,300,48900
20240220,15:12:44,0.75,1800,48900
20240220,15:12:46,0.65,700,48900
20240220,15:13:00,0.7,1800,48900
20240220,15:13:13,0.7,900,48900
20240220,15:13:17,0.75,1800,48900
20240220,15:13:21,0.7,250,48900
20240220,15:13:21,0.7,200,48900
20240220,15:13:23,0.7,50,48900
20240220,15:13:24,0.7,750,48900
20240220,15:13:25,0.7,50,48900
20240220,15:13:26,0.7,50,48900
20240220,15:13:27,0.7,50,48900
20240220,15:13:29,0.7,1100,48900
20240220,15:13:32,0.7,150,48900
20240220,15:13:36,0.7,500,48900
20240220,15:13:37,0.7,50,48900
20240220,15:13:38,0.7,50,48900
20240220,15:13:39,0.7,150,48900
20240220,15:13:40,0.65,50,48900
20240220,15:13:43,0.7,1150,63100
20240220,15:13:49,0.75,1800,63100
20240220,15:13:56,0.75,1800,63100
20240220,15:14:03,0.75,1800,63100
20240220,15:14:08,0.75,1950,63100
20240220,15:14:12,0.7,50,63100
20240220,15:14:13,0.75,1750,63100
20240220,15:14:15,0.75,350,63100
20240220,15:14:25,0.75,1800,63100
20240220,15:14:45,0.75,150,63100
20240220,15:14:54,0.7,50,63100
20240220,15:14:57,0.7,100,63100
20240220,15:15:00,0.75,50,63100
20240220,15:15:01,0.7,650,63100
20240220,15:15:18,0.75,50,63100
20240220,15:15:30,0.7,50,63100
20240220,15:16:08,0.75,50,63100
20240220,15:16:19,0.7,200,63100
20240220,15:17:00,0.75,250,74750
20240220,15:17:22,0.7,50,74750
20240220,15:17:37,0.7,3600,74750
20240220,15:17:39,0.75,50,74750
20240220,15:17:41,0.7,1800,74750
20240220,15:17:44,0.7,1600,74750
20240220,15:17:47,0.65,700,74750
20240220,15:17:49,0.65,500,74750
20240220,15:17:50,0.65,450,74750
20240220,15:17:51,0.55,150,74750
20240220,15:17:53,0.6,1150,74750
20240220,15:17:54,0.55,1800,74750
20240220,15:17:55,0.55,1800,74750
20240220,15:17:57,0.55,800,74750
20240220,15:18:02,0.6,50,74750
20240220,15:18:05,0.55,800,74750
20240220,15:18:06,0.55,400,74750
20240220,15:18:09,0.55,600,74750
20240220,15:18:17,0.55,1250,74750
20240220,15:18:20,0.5,50,74750
20240220,15:18:29,0.55,650,74750
20240220,15:18:37,0.6,650,74750
20240220,15:18:38,0.65,100,74750
20240220,15:18:44,0.65,50,74750
20240220,15:18:45,0.65,500,74750
20240220,15:18:57,0.6,1850,74750
20240220,15:19:40,0.55,800,74750
20240220,15:22:01,0.55,3950,74750
20240220,15:22:10,0.5,3950,79600
20240220,15:22:14,0.45,1800,79600
20240220,15:22:15,0.45,300,79600
20240220,15:22:16,0.45,400,79600
20240220,15:22:17,0.45,2000,79600
20240220,15:22:18,0.45,50,79600
20240220,15:22:19,0.4,250,79600
20240220,15:22:21,0.4,1050,79600
20240220,15:22:23,0.4,550,79600
20240220,15:22:24,0.4,50,79600
20240220,15:22:25,0.4,250,79600
20240220,15:22:26,0.4,400,79600
20240220,15:22:27,0.4,800,79600
20240220,15:22:28,0.4,750,79600
20240220,15:22:29,0.4,250,79600
20240220,15:22:33,0.4,500,79600
20240220,15:22:35,0.4,2000,79600
20240220,15:22:37,0.4,450,79600
20240220,15:22:38,0.4,1950,79600
20240220,15:22:39,0.35,50,79600
20240220,15:22:40,0.35,350,79600
20240220,15:22:41,0.35,100,79600
20240220,15:22:42,0.35,1050,79600
20240220,15:22:45,0.35,800,91300
20240220,15:22:48,0.45,1800,91300
20240220,15:22:50,0.4,250,91300
20240220,15:22:59,0.45,1800,91300
20240220,15:23:28,0.45,1800,91300
20240220,15:23:41,0.45,1800,91300
20240220,15:23:51,0.45,2500,91300
20240220,15:23:58,0.45,50,91300
20240220,15:24:09,0.45,50,91300
20240220,15:24:33,0.45,50,91300
20240220,15:24:34,0.45,50,91300
20240220,15:24:35,0.45,100,91300
20240220,15:24:41,0.45,750,91300
20240220,15:24:43,0.45,150,91300
20240220,15:25:40,0.4,2450,91300
20240220,15:26:13,0.4,50,87450
20240220,15:26:53,0.45,50,87450
20240220,15:27:12,0.45,100,87450
20240220,15:27:26,0.45,1800,87450
20240220,15:27:27,0.45,1800,87450
20240220,15:27:31,0.45,250,87450
20240220,15:27:37,0.45,50,87450
20240220,15:28:38,0.5,800,87450
20240220,15:28:40,0.45,250,87450
20240220,15:28:48,0.45,50,87450
20240220,15:28:49,0.45,50,83500
20240220,15:28:52,0.45,50,83500
20240220,15:28:54,0.45,100,83500
20240220,15:28:54,0.45,150,83500
20240220,15:28:55,0.45,750,83500
20240220,15:28:57,0.45,400,83500
20240220,15:29:01,0.45,100,83500
20240220,15:29:03,0.4,150,83500
20240220,15:29:04,0.45,150,83500
20240220,15:29:09,0.45,300,83500
20240220,15:29:12,0.45,450,83500
20240220,15:29:17,0.5,1800,83500
20240220,15:29:17,0.55,1150,83500
20240220,15:29:18,0.45,1000,83500
20240220,15:29:24,0.45,100,83500
20240220,15:29:25,0.45,100,83500
20240220,15:29:28,0.45,100,83500
20240220,15:29:29,0.45,150,83500
20240220,15:29:30,0.45,100,83500
20240220,15:29:34,0.45,250,83500
20240220,15:29:35,0.6,1000,83500
20240220,15:29:37,0.5,50,83500
20240220,15:29:41,0.5,50,83500
20240220,15:29:42,0.45,100,83500
20240220,15:29:43,0.45,100,83500
20240220,15:29:45,0.45,100,83500
20240220,15:29:47,0.45,1200,83500
20240220,15:29:50,0.45,50,83500
20240220,15:29:56,0.45,100,83500
20240221,09:15:07,0.6,1,84500
20240221,09:15:07,0.6,900,84500
20240221,09:15:09,0.6,50,84500
20240221,09:15:10,0.65,100,84500
20240221,09:15:13,0.45,1850,84500
20240221,09:15:14,0.65,250,84500
20240221,09:15:16,0.65,350,84500
20240221,09:15:18,0.6,50,84500
20240221,09:15:20,0.55,500,84500
20240221,09:15:22,0.55,50,84500
20240221,09:15:29,0.55,2300,84500
20240221,09:15:32,0.55,1850,84500
20240221,09:15:33,0.5,50,84500
20240221,09:15:35,0.45,50,84500
20240221,09:15:59,0.45,100,84500
20240221,09:16:09,0.5,50,92600
20240221,09:16:26,0.45,600,92600
20240221,09:16:27,0.45,2750,92600
20240221,09:16:42,0.45,50,92600
20240221,09:16:46,0.45,150,92600
20240221,09:17:11,0.4,350,92600
20240221,09:17:26,0.4,150,92600
20240221,09:17:27,0.4,100,92600
20240221,09:17:56,0.4,50,92600
20240221,09:18:01,0.45,50,92600
20240221,09:18:06,0.45,200,92600
20240221,09:18:15,0.45,50,92600
20240221,09:18:19,0.45,50,92600
20240221,09:18:28,0.45,1250,92600
20240221,09:18:29,0.4,100,92600
20240221,09:18:31,0.45,1800,92600
20240221,09:18:34,0.45,200,92600
20240221,09:20:02,0.45,850,97300
20240221,09:20:41,0.4,650,97300
20240221,09:20:55,0.45,50,97300
20240221,09:21:10,0.45,6000,97300
20240221,09:21:23,0.45,100,97300
20240221,09:21:37,0.4,250,97300
20240221,09:22:20,0.45,50,98250
20240221,09:22:37,0.45,100,98250
20240221,09:22:46,0.4,400,98250
20240221,09:23:01,0.45,200,98250
20240221,09:23:07,0.45,50,98250
20240221,09:23:12,0.45,1800,98250
20240221,09:23:12,1.0,21400,98250
20240221,09:23:13,1.0,1800,98250
20240221,09:23:14,1.0,50,98250
20240221,09:23:53,0.5,50,98250
20240221,09:24:02,0.5,50,98250
20240221,09:24:09,0.45,1000,98250
20240221,09:24:10,0.5,50,98250
20240221,09:24:30,0.5,50,98250
20240221,09:24:57,0.5,100,110900
20240221,09:25:15,0.5,100,110900
20240221,09:26:13,0.5,50,110900
20240221,09:26:23,0.45,100,110900
20240221,09:26:59,0.5,550,110900
20240221,09:28:03,0.5,50,111400
20240221,09:28:57,0.45,1800,111400
20240221,09:29:16,0.45,1800,111400
20240221,09:29:25,0.45,350,111400
20240221,09:29:26,0.45,100,111400
20240221,09:29:30,0.45,100,111400
20240221,09:29:31,0.45,50,111400
20240221,09:30:13,0.45,50,111400
20240221,09:30:46,0.4,50,111400
20240221,09:31:17,0.45,1250,111550
20240221,09:31:19,0.4,50,111550
20240221,09:31:24,0.4,100,111550
20240221,09:31:59,0.45,100,111550
20240221,09:33:09,0.45,100,111550
20240221,09:33:36,0.45,1600,111550
20240221,09:33:43,0.4,300,111550
20240221,09:33:55,0.4,1500,112850
20240221,09:34:59,0.45,200,112850
20240221,09:36:18,0.45,1850,112850
20240221,09:36:28,0.5,1800,112850
20240221,09:36:35,0.5,50,112850
20240221,09:36:40,0.4,1250,112850
20240221,09:36:51,0.45,100,112850
20240221,09:37:15,0.45,150,112850
20240221,09:37:53,0.45,1750,114050
20240221,09:38:08,0.45,900,114050
20240221,09:39:00,0.4,800,114050
20240221,09:39:13,0.5,200,114050
20240221,09:39:22,0.4,50,114050
20240221,09:39:46,0.5,250,114050
20240221,09:40:34,0.5,100,114050
20240221,09:44:25,0.5,50,116500
20240221,09:45:37,0.45,50,116600
20240221,09:46:05,0.45,1500,116600
20240221,09:48:09,0.45,200,116700
20240221,09:51:22,0.4,250,117000
20240221,09:51:34,0.4,50,117000
20240221,09:51:54,0.4,1750,117000
20240221,09:52:03,0.4,1750,117000
20240221,09:52:11,0.4,1750,117000
20240221,09:52:37,0.4,1800,117000
20240221,09:52:38,0.4,1850,117000
20240221,09:52:40,0.4,1800,117000
20240221,09:53:16,0.4,2850,117000
20240221,09:53:22,0.4,400,117000
20240221,09:53:23,0.4,800,117000
20240221,09:53:26,0.4,100,117000
20240221,09:53:27,0.4,50,117000
20240221,09:53:30,0.4,50,117000
20240221,09:53:37,0.4,50,117000
20240221,09:54:11,0.4,50,117000
20240221,09:54:19,0.4,500,117000
20240221,09:55:38,0.4,4850,117100
20240221,09:56:37,0.45,1800,117100
20240221,09:57:03,0.4,50,117100
20240221,10:01:48,0.4,50,122300
20240221,10:01:57,0.4,650,122300
20240221,10:04:08,0.4,50,122100
20240221,10:04:23,0.4,1800,122100
20240221,10:04:48,0.4,50,122100
20240221,10:08:08,0.4,200,122100
20240221,10:08:45,0.45,100,120200
20240221,10:10:38,0.45,400,120200
20240221,10:18:10,0.45,1750,120100
20240221,10:18:50,0.4,150,120500
20240221,10:19:23,0.4,1800,122100
20240221,10:19:43,0.4,100,122100
20240221,10:20:02,0.45,150,122100
20240221,10:20:40,0.4,1800,122100
20240221,10:21:05,0.4,1050,122100
20240221,10:23:15,0.4,100,119900
20240221,10:23:19,0.4,1500,119900
20240221,10:23:19,0.4,50,119900
20240221,10:26:10,0.45,50,119900
20240221,10:26:35,0.4,850,118350
20240221,10:27:22,0.4,550,118350
20240221,10:27:45,0.4,1300,118350
20240221,10:28:13,0.4,1400,118350
20240221,10:28:14,0.4,50,116900
20240221,10:28:16,0.4,50,116900
20240221,10:33:10,0.45,50,115900
20240221,10:33:26,0.45,50,115900
20240221,10:33:34,0.45,1800,115900
20240221,10:35:14,0.45,50,115900
20240221,10:36:16,0.45,50,115900
20240221,10:39:49,0.45,50,115900
20240221,10:41:06,0.4,50,115900
20240221,10:42:00,0.45,50,115900
20240221,10:42:13,0.4,50,115900
20240221,10:44:14,0.4,850,115900
20240221,10:44:26,0.4,50,115900
20240221,10:44:59,0.45,50,115900
20240221,10:45:09,0.45,1850,115900
20240221,10:45:21,0.4,50,115900
20240221,10:46:03,0.45,1050,115900
20240221,10:46:04,0.45,2250,115900
20240221,10:46:05,0.45,250,115900
20240221,10:46:07,0.45,1800,117050
20240221,10:49:20,0.45,50,120300
20240221,10:49:51,0.45,50,120300
20240221,10:49:54,0.45,50,120300
20240221,10:49:58,0.45,50,120300
20240221,10:50:10,0.4,50,120300
20240221,10:50:20,0.4,100,120300
20240221,10:51:23,0.45,100,120300
20240221,10:51:36,0.4,100,120300
20240221,10:51:52,0.4,100,120300
20240221,10:52:13,0.45,100,120300
20240221,10:53:34,0.45,1450,119950
20240221,10:53:54,0.45,1800,119950
20240221,10:54:22,0.4,50,119950
20240221,10:54:54,0.4,3250,119950
20240221,10:54:55,0.45,100,119950
20240221,10:55:17,0.45,50,119150
20240221,10:55:46,0.45,50,119150
20240221,10:57:16,0.4,100,119150
20240221,10:57:56,0.45,150,119150
20240221,10:58:19,0.4,50,119300
20240221,10:58:50,0.5,100,119300
20240221,10:59:45,0.5,50,119300
20240221,11:00:57,0.5,1500,119300
20240221,11:01:57,0.5,1800,119300
20240221,11:02:07,0.45,1000,120900
20240221,11:07:04,0.45,550,122700
20240221,11:07:05,0.5,1800,122700
20240221,11:07:17,0.45,550,122700
20240221,11:07:18,0.45,50,124750
20240221,11:07:26,0.5,50,124750
20240221,11:07:30,0.5,50,124750
20240221,11:07:33,0.5,50,124750
20240221,11:07:33,0.45,250,124750
20240221,11:07:43,0.45,50,124750
20240221,11:07:44,0.45,50,124750
20240221,11:07:52,0.4,100,124750
20240221,11:08:17,0.4,50,124750
20240221,11:09:14,0.4,50,124750
20240221,11:11:07,0.4,250,124250
20240221,11:12:18,0.5,50,124250
20240221,11:12:24,0.45,250,124250
20240221,11:22:42,0.4,50,124250
20240221,11:26:41,0.45,250,124050
20240221,11:27:46,0.45,50,124000
20240221,11:27:55,0.4,50,124000
20240221,11:28:06,0.45,250,124000
20240221,11:42:12,0.45,1800,124000
20240221,11:42:22,0.4,50,123900
20240221,11:42:27,0.4,50,123900
20240221,11:43:23,0.4,50,123900
20240221,11:43:25,0.4,50,123900
20240221,11:43:32,0.4,50,123900
20240221,11:43:53,0.4,50,123900
20240221,11:43:57,0.4,50,123900
20240221,11:49:07,0.4,50,123900
20240221,11:49:43,0.45,50,123900
20240221,11:51:50,0.45,50,123850
20240221,11:52:23,0.45,100,123850
20240221,11:54:49,0.4,1550,123950
20240221,11:56:18,0.4,450,124050
20240221,12:00:31,0.4,50,124050
20240221,12:04:06,0.4,400,124050
20240221,12:04:18,0.4,500,124100
20240221,12:05:30,0.4,850,124100
20240221,12:07:08,0.4,1900,124100
20240221,12:07:16,0.45,50,124100
20240221,12:08:32,0.45,50,124150
20240221,12:08:57,0.45,1000,124150
20240221,12:09:19,0.45,1000,124150
20240221,12:10:51,0.4,100,124150
20240221,12:11:17,0.4,50,126200
20240221,12:18:09,0.35,50,126200
20240221,12:18:19,0.35,1000,126200
20240221,12:19:36,0.35,800,125150
20240221,12:21:00,0.4,1400,125150
20240221,12:21:01,0.4,50,125150
20240221,12:23:04,0.35,100,125950
20240221,12:28:05,0.4,50,125850
20240221,12:29:57,0.4,50,125850
20240221,12:32:19,0.35,50,125950
20240221,12:33:50,0.45,50,125950
20240221,12:34:00,0.4,200,125950
20240221,12:34:02,0.35,50,125950
20240221,12:34:12,0.4,100,125950
20240221,12:34:50,0.4,50,126100
20240221,12:35:35,0.35,50,126100
20240221,12:45:59,0.4,500,126100
20240221,12:51:02,0.4,100,126100
20240221,12:54:33,0.35,50,126100
20240221,12:55:19,0.4,50,126100
20240221,12:57:09,0.35,50,126150
20240221,12:59:16,0.35,1800,126150
20240221,13:02:28,0.45,1000,125900
20240221,13:02:51,0.4,750,125900
20240221,13:08:35,0.35,50,126900
20240221,13:09:04,0.4,50,126900
20240221,13:09:37,0.4,50,126900
20240221,13:09:53,0.4,50,126900
20240221,13:09:54,0.4,50,126900
20240221,13:10:11,0.4,50,126900
20240221,13:10:55,0.45,50,126900
20240221,13:11:26,0.35,1000,126850
20240221,13:14:04,0.35,50,126850
20240221,13:16:48,0.35,1000,125900
20240221,13:21:28,0.35,50,125850
20240221,13:21:43,0.4,50,125850
20240221,13:21:43,0.4,200,125850
20240221,13:25:12,0.45,50,125850
20240221,13:26:30,0.4,50,125800
20240221,13:28:19,0.45,750,125850
20240221,13:28:50,0.4,50,126650
20240221,13:28:52,0.4,300,126650
20240221,13:31:55,0.4,50,126700
20240221,13:32:01,0.4,100,126700
20240221,13:32:31,0.4,50,126700
20240221,13:32:32,0.4,100,126700
20240221,13:32:40,0.35,50,126700
20240221,13:33:19,0.4,50,126700
20240221,13:34:55,0.4,100,126700
20240221,13:41:38,0.4,50,126800
20240221,13:44:24,0.4,2900,126800
20240221,13:44:29,0.35,1850,126850
20240221,13:49:38,0.4,3400,126850
20240221,13:50:27,0.4,50,126850
20240221,13:50:56,0.4,1500,126850
20240221,13:51:09,0.4,1200,126850
20240221,13:52:32,0.4,500,126800
20240221,13:52:37,0.4,350,126800
20240221,13:55:55,0.45,50,127050
20240221,13:58:43,0.4,50,127050
20240221,13:58:44,0.4,750,127100
20240221,13:58:47,0.4,100,127100
20240221,14:00:26,0.45,50,127100
20240221,14:03:36,0.45,550,126900
20240221,14:06:55,0.4,1800,126900
20240221,14:06:56,0.4,1800,126900
20240221,14:06:57,0.4,1750,126900
20240221,14:08:07,0.4,250,126900
20240221,14:09:30,0.45,1800,126900
20240221,14:10:16,0.4,600,126900
20240221,14:10:45,0.35,50,128700
20240221,14:10:56,0.4,50,128700
20240221,14:11:19,0.4,750,128700
20240221,14:11:20,0.45,1800,128700
20240221,14:11:29,0.4,950,128700
20240221,14:16:31,0.35,50,131200
20240221,14:18:03,0.4,950,131150
20240221,14:18:07,0.4,450,131150
20240221,14:19:57,0.35,1000,131150
20240221,14:22:09,0.45,1100,131150
20240221,14:23:23,0.4,50,131900
20240221,14:23:42,0.45,500,131900
20240221,14:24:05,0.45,1200,131900
20240221,14:24:20,0.45,250,131900
20240221,14:24:21,0.45,250,131900
20240221,14:24:23,0.45,1250,131900
20240221,14:24:32,0.45,450,131900
20240221,14:24:43,0.5,2900,131900
20240221,14:24:44,0.5,3450,131900
20240221,14:24:49,0.5,50,131900
20240221,14:26:02,0.5,750,135500
20240221,14:26:07,0.5,300,135500
20240221,14:28:09,0.5,1800,135500
20240221,14:28:09,0.6,1700,135500
20240221,14:28:29,0.5,600,135500
20240221,14:29:32,0.45,300,137150
20240221,14:30:32,0.45,850,137150
20240221,14:31:56,0.5,100,137400
20240221,14:32:42,0.5,50,137400
20240221,14:35:33,0.45,250,137400
20240221,14:35:59,0.45,1550,137400
20240221,14:37:00,0.45,1500,137400
20240221,14:37:22,0.45,500,137400
20240221,14:37:31,0.45,850,137400
20240221,14:37:55,0.45,800,137400
20240221,14:38:37,0.4,50,137550
20240221,14:38:51,0.4,50,137550
20240221,14:40:12,0.45,250,137550
20240221,14:40:56,0.5,250,137450
20240221,14:41:02,0.5,300,137450
20240221,14:41:09,0.5,50,137450
20240221,14:41:10,0.5,50,137450
20240221,14:41:13,0.5,50,137450
20240221,14:41:14,0.5,700,137450
20240221,14:43:17,0.5,250,137450
20240221,14:43:29,0.5,250,137450
20240221,14:43:33,0.5,50,137450
20240221,14:43:41,0.5,50,137450
20240221,14:43:44,0.5,50,138400
20240221,14:44:02,0.5,50,138400
20240221,14:44:05,0.45,100,138400
20240221,14:46:00,0.45,500,138400
20240221,14:48:34,0.5,600,138400
20240221,14:48:36,0.5,300,138350
20240221,14:49:05,0.5,1300,138350
20240221,14:49:18,0.5,350,138350
20240221,14:49:33,0.5,350,138350
20240221,14:50:14,0.55,300,138350
20240221,14:50:30,0.45,750,139100
20240221,14:50:53,0.45,200,139100
20240221,14:50:57,0.5,5700,139100
20240221,14:51:35,0.5,50,139100
20240221,14:52:19,0.5,100,139100
20240221,14:53:49,0.5,300,139100
20240221,14:53:50,0.5,250,138250
20240221,14:53:58,0.5,250,138250
20240221,14:56:49,0.5,500,138250
20240221,14:57:01,0.5,300,139050
20240221,14:57:21,0.45,500,139050
20240221,14:59:03,0.5,250,139850
20240221,14:59:10,0.5,300,139850
20240221,14:59:57,0.5,900,139850
20240221,15:00:03,0.5,1300,139850
20240221,15:00:20,0.5,250,139850
20240221,15:00:29,0.5,250,139850
20240221,15:00:31,0.5,300,139850
20240221,15:00:37,0.5,250,139850
20240221,15:00:42,0.5,250,139850
20240221,15:00:45,0.5,300,139850
20240221,15:01:08,0.5,7200,139850
20240221,15:01:08,0.5,22900,139850
20240221,15:01:43,0.55,550,139850
20240221,15:01:46,0.55,550,170700
20240221,15:01:48,0.55,900,170700
20240221,15:03:35,0.5,1800,170700
20240221,15:03:38,0.55,700,170700
20240221,15:03:43,0.55,350,170700
20240221,15:03:43,0.55,1450,170700
20240221,15:03:44,0.55,650,170700
20240221,15:03:56,0.55,250,170700
20240221,15:03:57,0.5,100,170700
20240221,15:03:58,0.55,900,170700
20240221,15:03:59,0.55,300,170700
20240221,15:04:01,0.55,1000,170700
20240221,15:04:02,0.55,500,170700
20240221,15:04:04,0.55,200,170700
20240221,15:04:13,0.55,100,170700
20240221,15:04:14,0.55,300,170700
20240221,15:04:15,0.55,300,170700
20240221,15:05:36,0.5,1000,170700
20240221,15:05:42,0.5,100,172550
20240221,15:05:44,0.5,50,172550
20240221,15:05:45,0.5,50,172550
20240221,15:05:46,0.5,50,172550
20240221,15:05:48,0.5,100,172550
20240221,15:05:50,0.5,100,172550
20240221,15:05:56,0.5,1000,172550
20240221,15:06:18,0.45,350,172550
20240221,15:06:21,0.45,400,172550
20240221,15:06:22,0.45,350,172550
20240221,15:06:26,0.4,500,172550
20240221,15:07:11,0.4,3600,172550
20240221,15:07:14,0.4,150,172550
20240221,15:07:15,0.4,50,172550
20240221,15:07:30,0.4,200,172550
20240221,15:07:33,0.4,50,172550
20240221,15:07:34,0.4,100,172550
20240221,15:07:36,0.35,100,172550
20240221,15:07:37,0.4,50,172550
20240221,15:07:38,0.4,100,172550
20240221,15:07:54,0.4,1800,174500
20240221,15:08:08,0.4,200,174500
20240221,15:08:09,0.4,100,174500
20240221,15:09:03,0.45,21350,174500
20240221,15:09:07,0.4,300,174500
20240221,15:09:09,0.4,300,174500
20240221,15:09:11,0.4,400,174500
20240221,15:09:31,0.35,1500,174500
20240221,15:09:31,0.35,200,174500
20240221,15:10:04,0.35,50,174500
20240221,15:10:20,0.35,300,174500
20240221,15:10:22,0.35,400,174500
20240221,15:10:24,0.35,250,174500
20240221,15:10:25,0.35,900,174500
20240221,15:10:33,0.35,800,174500
20240221,15:10:33,0.35,200,174500
20240221,15:10:38,0.35,300,174500
20240221,15:10:41,0.35,100,174500
20240221,15:10:42,0.35,250,174500
20240221,15:10:47,0.35,200,191200
20240221,15:10:48,0.35,600,191200
20240221,15:11:42,0.3,100,191200
20240221,15:12:06,0.3,1800,191200
20240221,15:12:09,0.3,1800,191200
20240221,15:12:14,0.3,1000,191200
20240221,15:12:17,0.3,1800,191200
20240221,15:12:28,0.3,900,191200
20240221,15:12:38,0.3,100,191200
20240221,15:12:56,0.3,1800,191200
20240221,15:12:56,0.35,250,191200
20240221,15:13:32,0.35,1000,191200
20240221,15:13:47,0.3,1800,199100
20240221,15:14:50,0.3,1000,199100
20240221,15:14:54,0.35,350,199100
20240221,15:15:12,0.3,1500,199100
20240221,15:15:17,0.3,1500,199100
20240221,15:15:22,0.3,1500,199100
20240221,15:15:27,0.3,1500,199100
20240221,15:15:32,0.3,1500,199100
20240221,15:15:35,0.3,1500,199100
20240221,15:15:38,0.3,1500,199100
20240221,15:15:48,0.3,1500,199100
20240221,15:18:20,0.25,1500,200200
20240221,15:18:22,0.25,1500,200200
20240221,15:18:23,0.25,1500,200200
20240221,15:18:24,0.25,1500,200200
20240221,15:18:25,0.25,1500,200200
20240221,15:18:26,0.25,1500,200200
20240221,15:18:27,0.25,1500,200200
20240221,15:18:28,0.25,1500,200200
20240221,15:18:34,0.25,50,200200
20240221,15:18:35,0.25,1800,200200
20240221,15:18:38,0.25,50,200200
20240221,15:18:40,0.3,50,200200
20240221,15:18:43,0.3,1650,200200
20240221,15:18:47,0.3,150,200200
20240221,15:18:48,0.3,150,200200
20240221,15:18:51,0.3,200,200200
20240221,15:18:52,0.3,300,200200
20240221,15:18:53,0.3,400,200200
20240221,15:18:58,0.3,150,200200
20240221,15:18:59,0.3,150,200200
20240221,15:19:00,0.3,150,200200
20240221,15:19:34,0.3,1800,200200
20240221,15:19:39,0.3,500,200200
20240221,15:19:50,0.3,1800,200200
20240221,15:20:14,0.3,1800,203900
20240221,15:20:15,0.3,3200,203900
20240221,15:20:30,0.3,200,203900
20240221,15:20:32,0.2,25000,203900
20240221,15:20:43,0.2,2450,203900
20240221,15:20:44,0.25,750,203900
20240221,15:20:45,0.25,950,203900
20240221,15:20:47,0.25,3600,203900
20240221,15:20:48,0.25,1800,203900
20240221,15:20:50,0.3,1650,203900
20240221,15:20:51,0.3,2600,203900
20240221,15:20:53,0.3,1650,203900
20240221,15:20:54,0.3,1600,203900
20240221,15:20:55,0.3,800,203900
20240221,15:20:56,0.3,2450,203900
20240221,15:20:57,0.3,900,203900
20240221,15:20:59,0.3,3050,203900
20240221,15:21:00,0.3,500,203900
20240221,15:21:02,0.35,1650,203900
20240221,15:21:03,0.35,150,203900
20240221,15:21:04,0.35,2400,203900
20240221,15:21:05,0.35,2500,203900
20240221,15:21:06,0.4,2950,203900
20240221,15:21:07,0.35,2300,203900
20240221,15:21:08,0.35,1600,203900
20240221,15:21:09,0.4,2550,203900
20240221,15:21:10,0.4,600,203900
20240221,15:21:11,0.45,550,203900
20240221,15:21:12,0.4,2350,203900
20240221,15:21:13,0.45,950,203900
20240221,15:21:15,0.45,2300,203900
20240221,15:21:16,0.35,1850,203900
20240221,15:21:20,0.4,600,203900
20240221,15:21:22,0.35,1150,203900
20240221,15:21:25,0.4,50,203900
20240221,15:21:29,0.4,200,203900
20240221,15:21:41,0.3,450,203900
20240221,15:21:45,0.4,100,203900
20240221,15:21:48,0.3,27900,203900
20240221,15:21:49,0.25,50,203900
20240221,15:21:54,0.25,1800,203900
20240221,15:22:04,0.3,50,203900
20240221,15:22:08,0.25,1800,203900
20240221,15:22:10,0.25,1850,203900
20240221,15:22:17,0.25,100,203900
20240221,15:22:18,0.3,50,203900
20240221,15:22:20,0.25,100,203900
20240221,15:22:21,0.25,2300,203900
20240221,15:22:34,0.3,400,203900
20240221,15:22:37,0.25,100,203900
20240221,15:22:54,0.3,50,203900
20240221,15:23:08,0.3,1500,160600
20240221,15:23:59,0.25,250,160600
20240221,15:24:06,0.3,1500,160600
20240221,15:24:11,0.3,1500,160600
20240221,15:24:16,0.3,1500,160600
20240221,15:24:23,0.3,1500,160600
20240221,15:24:29,0.3,1500,160600
20240221,15:24:29,0.25,100,160600
20240221,15:24:35,0.3,550,160600
20240221,15:25:44,0.35,1500,160600
20240221,15:25:48,0.3,50,153450
20240221,15:26:07,0.35,200,153450
20240221,15:26:28,0.3,250,153450
20240221,15:26:34,0.3,500,153450
20240221,15:26:35,0.3,250,153450
20240221,15:27:49,0.3,100,153450
20240221,15:27:52,0.3,400,153450
20240221,15:28:23,0.35,2650,153450
20240221,15:28:33,0.25,1100,153450
20240221,15:28:40,0.35,600,153450
20240221,15:28:42,0.35,400,153450
20240221,15:28:45,0.3,850,153450
20240221,15:29:26,0.35,400,153900
20240221,15:29:31,0.4,50,153900
20240221,15:29:33,0.4,50,153900
20240221,15:29:36,0.4,200,153900
20240221,15:29:46,0.4,400,153900
20240222,09:15:02,0.3,1,154350
20240222,09:15:02,0.3,50,154350
20240222,09:15:03,0.3,50,154350
20240222,09:15:04,0.3,450,154350
20240222,09:15:05,0.3,3800,154350
20240222,09:15:08,0.25,2100,154350
20240222,09:15:08,0.25,300,154350
20240222,09:15:09,0.25,200,154350
20240222,09:15:17,0.15,3950,154350
20240222,09:15:18,0.15,2150,154350
20240222,09:15:19,0.15,1800,154350
20240222,09:15:22,0.15,1850,154350
20240222,09:15:37,0.2,500,154350
20240222,09:15:40,0.25,1800,154350
20240222,09:15:44,0.15,3600,154350
20240222,09:15:45,0.2,1100,151550
20240222,09:15:46,0.15,1800,151550
20240222,09:15:48,0.2,1600,151550
20240222,09:15:51,0.2,1800,151550
20240222,09:15:52,0.2,50,151550
20240222,09:16:03,0.2,1800,151550
20240222,09:16:05,0.15,1800,151550
20240222,09:16:08,0.2,100,151550
20240222,09:16:16,0.15,1800,151550
20240222,09:16:28,0.2,1800,151550
20240222,09:16:34,0.15,3600,151550
20240222,09:17:06,0.15,50,151550
20240222,09:17:11,0.2,50,151550
20240222,09:17:24,0.15,1850,151550
20240222,09:17:30,0.15,1800,151550
20240222,09:17:38,0.2,50,151550
20240222,09:17:58,0.15,1850,151550
20240222,09:18:00,0.2,100,151550
20240222,09:18:02,0.2,50,151550
20240222,09:18:06,0.15,1800,151550
20240222,09:18:06,0.2,50,151550
20240222,09:18:24,0.2,1700,151550
20240222,09:18:39,0.15,50,151550
20240222,09:18:54,0.2,1650,151550
20240222,09:20:14,0.2,750,138950
20240222,09:22:30,0.2,50,138950
20240222,09:26:20,0.15,400,138950
20240222,09:27:03,0.15,100,138950
20240222,09:27:49,0.15,50,138900
20240222,09:29:14,0.15,600,138900
20240222,09:29:29,0.2,50,138900
20240222,09:33:10,0.2,1800,138550
20240222,09:33:11,0.2,1800,138550
20240222,09:33:31,0.2,1800,138550
20240222,09:33:37,0.2,500,138550
20240222,09:34:03,0.2,50,141900
20240222,09:34:36,0.2,100,141900
20240222,09:35:05,0.2,500,141900
20240222,09:36:23,0.2,500,141900
20240222,09:40:36,0.2,800,142050
20240222,09:40:45,0.15,750,142050
20240222,09:41:53,0.15,1800,142050
20240222,09:41:55,0.15,1800,142050
20240222,09:41:56,0.15,1800,142050
20240222,09:41:58,0.15,1800,142050
20240222,09:41:59,0.15,1800,142050
20240222,09:42:00,0.15,1800,142050
20240222,09:42:01,0.15,1800,142050
20240222,09:42:03,0.15,1800,142050
20240222,09:42:04,0.15,2100,142050
20240222,09:42:06,0.15,2000,142050
20240222,09:42:08,0.15,1800,142050
20240222,09:42:10,0.15,1800,142050
20240222,09:42:11,0.15,1800,142050
20240222,09:42:12,0.15,1800,142050
20240222,09:42:14,0.1,1800,142050
20240222,09:42:15,0.1,1800,142050
20240222,09:42:17,0.1,1800,142050
20240222,09:42:18,0.1,1800,142050
20240222,09:42:19,0.1,1800,142050
20240222,09:42:21,0.1,1800,142050
20240222,09:42:22,0.1,1800,142050
20240222,09:42:26,0.1,750,142050
20240222,09:42:39,0.15,200,142050
20240222,09:43:02,0.15,200,169250
20240222,09:43:05,0.15,50,169250
20240222,09:43:39,0.1,50,169250
20240222,09:44:35,0.1,50,169250
20240222,09:44:57,0.1,500,169250
20240222,09:45:00,0.15,700,169250
20240222,09:45:21,0.15,50,169250
20240222,09:46:09,0.15,300,169250
20240222,09:46:16,0.15,150,168600
20240222,09:46:22,0.1,650,168600
20240222,09:46:39,0.1,50,168600
20240222,09:47:10,0.15,1500,168600
20240222,09:47:12,0.15,1500,168600
20240222,09:47:14,0.15,1500,168600
20240222,09:47:16,0.15,1500,168600
20240222,09:47:55,0.15,250,168600
20240222,09:48:06,0.15,50,168600
20240222,09:48:35,0.15,100,168600
20240222,09:48:36,0.15,150,168600
20240222,09:53:19,0.15,1050,168600
20240222,09:53:20,0.15,6750,164450
20240222,09:53:22,0.15,1800,164450
20240222,09:53:23,0.15,2250,164450
20240222,09:53:26,0.15,2250,164450
20240222,09:53:32,0.2,1050,164450
20240222,09:53:34,0.2,150,164450
20240222,09:54:13,0.2,250,164450
20240222,09:57:02,0.15,50,164450
20240222,09:57:33,0.2,50,160600
20240222,09:59:07,0.15,50,160600
20240222,09:59:19,0.15,200,160600
20240222,10:00:01,0.2,1200,160600
20240222,10:00:58,0.2,50,162250
20240222,10:01:51,0.15,50,162250
20240222,10:03:09,0.2,50,162250
20240222,10:05:29,0.2,50,162250
20240222,10:05:30,0.2,50,162250
20240222,10:05:48,0.15,500,162250
20240222,10:06:47,0.2,50,162250
20240222,10:06:52,0.2,50,162250
20240222,10:08:10,0.15,150,162250
20240222,10:08:47,0.2,50,162250
20240222,10:08:59,0.2,1200,162250
20240222,10:09:01,0.2,1500,162250
20240222,10:09:03,0.2,2350,162250
20240222,10:09:04,0.2,1500,162250
20240222,10:09:14,0.2,600,162250
20240222,10:09:18,0.2,1800,162250
20240222,10:09:20,0.2,800,162250
20240222,10:09:21,0.2,250,162250
20240222,10:10:02,0.2,1800,162300
20240222,10:10:03,0.2,1500,162300
20240222,10:10:07,0.2,450,162300
20240222,10:10:39,0.15,50,162300
20240222,10:11:27,0.2,50,162300
20240222,10:15:39,0.2,50,164550
20240222,10:15:50,0.15,50,164550
20240222,10:16:35,0.2,1700,164550
20240222,10:17:04,0.25,100,164550
20240222,10:17:28,0.2,800,164550
20240222,10:17:31,0.2,800,164550
20240222,10:18:33,0.2,50,164550
20240222,10:19:00,0.2,400,162850
20240222,10:19:02,0.2,400,162850
20240222,10:19:04,0.2,50,162850
20240222,10:19:05,0.2,400,162850
20240222,10:19:21,0.2,50,162850
20240222,10:19:25,0.2,50,162850
20240222,10:19:41,0.2,50,162850
20240222,10:19:48,0.2,550,162850
20240222,10:19:49,0.2,350,162850
20240222,10:19:52,0.2,50,162850
20240222,10:20:25,0.2,50,162850
20240222,10:20:34,0.2,50,162850
20240222,10:21:37,0.2,50,162850
20240222,10:21:43,0.2,50,162850
20240222,10:21:59,0.2,50,162850
20240222,10:22:14,0.25,100,163850
20240222,10:22:21,0.2,50,163850
20240222,10:23:08,0.2,400,163850
20240222,10:23:16,0.25,50,163850
20240222,10:23:58,0.25,50,163850
20240222,10:24:01,0.2,100,163850
20240222,10:24:04,0.2,1750,163850
20240222,10:24:25,0.25,1800,163850
20240222,10:24:28,0.25,1000,163850
20240222,10:24:41,0.25,1800,163850
20240222,10:24:42,0.25,850,163850
20240222,10:24:44,0.25,100,163850
20240222,10:24:45,0.25,50,163850
20240222,10:24:47,0.25,100,163850
20240222,10:24:49,0.3,50,163850
20240222,10:24:50,0.25,100,163850
20240222,10:24:53,0.25,50,163850
20240222,10:25:01,0.25,50,163850
20240222,10:25:01,0.25,50,162100
20240222,10:25:48,0.25,100,162100
20240222,10:25:57,0.25,550,162100
20240222,10:26:06,0.25,1800,162100
20240222,10:26:32,0.2,50,162100
20240222,10:27:24,0.2,50,162100
20240222,10:28:00,0.2,250,162100
20240222,10:28:17,0.25,500,162250
20240222,10:28:35,0.25,250,162250
20240222,10:31:09,0.25,1800,162250
20240222,10:34:07,0.25,50,162250
20240222,10:34:43,0.2,50,160450
20240222,10:35:11,0.25,800,160450
20240222,10:36:24,0.25,50,160450
20240222,10:36:36,0.25,50,160450
20240222,10:36:48,0.25,50,160450
20240222,10:37:00,0.2,50,160450
20240222,10:37:05,0.2,250,159650
20240222,10:37:10,0.2,100,159650
20240222,10:37:20,0.2,50,159650
20240222,10:38:59,0.2,1800,159650
20240222,10:39:00,0.2,1800,159650
20240222,10:42:17,0.25,50,159650
20240222,10:42:41,0.25,1350,159650
20240222,10:43:26,0.25,300,159650
20240222,10:43:28,0.25,300,159650
20240222,10:43:29,0.25,300,159650
20240222,10:43:30,0.25,800,159650
20240222,10:44:46,0.25,50,159650
20240222,10:44:51,0.25,50,159650
20240222,10:44:54,0.25,50,159650
20240222,10:45:07,0.2,50,159650
20240222,10:45:15,0.2,100,159650
20240222,10:46:18,0.25,950,159650
20240222,10:48:00,0.25,250,159650
20240222,10:48:07,0.25,200,159650
20240222,10:48:45,0.2,250,159650
20240222,10:49:12,0.25,350,160600
20240222,10:50:19,0.3,100,160600
20240222,10:50:22,0.25,1800,160600
20240222,10:51:41,0.25,1800,160600
20240222,10:51:49,0.25,1800,160600
20240222,10:51:57,0.25,1800,160600
20240222,10:52:08,0.25,1150,159200
20240222,10:55:02,0.2,6200,159200
20240222,10:55:02,0.2,1800,159200
20240222,10:55:05,0.25,350,159200
20240222,10:55:45,0.2,1250,159200
20240222,10:55:47,0.25,950,159200
20240222,10:57:20,0.25,900,159200
20240222,10:57:55,0.25,400,159200
20240222,10:57:58,0.25,300,159200
20240222,10:58:15,0.25,50,159200
20240222,10:58:20,0.25,250,156050
20240222,10:58:48,0.25,250,156050
20240222,10:58:51,0.25,350,156050
20240222,10:58:55,0.25,300,156050
20240222,10:58:56,0.25,300,156050
20240222,10:59:01,0.25,600,156050
20240222,10:59:08,0.25,300,156050
20240222,10:59:59,0.25,300,156050
20240222,11:00:00,0.25,1600,156050
20240222,11:00:01,0.3,100,156050
20240222,11:00:08,0.3,1000,156050
20240222,11:00:14,0.25,1800,156050
20240222,11:00:35,0.3,100,156050
20240222,11:00:36,0.3,750,156050
20240222,11:00:38,0.3,2850,156050
20240222,11:00:39,0.3,150,156050
20240222,11:00:53,0.3,1200,156050
20240222,11:00:54,0.3,300,156050
20240222,11:01:12,0.3,300,155050
20240222,11:01:21,0.25,600,155050
20240222,11:01:38,0.3,1000,155050
20240222,11:01:46,0.3,50,155050
20240222,11:03:08,0.3,450,155050
20240222,11:06:33,0.3,900,156850
20240222,11:07:03,0.3,900,156850
20240222,11:07:04,0.25,100,157750
20240222,11:07:08,0.3,900,157750
20240222,11:07:10,0.3,900,157750
20240222,11:07:13,0.3,900,157750
20240222,11:07:17,0.3,900,157750
20240222,11:07:19,0.3,900,157750
20240222,11:07:21,0.3,900,157750
20240222,11:07:22,0.3,250,157750
20240222,11:07:23,0.3,900,157750
20240222,11:07:28,0.3,900,157750
20240222,11:07:32,0.3,900,157750
20240222,11:07:34,0.3,900,157750
20240222,11:07:44,0.3,150,157750
20240222,11:08:25,0.3,50,157750
20240222,11:09:17,0.3,850,157750
20240222,11:09:29,0.3,1000,157750
20240222,11:09:41,0.25,200,157750
20240222,11:10:24,0.25,750,162550
20240222,11:14:07,0.25,1800,162550
20240222,11:15:00,0.3,50,161800
20240222,11:15:10,0.25,50,161800
20240222,11:16:30,0.25,250,160000
20240222,11:16:32,0.25,50,160000
20240222,11:18:07,0.3,4000,160000
20240222,11:18:47,0.25,900,160000
20240222,11:18:55,0.3,900,160000
20240222,11:18:57,0.3,900,160000
20240222,11:19:01,0.3,300,160000
20240222,11:20:24,0.25,100,160000
20240222,11:20:57,0.25,50,162150
20240222,11:21:26,0.3,50,162150
20240222,11:21:43,0.25,50,162150
20240222,11:22:01,0.2,2950,162150
20240222,11:23:24,0.25,50,159700
20240222,11:23:25,0.25,800,159700
20240222,11:23:32,0.25,1550,159700
20240222,11:23:43,0.25,50,159700
20240222,11:23:53,0.25,50,159700
20240222,11:23:59,0.25,200,159700
20240222,11:25:16,0.25,100,159150
20240222,11:27:35,0.25,1800,159150
20240222,11:30:52,0.3,50,157250
20240222,11:31:19,0.2,15800,157250
20240222,11:32:05,0.25,750,157300
20240222,11:32:07,0.25,1800,157300
20240222,11:32:08,0.25,3600,157300
20240222,11:32:10,0.25,3600,157300
20240222,11:32:11,0.25,1800,157300
20240222,11:32:12,0.25,1800,157300
20240222,11:32:13,0.25,1800,157300
20240222,11:32:14,0.25,600,157300
20240222,11:33:04,0.2,100,157300
20240222,11:33:50,0.2,1800,157300
20240222,11:33:51,0.2,3600,157300
20240222,11:33:52,0.2,7200,157300
20240222,11:33:53,0.2,2400,157300
20240222,11:33:55,0.2,50,157300
20240222,11:33:56,0.2,1550,157300
20240222,11:34:13,0.2,900,155100
20240222,11:34:14,0.2,2450,155100
20240222,11:34:15,0.2,7300,155100
20240222,11:34:20,0.15,700,155100
20240222,11:34:22,0.15,650,155100
20240222,11:34:23,0.15,400,155100
20240222,11:34:24,0.2,100,155100
20240222,11:34:25,0.2,50,155100
20240222,11:34:26,0.2,50,155100
20240222,11:34:27,0.2,50,155100
20240222,11:34:28,0.2,50,155100
20240222,11:34:29,0.2,100,155100
20240222,11:34:30,0.2,50,155100
20240222,11:34:31,0.2,50,155100
20240222,11:35:12,0.2,50,155100
20240222,11:35:15,0.2,50,155100
20240222,11:35:28,0.2,50,155100
20240222,11:35:39,0.2,50,155100
20240222,11:36:27,0.2,100,155100
20240222,11:36:39,0.2,1500,155100
20240222,11:37:37,0.15,50,155800
20240222,11:38:58,0.15,1350,155800
20240222,11:39:48,0.2,200,155800
20240222,11:39:49,0.2,100,155800
20240222,11:40:10,0.2,150,155800
20240222,11:41:52,0.15,1300,155800
20240222,11:42:13,0.2,450,155800
20240222,11:42:20,0.2,150,155800
20240222,11:42:45,0.2,900,155800
20240222,11:42:51,0.2,50,155800
20240222,11:43:43,0.2,300,154900
20240222,11:43:56,0.15,100,154900
20240222,11:44:32,0.2,1800,154900
20240222,11:46:57,0.15,150,154900
20240222,11:47:04,0.2,50,153000
20240222,11:47:10,0.15,200,153000
20240222,11:48:06,0.15,50,153000
20240222,11:48:22,0.15,100,153000
20240222,11:48:41,0.2,50,153000
20240222,11:49:42,0.2,300,152500
20240222,11:49:46,0.15,600,152500
20240222,11:50:25,0.2,50,152500
20240222,11:51:05,0.2,500,152500
20240222,11:53:12,0.2,1350,152500
20240222,11:53:34,0.15,2650,152500
20240222,11:53:36,0.2,1150,152500
20240222,11:53:39,0.15,650,152500
20240222,11:53:42,0.2,900,152500
20240222,11:53:43,0.2,1100,152500
20240222,11:53:49,0.2,750,152500
20240222,11:53:55,0.2,900,152500
20240222,11:54:04,0.15,1200,152500
20240222,11:54:07,0.2,900,152500
20240222,11:54:08,0.2,650,152500
20240222,11:54:09,0.15,1000,152500
20240222,11:54:49,0.2,750,152500
20240222,11:55:05,0.2,1100,152500
20240222,11:55:07,0.15,1500,152500
20240222,11:55:08,0.2,1500,152500
20240222,11:55:33,0.2,1150,154000
20240222,11:55:36,0.2,4500,154000
20240222,11:55:37,0.2,1300,154000
20240222,11:55:38,0.2,700,154000
20240222,11:55:39,0.15,1200,154000
20240222,11:55:40,0.2,1500,154000
20240222,11:55:41,0.2,1500,154000
20240222,11:55:42,0.2,1500,154000
20240222,11:55:43,0.2,650,154000
20240222,11:55:55,0.2,1150,154000
20240222,11:55:56,0.15,1500,154000
20240222,11:56:00,0.2,50,154000
20240222,11:56:01,0.2,550,154000
20240222,11:56:07,0.2,700,154000
20240222,11:56:17,0.2,1200,154000
20240222,11:56:18,0.2,900,154000
20240222,11:56:19,0.2,600,154000
20240222,11:56:20,0.2,500,154000
20240222,11:56:21,0.2,3300,154000
20240222,11:56:22,0.2,1050,154000
20240222,11:56:29,0.2,2400,154000
20240222,11:57:56,0.15,300,154000
20240222,11:59:05,0.2,50,154000
20240222,11:59:22,0.15,400,159000
20240222,11:59:42,0.15,300,159000
20240222,11:59:44,0.15,50,159000
20240222,11:59:45,0.15,250,159000
20240222,12:00:44,0.15,250,159000
20240222,12:00:54,0.15,250,159000
20240222,12:01:00,0.15,250,159000
20240222,12:01:10,0.15,700,159000
20240222,12:01:15,0.2,1000,158300
20240222,12:02:02,0.15,300,158300
20240222,12:02:13,0.15,250,158300
20240222,12:02:14,0.15,250,158300
20240222,12:02:15,0.15,50,158300
20240222,12:02:26,0.15,50,158300
20240222,12:02:38,0.15,50,158300
20240222,12:02:48,0.2,1000,158300
20240222,12:03:06,0.15,50,158300
20240222,12:03:07,0.15,1350,158300
20240222,12:03:08,0.15,650,158300
20240222,12:03:14,0.15,1100,158300
20240222,12:03:15,0.15,50,158300
20240222,12:03:18,0.15,700,158300
20240222,12:03:20,0.15,900,158300
20240222,12:03:21,0.15,2650,158300
20240222,12:03:22,0.15,4500,158300
20240222,12:03:23,0.15,4050,158300
20240222,12:03:24,0.15,6050,158300
20240222,12:03:25,0.15,1150,158300
20240222,12:03:27,0.15,50,158300
20240222,12:03:28,0.2,50,158300
20240222,12:03:41,0.2,150,158300
20240222,12:03:43,0.15,50,158300
20240222,12:03:44,0.15,450,158300
20240222,12:03:54,0.15,50,158300
20240222,12:04:08,0.15,650,158300
20240222,12:04:26,0.15,150,152350
20240222,12:04:42,0.15,200,152350
20240222,12:04:45,0.2,100,152350
20240222,12:04:54,0.15,300,152350
20240222,12:05:06,0.15,250,152350
20240222,12:05:16,0.15,250,152350
20240222,12:05:22,0.15,1150,152350
20240222,12:05:26,0.15,50,152350
20240222,12:06:43,0.15,50,152350
20240222,12:07:55,0.15,250,152350
20240222,12:08:05,0.15,350,152350
20240222,12:08:06,0.15,350,152350
20240222,12:09:06,0.15,300,152350
20240222,12:09:10,0.2,50,152350
20240222,12:09:27,0.15,50,152350
20240222,12:10:29,0.15,1200,152400
20240222,12:11:10,0.15,250,152400
20240222,12:11:14,0.15,300,152400
20240222,12:11:19,0.15,550,152400
20240222,12:11:55,0.15,500,152400
20240222,12:13:04,0.15,50,152400
20240222,12:13:08,0.15,50,152400
20240222,12:13:21,0.15,50,153500
20240222,12:13:48,0.15,50,153500
20240222,12:13:49,0.15,50,153500
20240222,12:13:56,0.15,50,153500
20240222,12:14:04,0.15,50,153500
20240222,12:14:05,0.15,50,153500
20240222,12:14:08,0.2,50,153500
20240222,12:16:37,0.15,750,153500
20240222,12:19:44,0.2,1050,153750
20240222,12:24:36,0.15,250,154550
20240222,12:24:52,0.2,300,154550
20240222,12:25:02,0.15,450,154550
20240222,12:25:06,0.15,250,154550
20240222,12:25:11,0.15,250,154550
20240222,12:25:36,0.15,50,155750
20240222,12:26:58,0.2,50,155750
20240222,12:27:08,0.15,50,155750
20240222,12:27:14,0.15,150,155750
20240222,12:29:50,0.2,3600,155750
20240222,12:29:50,0.2,2100,155750
20240222,12:30:34,0.15,50,155750
20240222,12:30:38,0.2,3550,155750
20240222,12:31:40,0.15,5700,158750
20240222,12:31:49,0.2,1700,158750
20240222,12:31:52,0.2,50,158750
20240222,12:32:13,0.15,300,158750
20240222,12:32:49,0.15,250,158750
20240222,12:33:07,0.15,250,158750
20240222,12:33:18,0.2,300,158750
20240222,12:33:24,0.15,650,158750
20240222,12:34:02,0.15,300,158750
20240222,12:34:07,0.15,350,158750
20240222,12:34:30,0.15,750,162700
20240222,12:35:02,0.15,300,162700
20240222,12:35:16,0.15,2200,162700
20240222,12:35:20,0.15,150,162700
20240222,12:36:06,0.15,750,162700
20240222,12:36:32,0.15,750,162700
20240222,12:37:16,0.15,350,162700
20240222,12:37:31,0.15,250,165200
20240222,12:37:55,0.15,1200,165200
20240222,12:38:40,0.15,750,165200
20240222,12:39:03,0.2,150,165200
20240222,12:39:03,0.2,300,165200
20240222,12:39:04,0.2,900,165200
20240222,12:39:05,0.2,450,165200
20240222,12:39:06,0.2,750,165200
20240222,12:39:10,0.2,150,165200
20240222,12:39:10,0.2,600,165200
20240222,12:39:11,0.2,1050,165200
20240222,12:39:12,0.2,600,165200
20240222,12:39:22,0.15,300,165200
20240222,12:39:23,0.15,1350,165200
20240222,12:39:24,0.15,50,165200
20240222,12:39:25,0.15,50,165200
20240222,12:39:26,0.15,800,165200
20240222,12:39:27,0.15,300,165200
20240222,12:39:28,0.2,200,165200
20240222,12:39:29,0.15,1250,165200
20240222,12:39:30,0.1,1050,165200
20240222,12:39:31,0.1,1200,165200
20240222,12:39:32,0.1,1350,165200
20240222,12:39:33,0.1,1350,165200
20240222,12:39:34,0.1,750,165200
20240222,12:39:39,0.15,1000,165200
20240222,12:39:47,0.15,1550,165200
20240222,12:39:48,0.15,750,165200
20240222,12:40:03,0.15,1800,165200
20240222,12:40:05,0.15,600,165200
20240222,12:41:47,0.1,4000,169700
20240222,12:42:02,0.15,50,169700
20240222,12:42:36,0.1,750,169700
20240222,12:43:03,0.15,1800,169700
20240222,12:43:04,0.15,4700,169700
20240222,12:44:59,0.1,750,169700
20240222,12:45:15,0.1,750,172650
20240222,12:47:09,0.1,750,172650
20240222,12:47:10,0.1,50,171150
20240222,12:48:58,0.1,100,171150
20240222,12:49:08,0.1,750,171150
20240222,12:49:19,0.1,1100,169500
20240222,12:49:20,0.1,3600,169500
20240222,12:49:21,0.1,1800,169500
20240222,12:49:59,0.1,150,169500
20240222,12:51:17,0.1,150,169500
20240222,12:51:59,0.1,1050,169500
20240222,12:53:12,0.15,50,163650
20240222,12:54:25,0.1,50,163650
20240222,12:54:42,0.1,150,163650
20240222,12:55:11,0.15,50,163650
20240222,12:55:36,0.1,950,163450
20240222,12:56:31,0.15,50,163450
20240222,12:57:20,0.1,3400,163450
20240222,12:58:21,0.15,100,163450
20240222,13:00:58,0.15,50,160750
20240222,13:01:14,0.1,1000,160750
20240222,13:01:14,0.1,100,160750
20240222,13:02:28,0.1,600,160750
20240222,13:03:24,0.1,50,160750
20240222,13:03:53,0.1,3600,160750
20240222,13:03:55,0.1,1800,160750
20240222,13:04:02,0.1,1800,160750
20240222,13:04:10,0.1,1800,160750
20240222,13:04:20,0.1,1800,160750
20240222,13:04:29,0.1,1800,164350
20240222,13:04:55,0.1,150,164350
20240222,13:05:27,0.1,300,164350
20240222,13:05:30,0.1,50,164350
20240222,13:05:33,0.1,1300,164350
20240222,13:06:51,0.1,150,164350
20240222,13:08:12,0.1,250,164350
20240222,13:08:25,0.1,300,165700
20240222,13:10:01,0.15,1800,165700
20240222,13:10:51,0.1,300,165700
20240222,13:10:52,0.1,400,164450
20240222,13:10:54,0.1,250,164450
20240222,13:11:33,0.1,100,164450
20240222,13:11:39,0.1,100,164450
20240222,13:13:13,0.15,1800,164450
20240222,13:13:21,0.15,650,164450
20240222,13:18:51,0.1,400,164450
20240222,13:19:09,0.1,600,162950
20240222,13:19:10,0.1,300,162950
20240222,13:22:25,0.1,450,162950
20240222,13:25:46,0.15,50,163200
20240222,13:31:45,0.1,1800,163200
20240222,13:31:48,0.1,5400,163200
20240222,13:31:49,0.1,3800,163200
20240222,13:35:06,0.15,550,164700
20240222,13:35:21,0.1,550,164700
20240222,13:36:40,0.1,50,164700
20240222,13:36:41,0.1,50,164700
20240222,13:36:42,0.1,100,164700
20240222,13:37:05,0.1,1600,164700
20240222,13:38:01,0.1,50,164950
20240222,13:39:00,0.05,50,164950
20240222,13:39:41,0.05,500,164950
20240222,13:39:46,0.05,50,164950
20240222,13:40:16,0.05,50,164950
20240222,13:40:27,0.05,50,164950
20240222,13:43:24,0.1,50,164950
20240222,13:45:59,0.05,50,164950
20240222,13:48:30,0.1,50,164950
20240222,13:50:00,0.05,50,164950
20240222,13:51:59,0.05,150,164950
20240222,13:53:29,0.05,1000,165000
20240222,13:53:41,0.1,1800,165000
20240222,13:53:48,0.05,200,165000
20240222,13:56:26,0.1,50,166000
20240222,13:56:35,0.1,50,166000
20240222,13:56:44,0.1,50,166000
20240222,13:56:54,0.05,150,166000
20240222,13:58:15,0.1,50,166000
20240222,13:58:19,0.05,50,166000
20240222,13:58:35,0.1,200,166000
20240222,13:58:40,0.1,50,166000
20240222,13:58:41,0.05,1500,166000
20240222,13:58:45,0.05,750,166000
20240222,13:58:52,0.1,50,166000
20240222,13:59:12,0.1,50,166000
20240222,13:59:34,0.05,100,166000
20240222,13:59:44,0.1,400,166000
20240222,13:59:44,0.05,50,166000
20240222,14:00:33,0.05,50,166000
20240222,14:01:17,0.1,500,166000
20240222,14:03:45,0.1,50,165600
20240222,14:03:59,0.1,50,165600
20240222,14:05:27,0.1,50,165600
20240222,14:05:28,0.1,50,165600
20240222,14:05:29,0.1,50,165600
20240222,14:05:30,0.1,50,165600
20240222,14:05:31,0.1,50,165600
20240222,14:05:32,0.1,50,165600
20240222,14:05:33,0.1,50,165600
20240222,14:05:34,0.1,50,165600
20240222,14:05:35,0.1,50,165600
20240222,14:05:36,0.1,50,165600
20240222,14:05:37,0.1,50,165600
20240222,14:05:38,0.1,50,165600
20240222,14:05:39,0.1,50,165600
20240222,14:05:40,0.1,50,165600
20240222,14:05:42,0.1,50,165600
20240222,14:05:43,0.1,50,165600
20240222,14:05:44,0.1,50,165600
20240222,14:05:45,0.1,50,165600
20240222,14:05:46,0.1,50,165600
20240222,14:05:47,0.1,50,165600
20240222,14:05:48,0.1,50,165600
20240222,14:05:49,0.1,50,165600
20240222,14:05:50,0.1,50,165600
20240222,14:05:51,0.1,50,165600
20240222,14:05:52,0.1,50,165600
20240222,14:05:53,0.1,50,165600
20240222,14:05:54,0.1,50,165600
20240222,14:05:55,0.1,50,165600
20240222,14:05:56,0.1,50,165600
20240222,14:05:57,0.1,50,165600
20240222,14:05:58,0.1,50,165600
20240222,14:05:59,0.1,50,165600
20240222,14:06:00,0.1,50,165600
20240222,14:06:01,0.1,50,165600
20240222,14:06:02,0.1,50,165600
20240222,14:06:03,0.1,50,165600
20240222,14:06:04,0.1,50,165600
20240222,14:06:05,0.1,50,165600
20240222,14:06:06,0.1,50,165600
20240222,14:06:57,0.1,50,165600
20240222,14:07:11,0.05,50,165600
20240222,14:07:12,0.05,200,165600
20240222,14:07:13,0.05,200,165600
20240222,14:07:14,0.05,200,165600
20240222,14:07:15,0.05,200,165600
20240222,14:07:16,0.05,200,165600
20240222,14:07:17,0.05,200,165600
20240222,14:07:18,0.05,200,165600
20240222,14:07:19,0.05,200,165600
20240222,14:07:20,0.05,200,165600
20240222,14:07:21,0.05,100,165600
20240222,14:08:00,0.05,400,165600
20240222,14:10:43,0.1,250,166000
20240222,14:10:44,0.1,50,166000
20240222,14:10:51,0.1,50,166000
20240222,14:10:52,0.1,50,166000
20240222,14:10:53,0.1,50,166000
20240222,14:10:54,0.1,50,166000
20240222,14:10:55,0.1,50,166000
20240222,14:10:56,0.1,50,166000
20240222,14:10:57,0.1,50,166000
20240222,14:10:58,0.1,50,166000
20240222,14:10:59,0.1,50,166000
20240222,14:11:00,0.1,50,166000
20240222,14:11:01,0.1,50,166000
20240222,14:11:02,0.1,50,166000
20240222,14:11:03,0.1,50,166000
20240222,14:11:03,0.05,50,166000
20240222,14:11:04,0.1,50,166000
20240222,14:11:05,0.1,50,166000
20240222,14:11:06,0.1,50,166000
20240222,14:11:07,0.1,50,166000
20240222,14:11:08,0.1,50,166000
20240222,14:11:10,0.1,100,166000
20240222,14:11:11,0.1,50,166000
20240222,14:11:12,0.1,50,166000
20240222,14:11:13,0.1,50,166000
20240222,14:11:14,0.1,50,166000
20240222,14:11:15,0.1,50,166000
20240222,14:11:16,0.1,50,166000
20240222,14:11:17,0.1,50,166000
20240222,14:11:18,0.1,50,166000
20240222,14:11:19,0.1,50,166000
20240222,14:11:20,0.1,50,166000
20240222,14:11:21,0.1,50,166000
20240222,14:11:22,0.1,50,166000
20240222,14:11:23,0.1,50,166000
20240222,14:11:24,0.1,50,166000
20240222,14:11:25,0.1,50,166000
20240222,14:11:26,0.1,50,166000
20240222,14:11:27,0.1,50,166000
20240222,14:12:04,0.05,50,166000
20240222,14:12:05,0.05,200,166000
20240222,14:12:06,0.05,200,166000
20240222,14:12:07,0.05,200,166000
20240222,14:12:08,0.05,200,166000
20240222,14:12:09,0.05,200,166000
20240222,14:12:10,0.05,200,166000
20240222,14:12:11,0.05,200,166000
20240222,14:12:12,0.05,200,166000
20240222,14:12:44,0.05,50,166000
20240222,14:12:47,0.05,50,166000
20240222,14:12:48,0.05,50,166000
20240222,14:13:33,0.1,50,166000
20240222,14:13:34,0.1,50,166000
20240222,14:13:35,0.1,50,166000
20240222,14:13:36,0.1,50,166000
20240222,14:13:37,0.1,50,166000
20240222,14:13:38,0.1,50,166000
20240222,14:13:39,0.1,50,166000
20240222,14:13:40,0.1,50,166000
20240222,14:13:41,0.1,50,166000
20240222,14:13:42,0.1,50,166000
20240222,14:13:43,0.1,50,166000
20240222,14:13:45,0.05,1800,166000
20240222,14:14:05,0.05,50,166000
20240222,14:14:06,0.05,50,166000
20240222,14:14:07,0.05,50,166000
20240222,14:14:08,0.05,50,166000
20240222,14:14:09,0.05,50,166000
20240222,14:14:12,0.1,50,166000
20240222,14:15:02,0.1,50,166000
20240222,14:15:03,0.1,50,166000
20240222,14:15:04,0.1,50,166000
20240222,14:15:05,0.1,50,166000
20240222,14:15:06,0.1,50,166000
20240222,14:15:07,0.1,50,166000
20240222,14:15:08,0.1,50,166000
20240222,14:15:09,0.1,50,166000
20240222,14:15:46,0.05,50,166000
20240222,14:15:48,0.05,50,166000
20240222,14:15:49,0.05,200,166000
20240222,14:15:50,0.05,200,166000
20240222,14:15:51,0.05,200,166000
20240222,14:15:52,0.05,50,166000
20240222,14:17:45,0.05,1000,166000
20240222,14:18:26,0.05,1000,166000
20240222,14:18:38,0.1,50,166000
20240222,14:19:19,0.1,50,166000
20240222,14:19:52,0.05,1600,166000
20240222,14:19:52,0.05,1800,166000
20240222,14:20:50,0.1,50,166000
20240222,14:22:13,0.05,50,166000
20240222,14:23:43,0.05,50,166000
20240222,14:25:23,0.05,1800,166000
20240222,14:25:24,0.05,1800,166000
20240222,14:25:25,0.05,1400,166000
20240222,14:25:40,0.1,2650,166000
20240222,14:25:53,0.1,400,166000
20240222,14:26:13,0.05,600,166000
20240222,14:26:13,0.05,150,166000
20240222,14:27:21,0.05,1000,166000
20240222,14:27:34,0.05,50,166000
20240222,14:28:26,0.05,50,166000
20240222,14:29:31,0.05,1800,166000
20240222,14:30:30,0.1,50,163750
20240222,14:30:31,0.1,50,163750
20240222,14:30:32,0.1,50,163750
20240222,14:30:33,0.1,50,163750
20240222,14:30:33,0.1,150,163750
20240222,14:30:34,0.1,50,163750
20240222,14:30:35,0.1,50,163750
20240222,14:30:36,0.1,50,163750
20240222,14:30:37,0.1,50,163750
20240222,14:30:38,0.1,50,163750
20240222,14:30:39,0.1,50,163750
20240222,14:30:40,0.1,50,163750
20240222,14:30:42,0.1,150,163750
20240222,14:30:43,0.1,50,163750
20240222,14:30:58,0.1,50,163750
20240222,14:30:59,0.1,50,163750
20240222,14:31:00,0.1,50,163750
20240222,14:31:01,0.1,50,163750
20240222,14:31:02,0.1,50,163750
20240222,14:31:03,0.1,50,163750
20240222,14:31:04,0.1,50,163750
20240222,14:31:05,0.1,50,163750
20240222,14:31:06,0.1,50,163750
20240222,14:31:07,0.1,50,163750
20240222,14:31:08,0.1,50,163750
20240222,14:31:09,0.1,50,163750
20240222,14:31:10,0.1,50,163750
20240222,14:31:11,0.1,50,163750
20240222,14:31:12,0.1,50,163750
20240222,14:31:13,0.1,50,163750
20240222,14:31:14,0.1,50,163750
20240222,14:31:15,0.1,50,163750
20240222,14:31:32,0.1,50,163750
20240222,14:31:46,0.05,50,164700
20240222,14:31:47,0.05,200,164700
20240222,14:31:48,0.05,200,164700
20240222,14:31:49,0.05,200,164700
20240222,14:31:50,0.05,200,164700
20240222,14:31:51,0.05,200,164700
20240222,14:31:54,0.05,50,164700
20240222,14:31:55,0.05,200,164700
20240222,14:31:56,0.05,250,164700
20240222,14:32:39,0.1,450,164700
20240222,14:33:00,0.1,600,164700
20240222,14:33:42,0.05,50,164700
20240222,14:34:35,0.05,50,164700
20240222,14:36:00,0.1,250,162700
20240222,14:36:20,0.05,50,162700
20240222,14:36:42,0.1,1000,162700
20240222,14:37:03,0.05,50,162700
20240222,14:37:50,0.05,50,162300
20240222,14:39:57,0.1,450,162300
20240222,14:40:00,0.1,450,162300
20240222,14:40:37,0.1,250,161350
20240222,14:41:05,0.1,50,161350
20240222,14:41:06,0.1,50,161350
20240222,14:41:07,0.1,50,161350
20240222,14:41:08,0.1,50,161350
20240222,14:41:09,0.1,50,161350
20240222,14:41:10,0.1,50,161350
20240222,14:41:11,0.1,50,161350
20240222,14:41:12,0.1,50,161350
20240222,14:41:13,0.1,50,161350
20240222,14:41:14,0.1,50,161350
20240222,14:41:15,0.1,50,161350
20240222,14:41:16,0.1,50,161350
20240222,14:41:17,0.1,50,161350
20240222,14:41:18,0.1,50,161350
20240222,14:41:19,0.1,50,161350
20240222,14:41:20,0.1,50,161350
20240222,14:41:21,0.1,50,161350
20240222,14:41:22,0.1,50,161350
20240222,14:41:23,0.1,50,161350
20240222,14:41:24,0.1,50,161350
20240222,14:41:25,0.1,50,161350
20240222,14:41:26,0.1,50,161350
20240222,14:41:27,0.1,50,161350
20240222,14:41:28,0.1,50,161350
20240222,14:41:29,0.1,50,161350
20240222,14:41:30,0.1,50,161350
20240222,14:41:31,0.1,50,161350
20240222,14:41:32,0.1,50,161350
20240222,14:41:33,0.1,50,161350
20240222,14:41:34,0.1,50,161350
20240222,14:41:35,0.1,50,161350
20240222,14:41:36,0.1,50,161350
20240222,14:41:37,0.1,50,161350
20240222,14:41:38,0.1,50,161350
20240222,14:41:39,0.1,50,161350
20240222,14:41:40,0.1,50,161350
20240222,14:41:42,0.05,150,161350
20240222,14:41:46,0.1,50,161350
20240222,14:41:47,0.1,50,161350
20240222,14:41:48,0.1,50,161350
20240222,14:41:49,0.1,200,161350
20240222,14:41:50,0.1,50,161350
20240222,14:41:51,0.1,50,161350
20240222,14:42:28,0.05,100,161350
20240222,14:42:29,0.05,200,161350
20240222,14:42:30,0.05,200,161350
20240222,14:42:31,0.05,200,161350
20240222,14:42:33,0.05,200,161350
20240222,14:42:34,0.05,200,161350
20240222,14:42:35,0.05,200,161350
20240222,14:42:36,0.05,200,161350
20240222,14:42:37,0.05,200,161350
20240222,14:42:38,0.05,200,161350
20240222,14:42:39,0.05,200,161350
20240222,14:42:40,0.05,100,161350
20240222,14:42:43,0.05,900,161350
20240222,14:42:44,0.05,900,161350
20240222,14:42:46,0.05,900,161350
20240222,14:42:49,0.05,900,161350
20240222,14:42:51,0.05,900,161350
20240222,14:42:53,0.05,900,161350
20240222,14:42:53,0.1,250,161350
20240222,14:42:55,0.05,900,161350
20240222,14:42:56,0.1,250,161350
20240222,14:42:58,0.05,900,161350
20240222,14:42:59,0.05,900,161350
20240222,14:43:02,0.1,250,161350
20240222,14:43:02,0.05,900,161350
20240222,14:43:05,0.05,900,161350
20240222,14:43:06,0.1,250,161350
20240222,14:43:08,0.05,900,161350
20240222,14:43:10,0.05,900,161350
20240222,14:43:13,0.1,350,161350
20240222,14:43:14,0.1,50,161350
20240222,14:43:15,0.1,50,161350
20240222,14:43:16,0.1,50,161350
20240222,14:43:17,0.1,50,161350
20240222,14:43:18,0.1,50,161350
20240222,14:43:19,0.1,50,161350
20240222,14:43:20,0.1,50,161350
20240222,14:43:21,0.1,50,161350
20240222,14:43:22,0.1,50,161350
20240222,14:43:23,0.1,50,161350
20240222,14:43:24,0.1,50,161350
20240222,14:43:25,0.1,50,161350
20240222,14:43:26,0.1,50,161350
20240222,14:43:31,0.1,50,161350
20240222,14:43:39,0.1,50,161350
20240222,14:43:40,0.1,50,145600
20240222,14:43:41,0.1,50,145600
20240222,14:43:42,0.1,50,145600
20240222,14:43:44,0.1,50,145600
20240222,14:43:45,0.1,50,145600
20240222,14:43:46,0.1,50,145600
20240222,14:43:47,0.1,50,145600
20240222,14:43:48,0.1,50,145600
20240222,14:43:49,0.1,50,145600
20240222,14:43:50,0.1,50,145600
20240222,14:43:51,0.1,50,145600
20240222,14:43:52,0.1,50,145600
20240222,14:43:53,0.1,50,145600
20240222,14:43:54,0.1,50,145600
20240222,14:43:55,0.1,750,145600
20240222,14:43:56,0.1,1850,145600
20240222,14:43:57,0.1,50,145600
20240222,14:43:58,0.1,50,145600
20240222,14:43:59,0.1,50,145600
20240222,14:44:00,0.1,50,145600
20240222,14:44:01,0.1,50,145600
20240222,14:44:02,0.1,50,145600
20240222,14:44:03,0.1,50,145600
20240222,14:44:04,0.1,50,145600
20240222,14:44:05,0.1,50,145600
20240222,14:44:06,0.1,50,145600
20240222,14:44:07,0.1,50,145600
20240222,14:44:08,0.1,50,145600
20240222,14:44:09,0.1,50,145600
20240222,14:44:10,0.1,50,145600
20240222,14:44:11,0.1,50,145600
20240222,14:44:12,0.1,50,145600
20240222,14:44:13,0.1,50,145600
20240222,14:44:14,0.1,50,145600
20240222,14:44:15,0.1,50,145600
20240222,14:44:16,0.1,50,145600
20240222,14:44:17,0.1,50,145600
20240222,14:44:18,0.1,50,145600
20240222,14:44:19,0.1,50,145600
20240222,14:44:20,0.1,50,145600
20240222,14:44:21,0.1,50,145600
20240222,14:44:22,0.1,50,145600
20240222,14:44:23,0.1,50,145600
20240222,14:44:24,0.1,50,145600
20240222,14:44:25,0.1,50,145600
20240222,14:44:26,0.1,50,145600
20240222,14:44:27,0.1,50,145600
20240222,14:44:28,0.1,50,145600
20240222,14:44:42,0.05,800,145600
20240222,14:45:10,0.1,50,145600
20240222,14:45:29,0.05,50,145600
20240222,14:45:30,0.05,50,145600
20240222,14:45:31,0.05,50,145600
20240222,14:45:32,0.05,50,145600
20240222,14:45:33,0.05,200,145600
20240222,14:45:34,0.05,200,145600
20240222,14:45:35,0.05,200,145600
20240222,14:45:36,0.05,200,145600
20240222,14:45:37,0.05,200,145600
20240222,14:45:38,0.05,200,145600
20240222,14:45:39,0.05,200,145600
20240222,14:45:40,0.05,200,145600
20240222,14:45:41,0.05,200,145600
20240222,14:45:42,0.05,50,145600
20240222,14:45:45,0.05,50,145600
20240222,14:45:46,0.05,50,145600
20240222,14:45:47,0.05,200,145600
20240222,14:45:49,0.1,3600,145600
20240222,14:45:50,0.15,15950,145600
20240222,14:45:51,0.2,17700,145600
20240222,14:45:53,0.05,50,145600
20240222,14:45:54,0.05,200,145600
20240222,14:45:55,0.05,200,145600
20240222,14:45:56,0.05,250,145600
20240222,14:45:57,0.05,100,145600
20240222,14:46:07,0.05,350,145600
20240222,14:46:14,0.1,300,145600
20240222,14:46:20,0.1,300,145600
20240222,14:46:22,0.1,300,145600
20240222,14:46:24,0.1,100,145600
20240222,14:46:48,0.05,150,158800
20240222,14:46:49,0.05,150,158800
20240222,14:50:57,0.1,50,158500
20240222,14:50:58,0.1,50,158500
20240222,14:50:59,0.1,50,158500
20240222,14:51:00,0.1,50,158500
20240222,14:51:01,0.1,50,158500
20240222,14:51:02,0.1,50,158500
20240222,14:51:03,0.1,50,158500
20240222,14:51:04,0.1,50,158500
20240222,14:51:05,0.1,50,158500
20240222,14:51:06,0.1,50,158500
20240222,14:51:07,0.1,50,158500
20240222,14:51:08,0.1,50,158500
20240222,14:51:09,0.1,50,158500
20240222,14:51:21,0.05,200,158500
20240222,14:51:22,0.05,200,158500
20240222,14:51:23,0.05,50,158500
20240222,14:51:47,0.05,200,158500
20240222,14:51:56,0.05,300,158500
20240222,14:52:35,0.1,50,158500
20240222,14:52:36,0.1,50,158500
20240222,14:52:37,0.1,50,158500
20240222,14:52:38,0.1,50,158500
20240222,14:52:39,0.1,50,158150
20240222,14:52:40,0.1,50,158150
20240222,14:52:41,0.1,50,158150
20240222,14:52:42,0.1,50,158150
20240222,14:52:43,0.1,50,158150
20240222,14:52:44,0.1,50,158150
20240222,14:52:45,0.1,50,158150
20240222,14:52:46,0.1,50,158150
20240222,14:52:47,0.1,50,158150
20240222,14:52:48,0.1,50,158150
20240222,14:52:49,0.1,50,158150
20240222,14:52:50,0.1,50,158150
20240222,14:52:51,0.1,50,158150
20240222,14:52:52,0.1,50,158150
20240222,14:52:53,0.1,50,158150
20240222,14:52:54,0.1,50,158150
20240222,14:52:55,0.1,50,158150
20240222,14:52:57,0.1,100,158150
20240222,14:52:58,0.1,50,158150
20240222,14:52:59,0.1,50,158150
20240222,14:53:00,0.1,50,158150
20240222,14:53:01,0.1,50,158150
20240222,14:53:02,0.1,50,158150
20240222,14:53:03,0.1,50,158150
20240222,14:53:04,0.1,50,158150
20240222,14:53:05,0.1,50,158150
20240222,14:53:06,0.1,50,158150
20240222,14:53:07,0.1,50,158150
20240222,14:53:08,0.1,50,158150
20240222,14:53:09,0.1,50,158150
20240222,14:53:10,0.1,50,158150
20240222,14:53:11,0.1,50,158150
20240222,14:53:12,0.1,50,158150
20240222,14:53:13,0.1,50,158150
20240222,14:53:14,0.1,50,158150
20240222,14:53:16,0.1,50,158150
20240222,14:53:17,0.1,50,158150
20240222,14:53:31,0.1,50,158150
20240222,14:53:32,0.1,50,158150
20240222,14:53:33,0.1,50,158150
20240222,14:53:34,0.1,50,158150
20240222,14:53:35,0.1,50,158150
20240222,14:53:37,0.1,50,158150
20240222,14:53:39,0.05,50,158150
20240222,14:53:40,0.1,50,158150
20240222,14:53:41,0.1,50,158150
20240222,14:53:42,0.1,50,158150
20240222,14:54:03,0.1,50,158150
20240222,14:54:04,0.1,50,158150
20240222,14:54:05,0.1,50,158150
20240222,14:54:06,0.1,50,158150
20240222,14:54:07,0.1,50,158150
20240222,14:54:08,0.1,50,158150
20240222,14:54:09,0.1,50,158150
20240222,14:54:17,0.1,50,158150
20240222,14:54:18,0.1,50,158150
20240222,14:54:19,0.1,50,158150
20240222,14:54:20,0.1,50,158150
20240222,14:54:21,0.1,50,158150
20240222,14:54:22,0.15,15000,158150
20240222,14:54:23,0.1,550,158150
20240222,14:54:24,0.1,400,158150
20240222,14:54:25,0.1,100,158150
20240222,14:54:26,0.1,350,158150
20240222,14:54:32,0.05,15300,158150
20240222,14:54:39,0.05,200,158150
20240222,14:54:40,0.05,200,158150
20240222,14:54:41,0.05,200,158150
20240222,14:54:42,0.05,200,158150
20240222,14:54:43,0.05,200,158150
20240222,14:54:44,0.05,200,158150
20240222,14:54:45,0.05,200,158150
20240222,14:54:46,0.05,200,158150
20240222,14:54:47,0.05,200,158150
20240222,14:54:48,0.05,200,158150
20240222,14:54:49,0.05,200,158150
20240222,14:54:50,0.05,200,158150
20240222,14:54:51,0.05,200,158150
20240222,14:54:52,0.05,250,158150
20240222,14:54:53,0.05,150,158150
20240222,14:54:54,0.05,150,158150
20240222,14:54:55,0.05,150,158150
20240222,14:54:56,0.05,150,158150
20240222,14:54:57,0.1,200,158150
20240222,14:55:19,0.1,50,158150
20240222,14:55:20,0.1,50,158150
20240222,14:55:21,0.1,50,158150
20240222,14:55:22,0.1,50,158150
20240222,14:55:23,0.1,50,158150
20240222,14:55:24,0.1,50,158150
20240222,14:55:25,0.1,50,158150
20240222,14:55:26,0.1,50,158150
20240222,14:55:27,0.1,50,158150
20240222,14:55:28,0.1,50,158150
20240222,14:55:29,0.1,50,158150
20240222,14:55:30,0.1,50,158150
20240222,14:55:31,0.1,50,158150
20240222,14:55:32,0.1,50,158150
20240222,14:55:33,0.1,50,158150
20240222,14:55:34,0.1,50,158150
20240222,14:55:35,0.1,50,158150
20240222,14:55:36,0.1,50,158150
20240222,14:55:37,0.1,50,158150
20240222,14:55:38,0.1,50,158150
20240222,14:55:39,0.1,50,158150
20240222,14:55:44,0.1,50,157150
20240222,14:55:45,0.1,50,157150
20240222,14:55:46,0.1,50,157150
20240222,14:55:47,0.1,50,157150
20240222,14:55:48,0.1,50,157150
20240222,14:55:49,0.1,50,157150
20240222,14:55:50,0.1,50,157150
20240222,14:55:51,0.1,50,157150
20240222,14:55:52,0.1,50,157150
20240222,14:55:53,0.1,50,157150
20240222,14:55:54,0.1,50,157150
20240222,14:55:55,0.1,50,157150
20240222,14:55:56,0.1,50,157150
20240222,14:55:57,0.1,50,157150
20240222,14:55:58,0.1,50,157150
20240222,14:55:59,0.1,50,157150
20240222,14:56:00,0.1,50,157150
20240222,14:56:01,0.1,50,157150
20240222,14:56:02,0.1,50,157150
20240222,14:56:03,0.1,50,157150
20240222,14:56:29,0.05,200,157150
20240222,14:56:30,0.05,200,157150
20240222,14:56:31,0.05,200,157150
20240222,14:56:32,0.05,200,157150
20240222,14:56:33,0.05,200,157150
20240222,14:56:48,0.05,50,157150
20240222,14:56:49,0.05,200,157150
20240222,14:56:50,0.05,200,157150
20240222,14:56:51,0.05,200,157150
20240222,14:56:53,0.1,500,157150
20240222,14:56:54,0.1,18000,157150
20240222,14:56:57,0.1,19500,157150
20240222,14:57:24,0.05,18000,157150
20240222,14:57:26,0.05,18000,157150
20240222,14:57:46,0.05,200,157150
20240222,14:57:47,0.05,200,157150
20240222,14:58:56,0.1,50,157150
20240222,14:58:57,0.1,50,129800
20240222,14:58:58,0.1,50,129800
20240222,14:58:58,0.05,1300,129800
20240222,14:58:59,0.1,50,129800
20240222,14:59:00,0.1,50,129800
20240222,14:59:01,0.1,50,129800
20240222,14:59:02,0.1,50,129800
20240222,14:59:03,0.1,50,129800
20240222,14:59:04,0.1,50,129800
20240222,14:59:05,0.1,50,129800
20240222,14:59:06,0.1,50,129800
20240222,14:59:07,0.1,50,129800
20240222,14:59:08,0.1,50,129800
20240222,14:59:09,0.1,50,129800
20240222,14:59:10,0.1,50,129800
20240222,14:59:11,0.1,50,129800
20240222,14:59:12,0.1,1550,129800
20240222,14:59:13,0.1,50,129800
20240222,14:59:14,0.1,50,129800
20240222,14:59:15,0.1,50,129800
20240222,14:59:16,0.1,50,129800
20240222,14:59:21,0.05,100,129800
20240222,15:00:00,0.05,200,129800
20240222,15:00:01,0.05,200,129800
20240222,15:00:02,0.05,200,129800
20240222,15:00:03,0.05,200,129800
20240222,15:00:04,0.05,200,129800
20240222,15:00:05,0.05,50,129800
20240222,15:00:15,0.1,50,129800
20240222,15:00:16,0.1,50,129800
20240222,15:00:17,0.1,50,129800
20240222,15:00:17,0.05,50,129800
20240222,15:00:18,0.1,50,129800
20240222,15:00:19,0.1,50,129800
20240222,15:00:21,0.1,100,129800
20240222,15:00:22,0.1,50,129800
20240222,15:00:23,0.1,50,129800
20240222,15:00:24,0.1,50,129800
20240222,15:00:25,0.1,50,129800
20240222,15:00:26,0.1,50,129800
20240222,15:00:27,0.1,50,129800
20240222,15:00:28,0.1,50,129800
20240222,15:00:35,0.05,200,129800
20240222,15:00:36,0.05,200,129800
20240222,15:00:37,0.05,200,129800
20240222,15:00:38,0.05,100,129800
20240222,15:01:00,0.1,50,129800
20240222,15:01:14,0.05,50,129800
20240222,15:01:44,0.1,50,131100
20240222,15:01:46,0.1,50,131100
20240222,15:01:48,0.1,100,131100
20240222,15:01:49,0.1,100,131100
20240222,15:01:50,0.1,100,131100
20240222,15:01:51,0.1,100,131100
20240222,15:01:52,0.1,100,131100
20240222,15:01:53,0.1,100,131100
20240222,15:01:54,0.1,100,131100
20240222,15:01:55,0.1,100,131100
20240222,15:01:56,0.1,100,131100
20240222,15:01:57,0.1,100,131100
20240222,15:01:59,0.1,50,131100
20240222,15:02:00,0.1,50,131100
20240222,15:02:01,0.1,150,131100
20240222,15:02:02,0.1,100,131100
20240222,15:02:03,0.1,50,131100
20240222,15:02:04,0.1,50,131100
20240222,15:02:05,0.1,50,131100
20240222,15:02:06,0.1,50,131100
20240222,15:02:07,0.1,50,131100
20240222,15:02:08,0.1,150,131100
20240222,15:02:09,0.1,150,131100
20240222,15:02:10,0.1,150,131100
20240222,15:02:11,0.1,150,131100
20240222,15:02:12,0.1,200,131100
20240222,15:02:13,0.1,200,131100
20240222,15:02:14,0.1,200,131100
20240222,15:02:15,0.1,150,131100
20240222,15:02:16,0.1,150,131100
20240222,15:02:17,0.1,150,131100
20240222,15:02:18,0.1,150,131100
20240222,15:02:19,0.1,200,131100
20240222,15:02:20,0.1,200,131100
20240222,15:02:21,0.1,350,131100
20240222,15:02:22,0.1,600,131100
20240222,15:02:23,0.1,750,131100
20240222,15:02:25,0.1,500,131100
20240222,15:02:26,0.05,800,131100
20240222,15:02:27,0.05,750,131100
20240222,15:02:28,0.05,200,131100
20240222,15:02:29,0.05,850,131100
20240222,15:02:30,0.1,500,131100
20240222,15:02:52,0.1,550,131100
20240222,15:03:02,0.05,50,131100
20240222,15:03:06,0.1,700,131100
20240222,15:03:08,0.1,600,131100
20240222,15:03:10,0.1,550,131100
20240222,15:03:59,0.1,50,131100
20240222,15:04:00,0.1,50,131100
20240222,15:04:01,0.1,50,131100
20240222,15:04:02,0.1,50,131100
20240222,15:04:03,0.1,50,131100
20240222,15:04:04,0.1,50,131100
20240222,15:04:05,0.1,50,131100
20240222,15:04:06,0.1,50,131100
20240222,15:04:07,0.1,550,131100
20240222,15:04:09,0.1,150,131100
20240222,15:04:10,0.1,650,131100
20240222,15:04:11,0.1,50,131100
20240222,15:04:12,0.1,100,131100
20240222,15:04:13,0.1,200,131100
20240222,15:04:14,0.1,1350,131100
20240222,15:04:15,0.1,100,131100
20240222,15:04:16,0.1,3150,131100
20240222,15:04:17,0.1,2850,131100
20240222,15:04:19,0.1,50,131100
20240222,15:04:19,0.1,150,131100
20240222,15:04:20,0.15,300,131100
20240222,15:04:22,0.1,300,131100
20240222,15:04:26,0.1,600,131100
20240222,15:04:46,0.05,200,131100
20240222,15:04:47,0.05,200,141200
20240222,15:05:09,0.05,50,141200
20240222,15:05:33,0.1,50,141200
20240222,15:05:57,0.1,50,141200
20240222,15:05:58,0.1,50,141200
20240222,15:05:59,0.1,50,141200
20240222,15:06:00,0.1,50,141200
20240222,15:06:01,0.1,50,141200
20240222,15:06:02,0.1,50,141200
20240222,15:06:03,0.1,50,141200
20240222,15:06:04,0.1,50,141200
20240222,15:06:05,0.1,50,141200
20240222,15:06:06,0.1,50,141200
20240222,15:06:07,0.1,50,141200
20240222,15:06:08,0.1,50,141200
20240222,15:06:09,0.1,50,141200
20240222,15:06:10,0.1,50,141200
20240222,15:06:15,0.1,50,141200
20240222,15:06:16,0.1,50,141200
20240222,15:06:17,0.1,50,141200
20240222,15:06:18,0.1,50,141200
20240222,15:06:19,0.1,50,141200
20240222,15:06:20,0.1,50,141200
20240222,15:06:21,0.1,50,141200
20240222,15:06:22,0.1,50,141200
20240222,15:06:23,0.1,50,141200
20240222,15:06:24,0.1,50,141200
20240222,15:06:25,0.1,50,141200
20240222,15:07:54,0.05,200,141200
20240222,15:07:55,0.05,200,142050
20240222,15:07:56,0.05,200,142050
20240222,15:08:03,0.05,200,142050
20240222,15:08:04,0.05,200,142050
20240222,15:08:05,0.05,200,142050
20240222,15:08:06,0.05,50,142050
20240222,15:09:13,0.1,50,142050
20240222,15:09:14,0.1,50,142050
20240222,15:09:15,0.1,50,142050
20240222,15:09:16,0.1,50,142050
20240222,15:09:17,0.1,50,142050
20240222,15:09:18,0.1,50,142050
20240222,15:10:56,0.05,150,141100
20240222,15:10:57,0.05,150,141100
20240222,15:10:58,0.05,700,141100
20240222,15:11:20,0.05,250,141100
20240222,15:12:48,0.1,1800,141100
20240222,15:12:50,0.05,3150,141100
20240222,15:13:01,0.05,50,141100
20240222,15:13:03,0.05,2100,141100
20240222,15:13:13,0.1,1800,141100
20240222,15:13:18,0.1,1800,141100
20240222,15:13:24,0.1,1800,141100
20240222,15:13:32,0.1,1800,141100
20240222,15:13:46,0.05,50,140500
20240222,15:13:50,0.1,50,140500
20240222,15:14:50,0.1,1800,140500
20240222,15:15:00,0.1,1800,140500
20240222,15:15:06,0.05,50,140500
20240222,15:15:07,0.05,1800,140500
20240222,15:15:09,0.05,200,140500
20240222,15:15:10,0.05,1800,140500
20240222,15:15:11,0.05,1800,140500
20240222,15:15:20,0.1,1000,140500
20240222,15:15:22,0.05,500,140500
20240222,15:15:33,0.05,100,140500
20240222,15:16:36,0.05,1050,140500
20240222,15:16:37,0.05,300,140500
20240222,15:16:50,0.05,150,140500
20240222,15:16:52,0.05,250,138800
20240222,15:17:15,0.05,250,138800
20240222,15:17:40,0.1,200,138800
20240222,15:18:09,0.05,50,138800
20240222,15:21:37,0.05,1800,138800
20240222,15:23:08,0.05,50,138700
20240222,15:23:20,0.05,50,140350
20240222,15:23:27,0.05,450,140350
20240222,15:25:32,0.05,200,140350
20240222,15:28:09,0.05,1800,140600
20240222,15:28:18,0.05,800,140600
