date,time,tick_price,volume,open_interest
20231227,09:31:16,586.0,350,700
20231227,09:31:24,587.0,350,700
20231227,09:35:23,601.65,50,700
20231227,09:46:08,601.65,100,750
20231227,09:47:09,569.2,50,750
20231227,09:51:38,566.95,100,900
20231227,09:53:10,563.75,50,900
20231227,09:56:21,561.15,150,800
20231227,10:02:11,561.15,150,900
20231227,10:08:04,567.0,500,950
20231227,10:09:05,567.0,100,950
20231227,10:10:34,578.95,50,950
20231227,10:12:06,567.85,100,1100
20231227,10:20:02,571.25,50,1100
20231227,10:21:20,566.7,50,1050
20231227,10:27:07,562.0,50,1100
20231227,10:30:49,544.05,50,1100
20231227,10:31:28,544.05,250,1100
20231227,10:31:38,545.7,150,1100
20231227,10:33:52,550.95,50,1350
20231227,10:36:24,556.0,50,1400
20231227,10:41:02,556.2,50,1450
20231227,10:47:17,568.25,50,1400
20231227,10:51:15,556.3,100,1400
20231227,11:06:52,561.55,100,1450
20231227,11:31:03,557.8,50,1550
20231227,11:35:40,552.0,250,1550
20231227,11:39:03,550.05,50,1600
20231227,11:39:14,548.35,50,1600
20231227,11:39:45,546.3,250,1600
20231227,11:41:01,545.3,50,1600
20231227,11:41:08,546.3,200,1600
20231227,11:42:06,544.5,50,1850
20231227,11:42:50,548.25,50,1850
20231227,11:47:41,558.75,50,1850
20231227,11:48:41,559.95,50,1900
20231227,11:48:57,557.3,50,1900
20231227,11:59:35,551.65,50,1900
20231227,11:59:57,549.55,50,1900
20231227,12:00:48,547.6,50,1950
20231227,12:06:14,536.35,50,2000
20231227,12:08:37,530.0,50,2000
20231227,12:12:19,530.0,150,2050
20231227,12:15:04,542.15,50,2050
20231227,12:22:49,561.95,50,2100
20231227,12:23:32,575.0,50,2100
20231227,12:24:50,583.45,450,2150
20231227,12:25:59,574.05,400,2150
20231227,12:26:28,581.95,250,2150
20231227,12:26:38,579.8,300,2150
20231227,12:29:37,585.0,100,2950
20231227,12:31:23,601.5,50,2950
20231227,12:39:00,567.35,400,2950
20231227,12:53:28,553.15,150,3350
20231227,12:53:42,554.0,50,3350
20231227,12:53:44,553.9,50,3350
20231227,12:56:05,557.9,100,3450
20231227,13:01:36,576.95,100,3550
20231227,13:02:03,573.95,50,3550
20231227,13:02:18,580.0,100,3550
20231227,13:17:27,580.0,50,3700
20231227,13:22:28,572.5,50,3750
20231227,13:27:23,569.6,50,3750
20231227,13:41:09,590.0,100,3800
20231227,13:43:50,578.6,50,3900
20231227,14:19:13,548.95,50,3950
20231227,14:19:43,550.6,50,3950
20231227,14:24:59,550.6,3000,4050
20231227,14:25:29,553.45,500,4050
20231227,14:25:46,558.65,500,4050
20231227,14:27:39,552.45,50,4600
20231227,14:29:04,551.2,50,4600
20231227,14:29:07,551.2,550,4600
20231227,14:30:08,549.1,600,4600
20231227,14:38:17,531.9,50,4950
20231227,14:38:34,533.95,50,4950
20231227,14:38:50,533.9,50,4950
20231227,14:39:46,528.55,50,5050
20231227,14:39:58,526.2,50,5050
20231227,14:40:23,524.9,50,5050
20231227,14:40:49,523.45,50,5050
20231227,14:40:58,523.45,50,5050
20231227,14:41:06,527.85,50,5050
20231227,14:41:18,527.75,50,5050
20231227,14:41:48,527.85,100,5050
20231227,14:41:59,527.0,100,5050
20231227,14:42:11,528.55,100,5050
20231227,14:47:28,519.3,50,5550
20231227,14:47:39,519.15,50,5550
20231227,14:51:05,519.15,100,5600
20231227,14:51:49,526.1,500,5550
20231227,14:52:19,526.1,150,5550
20231227,14:52:21,526.1,400,5550
20231227,14:52:29,526.55,500,5550
20231227,14:53:15,522.75,50,5550
20231227,14:53:17,522.4,50,5550
20231227,14:54:19,520.3,50,5550
20231227,14:54:54,517.55,50,6750
20231227,14:55:01,515.0,500,6750
20231227,14:55:27,515.0,500,6750
20231227,14:56:27,523.6,50,6750
20231227,15:01:17,500.85,100,7400
20231227,15:01:22,500.3,150,7400
20231227,15:01:23,497.85,200,7400
20231227,15:01:25,497.7,50,7400
20231227,15:01:30,495.95,50,7400
20231227,15:01:42,487.0,50,7400
20231227,15:01:43,484.95,800,7400
20231227,15:02:20,480.3,500,7400
20231227,15:02:41,480.3,50,7400
20231227,15:03:05,469.75,50,7400
20231227,15:03:55,469.75,150,7350
20231227,15:05:10,472.45,150,7350
20231227,15:06:40,463.7,50,7400
20231227,15:06:45,462.95,50,7400
20231227,15:06:46,460.2,50,7400
20231227,15:06:51,460.0,50,7400
20231227,15:07:44,451.45,50,7400
20231227,15:08:37,444.95,50,7400
20231227,15:09:10,444.95,50,7400
20231227,15:09:50,458.1,50,7450
20231227,15:10:07,453.4,50,7450
20231227,15:10:48,452.95,50,7450
20231227,15:11:19,456.1,50,7450
20231227,15:11:23,456.2,100,7450
20231227,15:11:39,455.1,50,7450
20231227,15:12:46,446.15,50,7750
20231227,15:13:08,445.4,50,7750
20231227,15:13:09,446.0,50,7750
20231227,15:15:04,459.55,100,7750
20231227,15:15:16,458.35,100,7750
20231227,15:16:17,459.15,50,7950
20231227,15:19:58,459.3,50,8000
20231227,15:21:42,460.3,50,8050
20231227,15:22:58,464.85,600,8050
20231227,15:23:48,470.3,50,8050
20231227,15:24:29,466.2,100,8750
20231227,15:25:49,465.0,50,8750
20231227,15:26:47,458.35,50,8750
20231227,15:28:41,456.8,50,8750
20231228,09:15:50,433.95,1,8700
20231228,09:15:50,433.95,100,8700
20231228,09:16:03,430.1,250,8700
20231228,09:16:04,426.5,100,8700
20231228,09:16:51,421.55,50,8700
20231228,09:16:55,419.05,200,8700
20231228,09:17:33,419.1,150,8700
20231228,09:17:49,421.6,50,8800
20231228,09:18:16,421.2,50,8800
20231228,09:19:03,421.2,50,8800
20231228,09:19:08,422.3,50,8800
20231228,09:19:35,425.45,200,8800
20231228,09:19:56,423.35,150,8800
20231228,09:20:22,415.0,100,8800
20231228,09:20:35,408.25,50,8800
20231228,09:20:37,408.25,50,8800
20231228,09:20:40,410.2,250,8800
20231228,09:20:43,408.85,100,8800
20231228,09:20:57,404.15,300,9500
20231228,09:21:08,402.5,50,9500
20231228,09:21:12,402.5,50,9500
20231228,09:21:16,404.8,50,9500
20231228,09:21:19,402.25,300,9500
20231228,09:21:20,402.25,100,9500
20231228,09:21:29,404.0,50,9500
20231228,09:21:33,404.0,50,9500
20231228,09:21:54,405.0,1000,9500
20231228,09:22:06,402.95,50,9500
20231228,09:22:07,402.3,50,9500
20231228,09:22:14,400.0,50,9500
20231228,09:22:26,400.0,500,9500
20231228,09:22:39,401.2,50,9500
20231228,09:23:01,403.0,50,9500
20231228,09:23:03,403.1,50,9500
20231228,09:23:08,404.6,100,9500
20231228,09:23:17,406.4,50,9500
20231228,09:23:36,402.0,500,9500
20231228,09:23:39,403.5,50,9500
20231228,09:23:49,402.65,250,12050
20231228,09:24:30,402.65,50,12050
20231228,09:25:15,402.9,50,12050
20231228,09:25:35,404.15,50,12050
20231228,09:26:52,407.75,50,12400
20231228,09:27:20,408.0,50,12400
20231228,09:27:27,407.0,100,12400
20231228,09:28:44,407.0,50,12400
20231228,09:29:04,408.95,50,12400
20231228,09:29:46,408.95,50,12400
20231228,09:30:19,405.0,400,12550
20231228,09:30:48,408.0,50,12550
20231228,09:30:49,407.75,250,12550
20231228,09:30:53,407.65,50,12550
20231228,09:31:03,407.75,50,12550
20231228,09:32:00,408.5,100,12550
20231228,09:32:03,409.65,50,12550
20231228,09:32:08,410.0,50,12550
20231228,09:32:14,407.95,100,12550
20231228,09:32:31,405.0,50,12550
20231228,09:32:37,404.25,50,12550
20231228,09:34:20,411.0,400,13150
20231228,09:34:32,423.55,300,13150
20231228,09:34:38,420.4,250,13150
20231228,09:36:10,420.0,50,13300
20231228,09:37:36,418.7,50,13300
20231228,09:37:58,420.0,50,13300
20231228,09:39:16,415.0,200,13300
20231228,09:42:05,418.05,50,13300
20231228,09:42:30,415.0,50,13500
20231228,09:42:40,415.0,50,13500
20231228,09:43:01,402.65,100,13500
20231228,09:46:41,411.45,200,13500
20231228,09:47:43,400.0,50,13500
20231228,09:47:45,401.05,350,13500
20231228,09:47:50,397.45,50,13500
20231228,09:47:51,397.45,50,13500
20231228,09:47:56,400.45,250,13450
20231228,09:48:32,400.45,50,13450
20231228,09:50:20,398.6,100,13450
20231228,09:50:54,398.6,100,13400
20231228,09:52:15,401.7,100,13400
20231228,09:52:17,403.15,50,13400
20231228,09:53:17,401.0,200,13400
20231228,09:53:47,400.05,50,13400
20231228,09:54:04,403.95,150,13800
20231228,09:54:19,403.6,50,13800
20231228,09:54:20,403.25,100,13800
20231228,09:54:22,403.7,50,13800
20231228,09:55:38,405.65,100,13800
20231228,09:55:45,413.7,50,13800
20231228,09:55:46,414.9,50,13800
20231228,09:55:48,417.5,50,13800
20231228,09:55:50,420.0,50,13800
20231228,09:55:51,424.5,50,13800
20231228,09:56:01,417.8,250,13800
20231228,09:56:20,410.85,50,13800
20231228,09:57:11,413.8,50,14100
20231228,09:58:30,420.0,50,14100
20231228,09:58:32,420.0,150,14100
20231228,09:58:40,417.45,50,14100
20231228,10:02:00,420.0,50,14100
20231228,10:03:18,430.0,400,14100
20231228,10:03:26,442.2,50,14100
20231228,10:03:31,442.2,300,14100
20231228,10:03:34,435.25,600,14100
20231228,10:03:52,435.0,300,14100
20231228,10:04:23,434.1,200,14100
20231228,10:04:42,439.9,50,14100
20231228,10:05:03,446.8,200,14100
20231228,10:05:33,446.8,150,14100
20231228,10:05:34,441.4,850,14100
20231228,10:05:38,445.0,200,14100
20231228,10:06:40,449.4,200,14100
20231228,10:06:44,451.5,50,14100
20231228,10:06:57,456.8,50,14100
20231228,10:07:00,460.0,300,14100
20231228,10:07:18,460.0,100,14100
20231228,10:07:21,462.25,100,14100
20231228,10:07:40,462.25,50,14100
20231228,10:09:45,443.0,50,13900
20231228,10:09:50,444.1,50,13900
20231228,10:10:23,416.65,50,13900
20231228,10:10:43,431.0,150,13900
20231228,10:11:32,452.15,50,13900
20231228,10:11:33,455.0,50,13900
20231228,10:12:05,458.3,50,13850
20231228,10:13:17,458.3,50,13850
20231228,10:13:37,458.0,250,13850
20231228,10:14:08,455.0,200,13850
20231228,10:14:17,450.9,50,13850
20231228,10:18:03,440.0,150,14100
20231228,10:18:08,438.95,50,14100
20231228,10:19:20,442.45,50,14100
20231228,10:20:25,437.0,1000,14100
20231228,10:21:18,449.55,200,14800
20231228,10:21:26,450.9,50,14800
20231228,10:22:35,456.45,50,14800
20231228,10:25:23,430.6,50,14800
20231228,10:25:43,441.75,150,15050
20231228,10:29:09,440.0,50,15100
20231228,10:30:23,426.7,50,15150
20231228,10:30:24,424.35,200,15150
20231228,10:30:26,423.75,800,15150
20231228,10:31:03,430.35,50,15150
20231228,10:31:13,433.7,50,15150
20231228,10:31:50,437.05,50,15150
20231228,10:33:11,437.0,300,15350
20231228,10:36:29,444.15,50,15350
20231228,10:36:51,444.0,50,15350
20231228,10:36:56,444.0,250,15350
20231228,10:37:20,449.3,150,15350
20231228,10:40:31,450.7,50,15150
20231228,10:40:33,453.35,50,15150
20231228,10:41:29,448.95,50,15150
20231228,10:41:39,449.0,150,15150
20231228,10:47:21,438.75,150,15250
20231228,10:50:58,433.15,50,15300
20231228,10:51:13,434.4,50,15300
20231228,10:52:04,436.05,50,15300
20231228,10:52:48,441.35,150,15300
20231228,10:53:16,443.25,50,15300
20231228,10:53:54,441.05,100,15300
20231228,10:54:49,450.5,150,15300
20231228,10:55:31,451.05,50,15300
20231228,10:56:42,447.2,150,15300
20231228,10:58:29,461.45,50,15300
20231228,10:58:41,456.25,50,15300
20231228,10:59:31,448.0,50,15300
20231228,10:59:37,449.9,50,15300
20231228,11:05:59,445.75,100,15350
20231228,11:06:04,445.25,50,15400
20231228,11:07:33,438.95,50,15400
20231228,11:08:06,425.0,200,15400
20231228,11:08:51,415.0,200,15400
20231228,11:09:01,410.0,50,15400
20231228,11:09:02,411.75,50,15400
20231228,11:09:07,399.7,50,15700
20231228,11:09:12,404.95,50,15700
20231228,11:09:57,411.8,100,15700
20231228,11:10:12,406.9,100,15700
20231228,11:10:27,410.0,50,15700
20231228,11:11:19,409.85,50,15700
20231228,11:11:30,411.35,50,15700
20231228,11:12:39,408.5,50,15850
20231228,11:13:57,406.0,400,15850
20231228,11:14:09,405.05,50,15850
20231228,11:14:32,406.5,50,15850
20231228,11:14:55,413.0,400,15850
20231228,11:15:14,415.35,150,15850
20231228,11:15:16,412.1,600,15850
20231228,11:15:36,422.95,100,15850
20231228,11:16:04,411.6,250,15850
20231228,11:17:14,414.25,50,15850
20231228,11:18:37,413.45,50,16000
20231228,11:19:23,415.75,100,16000
20231228,11:19:45,416.65,100,16000
20231228,11:20:38,416.8,50,16000
20231228,11:20:57,415.7,50,16000
20231228,11:21:00,415.5,200,16000
20231228,11:23:32,419.95,50,16050
20231228,11:26:12,406.25,100,16050
20231228,11:26:25,407.45,100,16050
20231228,11:27:21,405.0,50,16050
20231228,11:29:51,406.25,500,16050
20231228,11:30:02,405.0,150,16050
20231228,11:30:46,409.95,50,16300
20231228,11:32:35,401.0,100,16300
20231228,11:32:45,400.3,50,16300
20231228,11:32:52,400.0,100,16300
20231228,11:35:08,403.25,50,16400
20231228,11:36:09,399.15,50,16450
20231228,11:36:25,394.0,50,16450
20231228,11:37:24,394.0,50,16450
20231228,11:37:56,401.1,50,16450
20231228,11:41:05,400.45,100,16500
20231228,11:42:56,401.55,100,16500
20231228,11:43:21,403.9,50,16500
20231228,11:43:22,406.25,350,16500
20231228,11:44:59,403.8,50,16500
20231228,11:45:26,400.0,50,16850
20231228,11:45:32,399.05,250,16850
20231228,11:47:13,400.65,50,16850
20231228,11:50:15,398.2,50,17050
20231228,11:50:48,396.8,50,17050
20231228,11:51:20,397.85,50,17150
20231228,11:53:23,402.8,350,17150
20231228,11:53:31,402.0,50,17150
20231228,11:54:48,400.0,50,16900
20231228,12:00:00,396.6,50,16900
20231228,12:00:23,396.0,50,16900
20231228,12:00:25,395.0,50,16900
20231228,12:00:58,400.0,100,16900
20231228,12:01:00,399.95,400,16900
20231228,12:02:03,398.0,250,16900
20231228,12:02:07,398.0,250,16900
20231228,12:02:27,395.25,100,16900
20231228,12:02:29,393.65,100,16900
20231228,12:03:12,393.45,100,17250
20231228,12:03:57,392.6,150,17250
20231228,12:03:59,392.6,150,17250
20231228,12:04:01,393.0,100,17250
20231228,12:04:09,393.0,200,17250
20231228,12:05:04,390.0,100,17250
20231228,12:05:25,390.0,100,17250
20231228,12:09:08,393.1,600,17750
20231228,12:09:24,389.0,100,17750
20231228,12:09:48,389.0,2000,17750
20231228,12:10:53,388.2,500,17750
20231228,12:12:21,388.2,100,18800
20231228,12:13:49,394.7,250,18800
20231228,12:13:54,398.9,400,18800
20231228,12:13:57,399.05,450,18800
20231228,12:13:59,399.0,150,18800
20231228,12:14:07,399.9,50,18800
20231228,12:14:11,400.75,50,18800
20231228,12:14:36,399.75,100,18800
20231228,12:15:47,394.05,50,18800
20231228,12:15:52,393.6,50,18800
20231228,12:16:34,392.65,250,18800
20231228,12:17:27,393.8,50,18800
20231228,12:17:41,393.25,50,18800
20231228,12:20:08,391.15,150,19150
20231228,12:21:27,390.0,50,19000
20231228,12:22:34,388.0,50,19000
20231228,12:22:54,388.0,50,19000
20231228,12:22:56,387.85,100,19000
20231228,12:23:50,385.3,100,19000
20231228,12:24:59,382.45,50,19050
20231228,12:25:04,382.4,50,19050
20231228,12:25:44,381.35,50,19050
20231228,12:26:28,381.35,50,19050
20231228,12:26:38,382.05,50,19050
20231228,12:26:42,381.2,50,19050
20231228,12:27:47,380.0,50,19250
20231228,12:27:53,378.8,50,19250
20231228,12:28:00,372.05,100,19250
20231228,12:28:03,370.0,250,19250
20231228,12:28:05,367.35,250,19250
20231228,12:28:08,367.35,50,19250
20231228,12:28:30,373.8,50,19250
20231228,12:28:42,370.75,50,19250
20231228,12:29:02,370.75,50,19250
20231228,12:29:22,372.0,50,19250
20231228,12:29:43,370.15,50,19250
20231228,12:30:00,370.15,50,19250
20231228,12:30:29,372.0,50,19600
20231228,12:30:30,372.2,200,19600
20231228,12:30:34,371.75,50,19600
20231228,12:30:35,371.9,50,19600
20231228,12:30:55,370.5,1000,19600
20231228,12:30:58,371.55,50,19600
20231228,12:31:00,370.85,50,19600
20231228,12:31:07,372.55,100,19600
20231228,12:31:40,374.95,50,19600
20231228,12:31:41,373.65,50,19600
20231228,12:31:44,373.3,450,19600
20231228,12:31:48,373.7,50,19600
20231228,12:31:56,372.35,50,19600
20231228,12:32:52,374.0,50,19600
20231228,12:33:31,371.25,50,20400
20231228,12:33:34,372.8,50,20400
20231228,12:35:19,374.95,50,20400
20231228,12:35:27,377.4,100,20400
20231228,12:35:41,377.0,50,20400
20231228,12:35:59,378.75,50,20400
20231228,12:37:12,375.0,50,20400
20231228,12:37:54,373.55,150,20600
20231228,12:38:02,374.8,100,20600
20231228,12:40:07,374.75,200,20650
20231228,12:40:18,373.2,100,20650
20231228,12:40:21,374.85,100,20650
20231228,12:40:53,376.4,50,20650
20231228,12:40:56,375.6,250,20650
20231228,12:41:17,375.75,100,20650
20231228,12:41:23,375.05,100,20650
20231228,12:45:06,373.95,50,21300
20231228,12:45:07,373.95,50,21300
20231228,12:45:22,372.75,50,21400
20231228,12:46:45,370.0,50,21400
20231228,12:46:49,368.0,50,21400
20231228,12:47:05,369.15,50,21400
20231228,12:48:12,370.2,50,21400
20231228,12:48:27,369.75,500,21550
20231228,12:49:32,371.8,100,21550
20231228,12:49:37,373.4,500,21550
20231228,12:49:46,373.3,500,21550
20231228,12:49:54,374.6,600,21550
20231228,12:49:55,373.2,100,21550
20231228,12:50:12,374.55,500,21550
20231228,12:50:19,375.05,500,21550
20231228,12:50:28,381.05,650,21550
20231228,12:50:30,383.65,200,21550
20231228,12:50:32,383.35,250,21550
20231228,12:50:33,383.95,50,21550
20231228,12:50:35,383.35,50,21550
20231228,12:50:37,382.9,500,21550
20231228,12:50:45,381.25,500,21550
20231228,12:50:52,385.0,200,21550
20231228,12:50:55,390.0,500,21550
20231228,12:50:58,389.6,150,21550
20231228,12:51:00,393.4,150,21550
20231228,12:51:03,396.0,500,21550
20231228,12:51:25,386.2,50,27350
20231228,12:51:51,386.95,750,27350
20231228,12:51:53,383.45,200,27350
20231228,12:51:54,384.9,150,27350
20231228,12:51:56,385.25,200,27350
20231228,12:51:59,386.65,500,27350
20231228,12:52:07,387.65,500,27350
20231228,12:52:20,386.6,150,27350
20231228,12:52:32,387.75,200,27350
20231228,12:52:34,387.1,450,27350
20231228,12:52:37,389.0,500,27350
20231228,12:52:40,387.85,200,27350
20231228,12:53:02,389.6,500,27350
20231228,12:53:10,390.9,500,27350
20231228,12:53:18,390.5,500,27350
20231228,12:53:20,388.85,100,27350
20231228,12:53:23,388.55,100,27350
20231228,12:53:28,388.5,150,27350
20231228,12:57:47,381.8,500,30700
20231228,12:57:49,382.45,50,30700
20231228,12:57:57,381.65,50,30700
20231228,12:58:23,383.35,50,30700
20231228,12:58:25,381.95,50,30700
20231228,12:59:36,388.25,150,30700
20231228,12:59:47,388.15,500,30700
20231228,12:59:49,386.95,100,30700
20231228,13:00:17,392.4,200,30700
20231228,13:00:37,390.7,500,31300
20231228,13:00:48,389.4,500,31300
20231228,13:00:55,387.95,100,31300
20231228,13:00:57,388.6,100,31300
20231228,13:01:02,389.25,500,31300
20231228,13:01:12,387.5,500,31300
20231228,13:01:22,386.35,550,31300
20231228,13:01:27,385.8,100,31300
20231228,13:01:32,386.85,500,31300
20231228,13:01:34,385.85,100,31300
20231228,13:01:42,387.0,500,31300
20231228,13:01:52,386.95,500,31300
20231228,13:02:02,388.25,650,31300
20231228,13:02:04,386.1,100,31300
20231228,13:02:14,386.45,500,31300
20231228,13:02:32,386.4,500,31300
20231228,13:02:45,385.75,500,31300
20231228,13:03:03,385.2,250,31300
20231228,13:03:05,386.1,500,31300
20231228,13:03:25,385.4,600,37400
20231228,13:03:37,386.6,500,37400
20231228,13:03:45,384.95,100,37400
20231228,13:03:47,385.05,550,37400
20231228,13:03:56,386.45,500,37400
20231228,13:03:58,384.75,100,37400
20231228,13:04:08,387.9,500,37400
20231228,13:04:21,387.95,500,37400
20231228,13:04:23,386.45,100,37400
20231228,13:04:31,388.85,500,37400
20231228,13:04:41,386.45,100,37400
20231228,13:04:46,387.5,500,37400
20231228,13:04:58,387.3,500,37400
20231228,13:05:08,387.75,500,37400
20231228,13:05:19,385.4,600,37400
20231228,13:05:29,386.55,500,37400
20231228,13:05:58,387.15,200,37400
20231228,13:06:16,387.95,500,37400
20231228,13:06:23,386.15,200,43900
20231228,13:06:34,386.8,500,43900
20231228,13:06:41,385.25,200,43900
20231228,13:07:00,386.6,500,43900
20231228,13:07:05,385.25,200,43900
20231228,13:07:16,386.65,500,43900
20231228,13:07:26,385.65,50,43900
20231228,13:07:28,385.55,700,43900
20231228,13:07:38,386.7,500,43900
20231228,13:07:46,387.2,500,43900
20231228,13:07:56,387.5,500,43900
20231228,13:07:57,386.05,200,43900
20231228,13:08:01,386.15,200,43900
20231228,13:08:06,385.35,500,43900
20231228,13:08:09,383.45,50,43900
20231228,13:08:11,382.6,50,43900
20231228,13:08:16,382.25,100,43900
20231228,13:08:17,384.0,500,43900
20231228,13:08:29,383.55,700,43900
20231228,13:08:37,382.95,500,43900
20231228,13:08:47,383.25,500,43900
20231228,13:08:51,380.75,200,43900
20231228,13:08:56,382.15,500,43900
20231228,13:09:06,382.5,500,43900
20231228,13:09:16,382.95,500,43900
20231228,13:09:26,382.2,500,50900
20231228,13:09:29,378.3,50,50900
20231228,13:09:36,377.5,500,50900
20231228,13:09:39,378.05,450,50900
20231228,13:09:44,379.05,150,50900
20231228,13:09:47,380.3,500,50900
20231228,13:09:52,379.25,200,50900
20231228,13:10:04,379.55,200,50900
20231228,13:11:16,380.35,250,50900
20231228,13:12:16,379.0,50,50900
20231228,13:12:18,379.1,500,50900
20231228,13:12:33,379.55,500,52050
20231228,13:12:56,377.1,800,52050
20231228,13:13:10,376.85,500,52050
20231228,13:13:21,376.25,500,52050
20231228,13:13:33,375.9,500,52050
20231228,13:13:45,374.85,500,52050
20231228,13:13:48,374.9,250,52050
20231228,13:14:06,375.0,500,52050
20231228,13:14:16,377.1,500,52050
20231228,13:14:18,377.5,50,52050
20231228,13:14:28,376.85,350,52050
20231228,13:14:46,379.05,250,52050
20231228,13:15:01,378.3,50,52050
20231228,13:15:57,379.95,450,56000
20231228,13:16:09,380.85,350,56000
20231228,13:16:10,380.8,150,56000
20231228,13:16:19,382.0,200,56000
20231228,13:17:42,384.35,150,56000
20231228,13:19:10,385.0,50,56350
20231228,13:19:47,386.0,150,56350
20231228,13:20:22,386.0,250,56350
20231228,13:20:54,386.35,100,56350
20231228,13:22:38,385.0,50,56500
20231228,13:22:40,385.0,250,56500
20231228,13:23:54,389.9,200,56500
20231228,13:23:59,389.5,100,56500
20231228,13:24:00,389.25,100,56500
20231228,13:24:02,389.0,100,56500
20231228,13:24:08,389.0,100,56500
20231228,13:24:12,388.8,100,56500
20231228,13:24:25,389.2,100,55850
20231228,13:24:50,389.2,50,55850
20231228,13:24:51,390.0,50,55850
20231228,13:25:03,392.5,100,55850
20231228,13:25:06,393.0,100,55850
20231228,13:25:11,393.5,100,55850
20231228,13:25:23,392.2,100,55850
20231228,13:25:34,391.8,100,55850
20231228,13:25:51,390.5,200,55850
20231228,13:27:02,391.05,150,55850
20231228,13:27:13,393.0,50,55850
20231228,13:27:39,398.6,1000,55700
20231228,13:27:40,397.8,50,55700
20231228,13:27:49,396.0,50,55700
20231228,13:27:55,397.2,100,55700
20231228,13:27:59,399.9,50,55700
20231228,13:28:00,402.1,450,55700
20231228,13:28:04,403.2,50,55700
20231228,13:28:11,402.25,100,55700
20231228,13:28:14,404.25,50,55700
20231228,13:28:16,403.5,50,55700
20231228,13:28:19,403.5,50,55700
20231228,13:28:24,405.0,550,55700
20231228,13:28:29,405.0,50,55700
20231228,13:28:40,400.2,400,55700
20231228,13:28:57,398.15,200,55700
20231228,13:29:57,390.85,50,55700
20231228,13:30:10,390.95,150,55700
20231228,13:30:12,390.9,50,55700
20231228,13:30:22,389.35,50,55250
20231228,13:31:10,390.1,50,55250
20231228,13:33:14,396.35,50,55250
20231228,13:34:05,398.1,350,55200
20231228,13:34:14,397.25,200,55200
20231228,13:34:24,398.55,50,55200
20231228,13:35:22,397.5,350,55200
20231228,13:35:49,398.4,500,55200
20231228,13:36:17,397.6,250,55200
20231228,13:36:39,400.0,50,56150
20231228,13:38:10,394.25,100,56150
20231228,13:38:25,391.65,50,56150
20231228,13:39:07,389.85,100,56150
20231228,13:39:52,391.45,50,56050
20231228,13:40:06,389.3,100,56050
20231228,13:41:16,388.45,50,56050
20231228,13:41:44,385.75,100,56050
20231228,13:42:42,388.85,50,56100
20231228,13:42:51,390.0,150,56100
20231228,13:42:52,391.85,50,56100
20231228,13:43:29,394.05,200,56100
20231228,13:43:34,394.0,50,56100
20231228,13:43:36,393.25,50,56100
20231228,13:43:40,396.0,150,56100
20231228,13:44:07,395.0,200,56100
20231228,13:45:20,396.0,150,56100
20231228,13:45:21,395.7,50,56100
20231228,13:45:45,396.35,50,56450
20231228,13:46:18,399.4,500,56450
20231228,13:46:30,396.8,150,56450
20231228,13:46:31,395.55,50,56450
20231228,13:46:35,395.65,150,56450
20231228,13:46:38,396.25,100,56450
20231228,13:46:40,395.5,50,56450
20231228,13:46:41,395.3,50,56450
20231228,13:47:29,395.5,50,56450
20231228,13:48:47,395.95,50,56100
20231228,13:48:50,395.8,50,56100
20231228,13:49:30,395.5,50,56100
20231228,13:50:06,393.0,200,56100
20231228,13:50:11,392.75,200,56100
20231228,13:51:12,394.2,50,56100
20231228,13:51:23,394.15,250,56100
20231228,13:55:35,393.6,50,56400
20231228,13:56:42,395.0,50,56400
20231228,13:57:10,395.0,50,56400
20231228,13:57:38,395.15,100,56350
20231228,13:57:40,395.25,50,56350
20231228,13:58:55,396.65,50,56350
20231228,13:59:00,401.1,350,56350
20231228,13:59:11,403.15,50,56350
20231228,14:00:40,393.5,150,56300
20231228,14:02:40,389.5,50,56300
20231228,14:03:13,380.0,50,56300
20231228,14:03:16,379.4,150,56300
20231228,14:03:34,379.7,50,56450
20231228,14:04:03,378.4,400,56450
20231228,14:04:09,379.7,100,56450
20231228,14:05:48,381.9,50,56450
20231228,14:06:12,384.6,50,56450
20231228,14:07:06,381.75,200,56800
20231228,14:07:38,380.5,100,56800
20231228,14:07:40,379.7,50,56800
20231228,14:08:16,379.55,200,56800
20231228,14:08:59,380.35,100,56800
20231228,14:09:20,381.9,50,56800
20231228,14:09:40,381.9,100,57050
20231228,14:10:44,384.45,50,57050
20231228,14:10:53,387.6,50,57050
20231228,14:11:54,391.25,50,57050
20231228,14:12:50,390.65,250,57250
20231228,14:13:22,391.0,50,57250
20231228,14:13:30,391.5,200,57250
20231228,14:14:32,395.0,100,57250
20231228,14:15:30,391.1,50,57200
20231228,14:16:31,392.0,150,57200
20231228,14:16:32,391.55,50,57200
20231228,14:17:12,391.55,50,57200
20231228,14:17:14,391.55,50,57200
20231228,14:17:41,391.25,150,57200
20231228,14:17:59,391.0,400,57200
20231228,14:18:08,392.0,50,57200
20231228,14:20:51,398.0,50,57250
20231228,14:21:27,397.2,50,57250
20231228,14:22:07,394.0,100,57300
20231228,14:24:09,390.05,100,57300
20231228,14:25:46,392.25,50,57450
20231228,14:25:57,392.3,100,57450
20231228,14:26:17,389.0,100,57450
20231228,14:29:43,387.4,50,57450
20231228,14:30:11,391.0,150,57450
20231228,14:30:23,389.95,150,57450
20231228,14:30:52,390.0,50,57550
20231228,14:33:33,387.3,500,57550
20231228,14:35:15,390.75,50,57550
20231228,14:36:27,385.4,150,57550
20231228,14:38:13,389.0,50,58000
20231228,14:38:19,389.0,150,58000
20231228,14:39:30,392.15,50,58000
20231228,14:39:47,391.85,150,58050
20231228,14:41:03,398.0,100,58050
20231228,14:41:06,398.95,50,58050
20231228,14:41:08,398.35,50,58050
20231228,14:41:32,394.8,50,58050
20231228,14:41:53,393.0,150,58050
20231228,14:42:15,391.85,100,58050
20231228,14:42:18,391.85,250,58050
20231228,14:45:24,392.0,50,58150
20231228,14:46:39,393.55,50,58100
20231228,14:46:41,394.45,100,58100
20231228,14:46:47,395.85,400,58100
20231228,14:46:49,395.7,50,58100
20231228,14:46:51,396.35,400,58100
20231228,14:47:59,397.55,500,58100
20231228,14:48:25,401.45,200,58100
20231228,14:48:45,404.5,200,58200
20231228,14:48:46,405.65,300,58200
20231228,14:48:48,407.15,500,58200
20231228,14:48:54,410.0,50,58200
20231228,14:49:06,407.95,50,58200
20231228,14:49:16,406.8,200,58200
20231228,14:50:14,398.0,50,58200
20231228,14:52:04,398.8,100,58350
20231228,14:53:44,401.45,200,58350
20231228,14:53:49,403.3,50,58350
20231228,14:54:18,404.1,550,58350
20231228,14:54:29,400.8,600,58350
20231228,14:54:49,399.05,550,58850
20231228,14:55:17,396.8,150,58850
20231228,14:55:28,390.9,200,58850
20231228,14:55:38,391.45,50,58850
20231228,14:56:05,389.65,100,58850
20231228,14:57:05,390.05,50,58850
20231228,14:57:20,384.05,100,58850
20231228,14:57:22,384.65,100,58850
20231228,14:57:23,385.35,50,58850
20231228,14:57:25,385.55,150,58850
20231228,14:57:27,385.9,50,58850
20231228,14:57:38,379.0,350,58400
20231228,14:57:43,379.95,100,58400
20231228,14:57:45,378.3,50,58400
20231228,14:57:58,382.15,50,58400
20231228,14:58:18,379.8,50,58400
20231228,14:58:28,377.0,50,58400
20231228,14:58:56,382.05,150,58400
20231228,14:59:06,384.55,50,58400
20231228,14:59:30,386.55,50,58400
20231228,14:59:38,385.0,50,58400
20231228,15:00:09,377.05,50,58400
20231228,15:00:17,374.95,200,58400
20231228,15:00:36,373.5,100,58300
20231228,15:00:42,376.5,50,58300
20231228,15:01:12,377.1,50,58300
20231228,15:01:31,385.5,100,58300
20231228,15:01:53,393.15,50,58300
20231228,15:01:56,395.25,150,58300
20231228,15:01:58,395.05,50,58300
20231228,15:02:08,390.25,50,58300
20231228,15:02:11,385.3,150,58300
20231228,15:02:34,392.0,50,58300
20231228,15:03:46,384.0,50,58300
20231228,15:03:56,384.7,50,58300
20231228,15:04:04,382.45,500,58300
20231228,15:05:00,382.95,800,58300
20231228,15:05:14,379.05,800,58300
20231228,15:05:18,382.4,300,58300
20231228,15:05:25,382.75,50,58300
20231228,15:06:07,374.6,50,58300
20231228,15:06:15,378.55,200,58300
20231228,15:06:22,377.95,500,58300
20231228,15:06:28,378.55,50,58300
20231228,15:06:33,379.4,50,58300
20231228,15:06:52,379.2,50,58800
20231228,15:06:56,377.85,50,58800
20231228,15:07:01,377.6,50,58800
20231228,15:07:19,379.75,50,58800
20231228,15:07:49,377.85,50,58800
20231228,15:09:09,376.5,50,58800
20231228,15:09:10,375.05,150,58800
20231228,15:09:12,376.7,50,58800
20231228,15:09:19,375.0,50,58800
20231228,15:09:49,376.35,150,58700
20231228,15:10:06,380.5,750,58700
20231228,15:10:46,383.0,50,58700
20231228,15:10:48,382.45,50,58700
20231228,15:11:01,382.4,300,58700
20231228,15:11:34,382.5,100,58700
20231228,15:11:39,382.5,50,58700
20231228,15:12:09,382.0,100,58700
20231228,15:12:11,381.65,50,58700
20231228,15:12:19,381.6,50,58700
20231228,15:13:42,388.3,300,58600
20231228,15:14:20,384.9,50,58600
20231228,15:14:22,386.0,100,58600
20231228,15:14:32,385.0,100,58600
20231228,15:14:33,384.0,50,58600
20231228,15:14:43,382.25,100,58600
20231228,15:14:50,381.7,150,58600
20231228,15:15:26,378.65,100,58600
20231228,15:15:31,378.4,50,58600
20231228,15:15:49,377.95,100,58600
20231228,15:16:42,376.3,50,58550
20231228,15:17:05,375.35,50,58550
20231228,15:17:21,379.45,100,58550
20231228,15:17:34,380.75,200,58550
20231228,15:17:38,382.35,200,58550
20231228,15:18:13,383.0,50,58550
20231228,15:18:14,383.0,50,58550
20231228,15:18:29,383.8,300,58550
20231228,15:18:32,383.85,200,58550
20231228,15:18:52,381.0,50,58600
20231228,15:19:04,379.25,50,58600
20231228,15:19:35,381.1,50,58600
20231228,15:19:53,379.85,50,58600
20231228,15:19:55,380.95,100,58600
20231228,15:20:07,382.0,300,58600
20231228,15:20:15,381.2,100,58600
20231228,15:20:18,382.35,300,58600
20231228,15:20:23,381.95,50,58600
20231228,15:20:27,382.95,100,58600
20231228,15:20:32,383.0,300,58600
20231228,15:20:45,382.9,300,58600
20231228,15:20:54,381.6,50,58600
20231228,15:21:00,383.05,50,58600
20231228,15:21:18,382.85,50,58600
20231228,15:21:25,382.8,400,58600
20231228,15:21:38,383.0,3600,59800
20231228,15:21:44,382.85,50,59800
20231228,15:21:55,385.4,1850,59800
20231228,15:22:01,384.8,300,59800
20231228,15:22:11,384.05,50,59800
20231228,15:22:24,385.0,300,59800
20231228,15:22:41,387.3,500,59800
20231228,15:22:52,388.15,50,59800
20231228,15:23:05,391.8,50,59800
20231228,15:23:07,392.0,700,59800
20231228,15:23:20,392.05,50,59800
20231228,15:23:35,396.0,1050,59800
20231228,15:23:37,395.5,100,59800
20231228,15:23:38,395.5,50,59800
20231228,15:23:43,396.0,500,59800
20231228,15:23:50,400.0,350,59800
20231228,15:23:52,401.2,50,59800
20231228,15:23:53,401.8,400,59800
20231228,15:23:57,403.7,400,59800
20231228,15:24:00,404.15,50,59800
20231228,15:24:01,403.95,50,59800
20231228,15:24:03,406.55,250,59800
20231228,15:24:06,408.45,200,59800
20231228,15:24:10,411.0,50,59800
20231228,15:24:11,410.65,200,59800
20231228,15:24:17,414.35,300,59800
20231228,15:24:21,416.0,100,59800
20231228,15:24:26,419.45,450,59800
20231228,15:24:27,420.0,1800,59800
20231228,15:24:39,418.75,100,60000
20231228,15:24:46,422.3,200,60000
20231228,15:24:51,422.55,200,60000
20231228,15:24:52,423.25,500,60000
20231228,15:24:54,421.2,250,60000
20231228,15:24:56,421.3,500,60000
20231228,15:24:57,418.2,650,60000
20231228,15:24:59,416.4,300,60000
20231228,15:25:02,412.45,50,60000
20231228,15:25:06,410.0,200,60000
20231228,15:25:07,410.0,400,60000
20231228,15:25:12,404.25,50,60000
20231228,15:25:16,404.85,600,60000
20231228,15:25:19,405.4,100,60000
20231228,15:25:21,404.45,100,60000
20231228,15:25:24,405.7,200,60000
20231228,15:25:27,405.55,200,60000
20231228,15:25:41,404.95,50,60000
20231228,15:25:54,405.0,200,60000
20231228,15:25:59,405.5,150,60000
20231228,15:26:14,407.75,550,60000
20231228,15:26:19,408.1,50,60000
20231228,15:26:25,407.5,1600,60000
20231228,15:26:34,416.0,550,60000
20231228,15:26:35,414.4,200,60000
20231228,15:26:47,415.5,200,60000
20231228,15:26:55,416.7,200,60000
20231228,15:27:04,413.3,500,60000
20231228,15:27:12,411.85,50,60000
20231228,15:27:14,411.15,150,60000
20231228,15:27:15,410.55,50,60000
20231228,15:27:19,409.35,50,60000
20231228,15:27:22,410.1,50,60000
20231228,15:27:25,408.65,50,60000
20231228,15:27:30,408.95,50,60000
20231228,15:27:32,409.85,600,60000
20231228,15:27:34,409.75,50,60000
20231228,15:27:35,409.55,250,60000
20231228,15:27:37,409.55,100,60000
20231228,15:27:39,409.35,300,59700
20231228,15:27:42,409.65,50,59700
20231228,15:27:57,410.5,100,59700
20231228,15:28:05,409.1,400,59700
20231228,15:28:07,407.0,350,59700
20231228,15:28:10,412.55,200,59700
20231228,15:28:17,407.55,1600,59700
20231228,15:28:20,410.15,50,59700
20231228,15:28:30,412.25,100,59700
20231228,15:28:32,412.9,200,59700
20231228,15:28:33,411.05,300,59700
20231228,15:28:35,411.1,50,59700
20231228,15:28:43,412.4,750,59700
20231228,15:28:48,411.7,350,59700
20231228,15:28:55,409.7,150,59700
20231228,15:28:58,410.9,150,59700
20231228,15:29:00,409.8,150,59700
20231228,15:29:05,410.25,100,59700
20231228,15:29:10,409.2,100,59700
20231228,15:29:12,409.1,150,59700
20231228,15:29:17,409.65,550,59700
20231228,15:29:24,409.0,50,59700
20231228,15:29:26,409.3,1250,59700
20231228,15:29:27,409.0,1050,59700
20231228,15:29:29,408.1,1450,59700
20231228,15:29:31,408.25,1250,59700
20231228,15:29:32,408.9,1400,59700
20231228,15:29:34,410.45,900,59700
20231228,15:29:36,408.2,1300,59700
20231228,15:29:37,408.1,1350,59700
20231228,15:29:39,409.35,700,59700
20231228,15:29:41,410.9,450,59700
20231228,15:29:42,408.35,750,59700
20231228,15:29:44,412.95,300,59700
20231228,15:29:46,413.5,200,59700
20231228,15:29:47,408.45,550,59700
20231228,15:29:49,413.2,250,59700
20231228,15:29:50,408.9,100,59700
20231228,15:29:52,415.15,250,59700
20231228,15:30:00,365.0,150,59700
20231229,09:15:07,442.55,1,61600
20231229,09:15:07,439.5,300,61600
20231229,09:15:08,443.05,900,61600
20231229,09:15:09,440.1,600,61600
20231229,09:15:10,439.0,450,61600
20231229,09:15:11,440.85,200,61600
20231229,09:15:12,441.45,700,61600
20231229,09:15:13,440.15,1450,61600
20231229,09:15:15,441.65,700,61600
20231229,09:15:20,452.35,900,61600
20231229,09:15:23,453.3,800,61600
20231229,09:15:24,453.6,1800,61600
20231229,09:15:25,456.75,50,61600
20231229,09:15:28,460.95,50,61600
20231229,09:15:29,463.0,100,61600
20231229,09:15:30,467.3,50,61600
20231229,09:15:31,467.3,50,61600
20231229,09:15:34,457.25,600,61600
20231229,09:15:36,456.4,300,61600
20231229,09:15:43,450.0,400,61600
20231229,09:15:46,445.65,50,61600
20231229,09:15:48,447.2,50,61600
20231229,09:15:52,454.6,50,61600
20231229,09:15:55,452.5,50,61600
20231229,09:15:57,452.9,250,61600
20231229,09:16:00,454.8,150,61600
20231229,09:16:02,456.7,50,61600
20231229,09:16:03,455.6,350,61600
20231229,09:16:06,458.9,350,61600
20231229,09:16:07,458.0,50,61600
20231229,09:16:08,456.5,150,61600
20231229,09:16:15,454.7,50,61600
20231229,09:16:17,455.0,250,61600
20231229,09:16:22,454.7,100,61600
20231229,09:16:31,458.55,50,61600
20231229,09:16:34,460.0,200,61600
20231229,09:16:47,466.1,200,61600
20231229,09:16:50,464.9,50,61600
20231229,09:16:51,461.35,50,61600
20231229,09:16:56,462.6,100,61600
20231229,09:16:58,463.8,50,61600
20231229,09:17:00,464.65,500,61600
20231229,09:17:01,463.6,500,61600
20231229,09:17:02,462.45,100,61600
20231229,09:17:03,463.6,300,61600
20231229,09:17:04,463.9,100,61600
20231229,09:17:05,463.4,150,61600
20231229,09:17:06,462.55,50,63750
20231229,09:17:09,466.4,100,63750
20231229,09:17:10,465.55,50,63750
20231229,09:17:11,466.5,150,63750
20231229,09:17:12,465.05,50,63750
20231229,09:17:17,466.4,50,63750
20231229,09:17:22,467.4,100,63750
20231229,09:17:31,467.45,200,63750
20231229,09:17:37,467.1,150,63750
20231229,09:17:45,465.0,200,63750
20231229,09:17:55,468.95,600,63750
20231229,09:17:58,468.95,50,63750
20231229,09:18:00,468.85,50,63750
20231229,09:18:01,467.1,100,63750
20231229,09:18:03,470.8,300,63750
20231229,09:18:25,471.8,50,63750
20231229,09:18:30,472.4,300,63750
20231229,09:18:31,472.4,50,63750
20231229,09:18:32,470.1,100,63750
20231229,09:18:33,469.7,100,63750
20231229,09:18:35,468.1,150,63750
20231229,09:18:35,469.25,100,63750
20231229,09:18:36,468.95,50,63750
20231229,09:18:37,466.65,100,63750
20231229,09:18:41,465.0,400,63750
20231229,09:18:47,466.1,50,63750
20231229,09:18:50,468.45,1000,63750
20231229,09:18:50,466.35,50,63750
20231229,09:19:13,470.0,100,63750
20231229,09:19:15,466.0,100,63750
20231229,09:19:41,464.5,50,63750
20231229,09:19:42,464.2,200,63750
20231229,09:19:51,462.15,50,63750
20231229,09:19:59,462.25,50,63750
20231229,09:20:01,464.2,50,63750
20231229,09:20:14,468.95,100,65450
20231229,09:20:15,467.85,100,65450
20231229,09:20:24,456.65,100,65450
20231229,09:20:26,455.8,50,65450
20231229,09:20:27,453.55,50,65450
20231229,09:20:28,455.6,500,65450
20231229,09:20:30,455.15,50,65450
20231229,09:20:38,458.1,100,65450
20231229,09:20:47,450.55,50,65450
20231229,09:20:49,451.3,100,65450
20231229,09:20:50,451.85,50,65450
20231229,09:21:06,450.65,50,65450
20231229,09:21:08,450.35,200,65450
20231229,09:21:11,452.75,50,65450
20231229,09:21:23,455.9,100,65450
20231229,09:21:39,458.15,700,65450
20231229,09:21:43,460.0,200,65450
20231229,09:21:54,465.6,100,65450
20231229,09:22:00,463.6,250,65450
20231229,09:22:01,462.15,50,65450
20231229,09:22:08,457.85,250,65450
20231229,09:22:16,457.85,50,65450
20231229,09:22:17,456.95,50,65450
20231229,09:22:28,455.9,100,65450
20231229,09:22:39,456.75,50,65450
20231229,09:23:43,452.75,50,65500
20231229,09:23:44,451.85,350,65500
20231229,09:23:45,451.2,1800,65500
20231229,09:24:01,444.0,50,65500
20231229,09:24:05,441.0,50,65500
20231229,09:24:13,441.5,50,65500
20231229,09:24:17,441.0,50,65500
20231229,09:24:20,441.0,50,65500
20231229,09:24:27,445.25,50,65500
20231229,09:25:14,448.05,200,65500
20231229,09:25:21,445.25,100,65500
20231229,09:25:24,443.2,300,65500
20231229,09:25:31,442.0,50,65500
20231229,09:25:46,444.25,50,65500
20231229,09:26:01,445.75,100,65500
20231229,09:26:09,441.9,200,68100
20231229,09:26:10,441.9,50,68100
20231229,09:26:23,444.95,200,68100
20231229,09:26:31,445.65,50,68100
20231229,09:26:32,445.05,200,68100
20231229,09:26:48,441.9,100,68100
20231229,09:26:51,440.05,550,68100
20231229,09:26:57,439.0,150,68100
20231229,09:27:02,439.5,2000,68100
20231229,09:27:18,438.4,200,68100
20231229,09:27:22,438.4,50,68100
20231229,09:27:27,439.65,50,68100
20231229,09:27:29,438.45,50,68100
20231229,09:27:30,435.0,50,68100
20231229,09:27:31,434.0,400,68100
20231229,09:27:38,433.8,100,68100
20231229,09:27:39,433.8,400,68100
20231229,09:27:59,435.9,50,68100
20231229,09:28:12,432.5,50,68100
20231229,09:28:31,432.5,200,68100
20231229,09:28:33,441.45,50,68100
20231229,09:28:37,441.4,400,68100
20231229,09:29:02,437.85,100,68100
20231229,09:29:09,436.4,50,67350
20231229,09:29:34,435.0,500,67350
20231229,09:29:35,436.0,50,67350
20231229,09:29:41,435.0,50,67350
20231229,09:29:48,432.0,100,67350
20231229,09:29:49,430.8,50,67350
20231229,09:29:52,430.8,50,67350
20231229,09:29:54,432.6,50,67350
20231229,09:29:57,435.1,50,67350
20231229,09:30:00,434.25,50,67350
20231229,09:30:01,434.55,50,67350
20231229,09:30:03,431.5,50,67350
20231229,09:30:08,437.4,100,67350
20231229,09:30:09,437.35,50,67350
20231229,09:30:10,437.35,50,67350
20231229,09:30:33,437.35,50,67350
20231229,09:30:34,435.0,2000,67350
20231229,09:30:36,435.1,50,67350
20231229,09:30:45,432.0,50,67350
20231229,09:30:51,431.1,50,67350
20231229,09:30:54,430.0,50,67350
20231229,09:30:56,429.8,100,67350
20231229,09:31:03,429.25,50,67350
20231229,09:31:10,429.25,50,67350
20231229,09:31:23,430.05,50,67350
20231229,09:31:28,431.25,200,67350
20231229,09:32:17,433.6,100,70100
20231229,09:32:37,432.55,50,70100
20231229,09:32:40,429.85,100,70100
20231229,09:32:43,431.8,100,70100
20231229,09:32:46,428.3,100,70100
20231229,09:32:49,427.75,200,70100
20231229,09:32:50,429.1,50,70100
20231229,09:32:54,429.3,50,70100
20231229,09:32:55,425.2,250,70100
20231229,09:33:05,425.2,50,70100
20231229,09:33:12,421.7,50,70100
20231229,09:33:18,421.7,50,70100
20231229,09:33:22,423.05,50,70100
20231229,09:33:32,423.0,100,70100
20231229,09:33:37,423.0,50,70100
20231229,09:33:48,423.4,100,70100
20231229,09:34:03,421.0,50,70100
20231229,09:34:04,420.0,100,70100
20231229,09:34:27,419.85,200,70100
20231229,09:34:33,418.8,50,70100
20231229,09:34:37,416.2,150,70100
20231229,09:34:40,415.0,50,70100
20231229,09:34:48,415.0,50,70100
20231229,09:35:03,416.8,50,70100
20231229,09:35:06,417.7,150,70100
20231229,09:35:55,420.7,50,70800
20231229,09:35:59,420.5,50,70800
20231229,09:36:11,423.1,150,70800
20231229,09:36:17,425.25,50,70800
20231229,09:36:19,424.05,100,70800
20231229,09:36:20,422.2,50,70800
20231229,09:36:42,422.0,50,70800
20231229,09:36:44,422.5,100,70800
20231229,09:36:49,422.2,450,70800
20231229,09:37:21,420.9,1500,70800
20231229,09:37:43,426.5,450,70800
20231229,09:37:46,426.2,50,70800
20231229,09:37:54,426.25,50,70800
20231229,09:38:03,426.7,100,70800
20231229,09:38:05,428.4,450,70800
20231229,09:38:49,428.4,50,72950
20231229,09:39:42,436.0,5000,72950
20231229,09:39:44,436.6,50,72950
20231229,09:39:47,436.05,5000,72950
20231229,09:39:55,433.0,100,72950
20231229,09:40:10,436.5,50,72950
20231229,09:40:12,438.0,50,72950
20231229,09:40:13,439.0,200,72950
20231229,09:40:14,440.0,50,72950
20231229,09:40:15,440.0,50,72950
20231229,09:40:34,436.95,50,72950
20231229,09:40:40,436.6,50,72950
20231229,09:40:50,440.0,50,72950
20231229,09:40:54,439.35,50,72950
20231229,09:41:02,436.2,100,72950
20231229,09:41:06,436.2,50,72950
20231229,09:41:07,436.0,300,72950
20231229,09:41:23,439.9,50,82400
20231229,09:41:29,441.05,5000,82400
20231229,09:41:36,444.5,50,82400
20231229,09:41:58,441.15,50,82400
20231229,09:42:03,445.0,400,82400
20231229,09:42:27,445.2,100,82400
20231229,09:42:43,444.0,50,82400
20231229,09:43:03,437.2,50,82400
20231229,09:43:33,446.5,50,82400
20231229,09:43:38,446.5,200,82400
20231229,09:43:44,445.8,100,82400
20231229,09:44:20,450.0,50,87150
20231229,09:44:37,445.0,50,87150
20231229,09:44:39,444.0,50,87150
20231229,09:45:37,444.65,50,87150
20231229,09:45:56,447.0,50,87150
20231229,09:46:06,452.95,50,87150
20231229,09:46:19,450.9,50,87150
20231229,09:46:33,448.5,50,87150
20231229,09:47:33,448.45,50,87100
20231229,09:48:04,450.1,100,87100
20231229,09:48:08,449.1,50,87100
20231229,09:48:10,448.4,50,87100
20231229,09:49:38,449.0,50,87100
20231229,09:49:41,448.85,50,87100
20231229,09:49:51,449.0,50,87100
20231229,09:49:52,448.6,50,87100
20231229,09:50:16,449.7,50,86950
20231229,09:51:07,450.9,50,86950
20231229,09:52:06,445.95,50,86950
20231229,09:53:17,452.45,300,87050
20231229,09:53:36,452.45,50,87050
20231229,09:54:14,449.95,100,87050
20231229,09:54:36,445.95,50,87050
20231229,09:55:04,449.3,50,87050
20231229,09:55:20,452.95,50,87050
20231229,09:55:58,455.55,350,87050
20231229,09:56:09,453.9,50,87050
20231229,09:57:34,453.05,150,87650
20231229,09:57:46,452.65,50,87650
20231229,09:58:04,456.15,100,87650
20231229,09:58:09,460.0,100,87650
20231229,09:58:22,465.1,50,87650
20231229,09:58:27,463.6,150,87650
20231229,09:58:31,464.45,50,87650
20231229,09:58:39,463.55,550,87650
20231229,09:58:51,462.4,100,87650
20231229,09:58:54,463.2,150,87650
20231229,09:58:59,466.4,100,87650
20231229,09:59:06,466.25,100,87650
20231229,09:59:09,466.65,50,87650
20231229,09:59:16,468.0,50,87950
20231229,09:59:38,464.35,450,87950
20231229,09:59:42,465.5,50,87950
20231229,09:59:44,466.55,150,87950
20231229,09:59:46,468.0,100,87950
20231229,09:59:47,467.3,100,87950
20231229,09:59:49,468.95,100,87950
20231229,09:59:51,469.0,50,87950
20231229,10:00:03,471.2,50,87950
20231229,10:00:07,470.7,150,87950
20231229,10:00:12,464.95,200,87950
20231229,10:00:13,467.75,50,87950
20231229,10:00:28,466.0,100,87950
20231229,10:00:38,463.25,1000,87950
20231229,10:00:42,462.15,100,87950
20231229,10:00:49,461.15,50,87950
20231229,10:01:02,462.55,50,87950
20231229,10:01:41,458.0,250,87950
20231229,10:01:44,458.0,50,87950
20231229,10:01:52,459.1,50,87950
20231229,10:02:01,459.1,50,87950
20231229,10:02:02,458.45,150,87950
20231229,10:02:23,459.7,50,86700
20231229,10:02:53,458.0,100,86700
20231229,10:03:06,454.7,100,86700
20231229,10:03:23,452.25,100,86700
20231229,10:03:54,448.85,100,86700
20231229,10:04:08,450.45,50,86700
20231229,10:04:09,452.4,50,86700
20231229,10:04:09,454.25,100,86700
20231229,10:05:42,460.0,250,86750
20231229,10:07:13,464.1,50,86750
20231229,10:07:15,462.25,400,86750
20231229,10:07:33,465.85,100,86750
20231229,10:07:44,472.7,450,86750
20231229,10:07:46,475.0,1800,86750
20231229,10:07:56,483.15,700,86750
20231229,10:07:57,483.25,50,86750
20231229,10:07:58,483.85,50,86750
20231229,10:07:59,485.45,350,86750
20231229,10:08:00,486.05,200,86750
20231229,10:08:01,484.8,100,86750
20231229,10:08:04,484.4,100,86750
20231229,10:08:06,485.15,50,86750
20231229,10:08:08,488.0,250,86750
20231229,10:08:09,488.0,400,86750
20231229,10:08:10,484.7,200,86750
20231229,10:08:11,485.05,50,86750
20231229,10:08:17,484.7,50,86850
20231229,10:08:26,488.65,50,86850
20231229,10:08:31,490.0,350,86850
20231229,10:08:32,490.8,50,86850
20231229,10:08:33,491.95,250,86850
20231229,10:08:44,491.95,200,86850
20231229,10:08:45,492.0,50,86850
20231229,10:08:55,493.1,50,86850
20231229,10:09:00,493.1,150,86850
20231229,10:09:02,493.95,50,86850
20231229,10:09:03,493.95,250,86850
20231229,10:09:09,492.3,100,86850
20231229,10:09:10,491.45,150,86850
20231229,10:09:14,491.4,50,86850
20231229,10:09:21,490.0,250,86850
20231229,10:09:28,488.3,100,86850
20231229,10:09:30,491.4,250,86850
20231229,10:09:31,490.8,50,86850
20231229,10:09:32,491.85,250,86850
20231229,10:09:40,493.15,50,86850
20231229,10:09:49,490.15,50,86850
20231229,10:09:54,489.65,400,86850
20231229,10:09:59,493.8,50,86850
20231229,10:10:00,495.0,250,86850
20231229,10:10:02,495.45,150,86850
20231229,10:10:10,499.2,100,86850
20231229,10:10:21,499.45,50,86850
20231229,10:10:35,500.0,50,86850
20231229,10:10:44,500.0,50,86850
20231229,10:10:59,496.15,50,86850
20231229,10:11:09,501.5,100,86850
20231229,10:11:31,501.5,250,85150
20231229,10:11:36,495.5,250,85150
20231229,10:11:54,498.7,550,85150
20231229,10:12:26,502.0,50,85150
20231229,10:12:48,502.0,50,85150
20231229,10:13:16,505.0,50,85150
20231229,10:14:07,505.0,50,85150
20231229,10:14:36,511.4,200,84450
20231229,10:14:38,512.75,250,84450
20231229,10:14:39,513.8,250,84450
20231229,10:14:40,513.9,150,84450
20231229,10:14:42,513.95,50,84450
20231229,10:14:43,514.5,50,84450
20231229,10:14:44,514.5,50,84450
20231229,10:14:45,517.05,100,84450
20231229,10:14:48,517.05,150,84450
20231229,10:14:50,518.7,50,84450
20231229,10:14:52,520.35,50,84450
20231229,10:14:53,521.4,50,84450
20231229,10:14:54,521.4,50,84450
20231229,10:14:57,518.7,50,84450
20231229,10:14:57,521.3,100,84450
20231229,10:14:59,519.85,50,84450
20231229,10:15:01,518.7,150,84450
20231229,10:15:03,523.5,150,84450
20231229,10:15:09,523.5,250,84450
20231229,10:15:11,525.6,50,84450
20231229,10:15:18,525.6,50,84450
20231229,10:15:24,515.0,150,84450
20231229,10:15:36,512.05,100,84450
20231229,10:15:38,512.0,200,84450
20231229,10:15:40,514.45,50,84450
20231229,10:16:05,514.75,50,84450
20231229,10:16:13,520.3,200,84450
20231229,10:16:23,517.2,50,84450
20231229,10:16:44,516.65,50,84450
20231229,10:17:37,502.25,450,84450
20231229,10:17:50,504.05,100,82800
20231229,10:18:08,500.0,350,82800
20231229,10:18:13,500.4,50,82800
20231229,10:18:28,502.9,100,82800
20231229,10:18:56,497.3,100,82800
20231229,10:19:15,494.3,300,82800
20231229,10:19:29,495.45,50,82800
20231229,10:19:52,495.45,50,82800
20231229,10:20:02,490.65,250,82800
20231229,10:20:03,490.0,200,82800
20231229,10:20:26,496.3,50,82950
20231229,10:20:32,501.2,50,82950
20231229,10:20:33,500.85,350,82950
20231229,10:21:00,504.6,50,82950
20231229,10:21:04,499.45,50,82950
20231229,10:21:22,495.0,350,82950
20231229,10:21:28,490.9,50,82950
20231229,10:21:33,489.25,50,82950
20231229,10:21:38,487.3,50,82950
20231229,10:21:40,485.7,50,82950
20231229,10:21:42,482.4,50,82950
20231229,10:22:00,484.45,300,82950
20231229,10:22:01,486.0,50,82950
20231229,10:22:02,484.4,50,82950
20231229,10:22:24,480.0,100,82950
20231229,10:22:28,482.4,400,82950
20231229,10:22:36,482.0,50,82950
20231229,10:22:38,484.4,50,82950
20231229,10:22:54,487.35,50,82950
20231229,10:22:58,484.4,50,82950
20231229,10:23:08,484.45,50,82950
20231229,10:23:09,485.15,1000,82950
20231229,10:23:51,476.4,50,82500
20231229,10:24:05,472.55,2050,82500
20231229,10:24:07,471.6,50,82500
20231229,10:24:09,470.0,450,82500
20231229,10:24:34,475.6,50,82500
20231229,10:24:35,474.85,50,82500
20231229,10:25:02,469.25,50,82500
20231229,10:25:03,467.2,50,82500
20231229,10:25:38,468.9,50,82500
20231229,10:25:41,468.4,250,82500
20231229,10:25:50,465.0,50,82500
20231229,10:26:00,468.5,100,82500
20231229,10:26:12,465.65,50,82500
20231229,10:26:14,466.0,50,82500
20231229,10:26:59,473.1,50,81350
20231229,10:27:09,472.0,450,81350
20231229,10:27:14,470.05,50,81350
20231229,10:27:17,468.35,50,81350
20231229,10:27:44,467.0,150,81350
20231229,10:28:25,470.9,150,81350
20231229,10:29:18,470.0,50,82100
20231229,10:29:34,470.0,50,82100
20231229,10:29:54,470.0,150,82100
20231229,10:30:30,461.5,50,82100
20231229,10:30:34,463.55,200,82100
20231229,10:31:02,463.6,50,82100
20231229,10:31:24,457.0,100,82100
20231229,10:31:25,458.1,100,82100
20231229,10:31:43,459.15,50,82100
20231229,10:31:44,458.0,50,82100
20231229,10:31:51,461.85,50,82100
20231229,10:32:20,456.2,50,81950
20231229,10:32:30,450.5,50,81950
20231229,10:32:32,447.95,50,81950
20231229,10:32:33,449.0,50,81950
20231229,10:32:35,450.5,300,81950
20231229,10:32:41,451.9,50,81950
20231229,10:32:45,455.0,300,81950
20231229,10:32:58,455.0,50,81950
20231229,10:33:01,454.95,50,81950
20231229,10:33:02,450.4,250,81950
20231229,10:33:12,452.0,700,81950
20231229,10:33:36,450.0,100,81950
20231229,10:33:43,449.1,50,81950
20231229,10:33:44,449.0,50,81950
20231229,10:33:55,446.7,50,81950
20231229,10:33:59,448.55,50,81950
20231229,10:34:00,446.2,200,81950
20231229,10:34:35,449.2,250,81950
20231229,10:35:07,451.6,500,81950
20231229,10:35:50,454.0,50,81800
20231229,10:36:32,452.0,100,81800
20231229,10:37:35,444.15,300,81800
20231229,10:37:50,444.65,50,81800
20231229,10:38:15,444.0,700,81800
20231229,10:38:22,445.0,400,81850
20231229,10:38:46,451.4,900,81850
20231229,10:38:54,449.0,850,81850
20231229,10:38:56,449.0,50,81850
20231229,10:39:24,447.1,50,81850
20231229,10:39:37,445.0,50,81850
20231229,10:39:46,442.85,50,81850
20231229,10:41:02,449.85,300,81850
20231229,10:41:11,451.1,50,81850
20231229,10:41:21,450.45,50,82450
20231229,10:41:55,449.0,50,82450
20231229,10:42:04,449.0,50,82450
20231229,10:42:15,447.75,500,82450
20231229,10:42:17,449.0,50,82450
20231229,10:42:38,447.3,100,82450
20231229,10:42:40,446.75,500,82450
20231229,10:43:38,448.3,50,82450
20231229,10:44:03,448.25,50,82450
20231229,10:44:25,445.0,250,82550
20231229,10:44:37,448.7,450,82550
20231229,10:44:52,449.55,100,82550
20231229,10:45:16,449.8,500,82550
20231229,10:45:29,450.0,900,82550
20231229,10:46:02,444.3,450,82550
20231229,10:46:28,442.5,50,82550
20231229,10:46:35,438.2,150,82550
20231229,10:46:44,435.0,100,82550
20231229,10:46:48,432.9,150,82550
20231229,10:46:54,434.85,300,82550
20231229,10:47:06,440.35,250,82550
20231229,10:47:42,442.0,50,81400
20231229,10:47:47,443.0,100,81400
20231229,10:49:06,448.55,1200,81400
20231229,10:49:15,455.0,50,81400
20231229,10:50:46,450.0,550,82450
20231229,10:50:52,450.0,850,82450
20231229,10:50:55,445.85,200,82450
20231229,10:50:55,444.7,50,82450
20231229,10:51:03,448.4,50,82450
20231229,10:52:17,453.05,50,82450
20231229,10:52:35,453.05,50,82450
20231229,10:52:38,452.85,50,82450
20231229,10:52:41,455.6,50,82450
20231229,10:52:51,451.7,50,82450
20231229,10:52:55,451.45,150,82450
20231229,10:53:10,452.0,50,82450
20231229,10:53:34,456.3,50,83150
20231229,10:54:02,451.4,200,83150
20231229,10:54:22,463.0,100,83150
20231229,10:54:25,465.0,200,83150
20231229,10:54:30,464.05,50,83150
20231229,10:54:31,465.0,100,83150
20231229,10:54:37,468.7,150,83150
20231229,10:54:43,464.6,100,83150
20231229,10:56:44,455.0,100,82550
20231229,10:57:05,452.0,50,82550
20231229,11:00:33,458.1,150,82650
20231229,11:02:23,457.0,50,82650
20231229,11:03:38,462.95,50,82650
20231229,11:03:40,464.0,150,82650
20231229,11:03:41,464.75,550,82650
20231229,11:03:52,463.4,50,82650
20231229,11:06:03,465.0,50,82550
20231229,11:09:18,472.0,600,82600
20231229,11:10:02,466.0,400,82600
20231229,11:10:30,465.4,200,82600
20231229,11:11:22,467.85,100,82600
20231229,11:11:34,467.4,500,82600
20231229,11:13:16,461.6,50,82600
20231229,11:13:40,464.25,50,82600
20231229,11:13:50,464.6,100,82600
20231229,11:15:35,456.1,150,82950
20231229,11:16:22,452.05,250,82950
20231229,11:16:40,453.35,1500,82950
20231229,11:16:47,452.0,1500,82950
20231229,11:16:49,451.0,1000,82950
20231229,11:16:57,447.4,50,82950
20231229,11:17:36,447.45,50,85500
20231229,11:17:53,449.8,100,85500
20231229,11:17:55,448.95,50,85500
20231229,11:18:09,449.2,50,85500
20231229,11:18:31,447.0,50,85500
20231229,11:19:48,446.05,50,85500
20231229,11:19:54,443.5,50,85500
20231229,11:20:03,441.0,250,85500
20231229,11:20:27,440.6,50,85700
20231229,11:20:33,441.1,200,85700
20231229,11:22:25,446.85,50,85700
20231229,11:23:33,447.0,1800,85500
20231229,11:23:35,446.2,3350,85500
20231229,11:24:05,446.95,50,85500
20231229,11:24:24,442.65,50,85500
20231229,11:24:35,439.0,50,85500
20231229,11:24:44,436.0,100,85500
20231229,11:24:45,435.75,400,85500
20231229,11:25:51,438.7,50,85500
20231229,11:26:00,441.95,50,85500
20231229,11:26:14,443.0,500,85500
20231229,11:27:06,442.7,200,90400
20231229,11:27:16,442.1,150,90400
20231229,11:27:27,442.25,50,90400
20231229,11:27:49,443.6,100,90400
20231229,11:28:00,443.0,250,90400
20231229,11:28:19,437.95,50,90400
20231229,11:28:37,433.95,50,90400
20231229,11:28:43,431.95,50,90400
20231229,11:28:55,434.65,200,90400
20231229,11:29:15,432.65,500,90400
20231229,11:29:19,434.05,400,90400
20231229,11:29:51,435.1,500,90700
20231229,11:29:56,434.95,500,90700
20231229,11:30:02,435.95,150,90700
20231229,11:30:15,434.0,50,90700
20231229,11:30:43,435.35,50,90700
20231229,11:31:06,436.8,150,90700
20231229,11:32:24,437.0,50,90700
20231229,11:34:36,430.05,50,90700
20231229,11:34:44,425.0,150,91550
20231229,11:34:47,426.5,100,91550
20231229,11:35:01,426.9,1000,91550
20231229,11:35:05,425.4,50,91550
20231229,11:35:11,426.55,50,91550
20231229,11:35:35,424.95,200,92000
20231229,11:35:54,421.3,50,92000
20231229,11:36:16,423.35,50,92000
20231229,11:36:25,419.15,350,92000
20231229,11:36:27,419.05,50,92000
20231229,11:36:38,422.15,250,92000
20231229,11:36:54,425.0,50,92000
20231229,11:37:05,425.0,50,92000
20231229,11:37:13,423.45,50,92000
20231229,11:37:36,423.5,50,92000
20231229,11:37:49,424.3,100,92000
20231229,11:38:31,424.2,50,92600
20231229,11:39:32,430.0,50,92600
20231229,11:39:39,429.0,50,92600
20231229,11:39:41,429.0,50,92600
20231229,11:39:50,429.7,50,92600
20231229,11:40:03,434.5,50,92600
20231229,11:40:04,433.6,50,92600
20231229,11:40:06,433.25,1250,92600
20231229,11:40:09,435.0,50,92600
20231229,11:40:24,437.0,450,92600
20231229,11:40:48,437.5,50,92600
20231229,11:40:49,437.1,100,92600
20231229,11:41:24,433.7,450,92600
20231229,11:43:55,434.45,100,91900
20231229,11:45:08,445.0,100,91900
20231229,11:45:21,442.6,50,91900
20231229,11:45:30,441.15,50,91900
20231229,11:47:06,443.6,50,91900
20231229,11:47:38,444.4,50,91850
20231229,11:48:55,446.7,200,91850
20231229,11:49:04,447.0,50,91850
20231229,11:49:18,447.2,50,91850
20231229,11:49:22,446.2,50,91850
20231229,11:49:57,444.2,50,91850
20231229,11:51:05,443.2,50,91750
20231229,11:53:25,439.0,500,91750
20231229,11:53:51,439.95,50,92100
20231229,11:56:26,437.0,100,92100
20231229,11:57:18,435.75,50,92150
20231229,11:57:57,434.3,50,92150
20231229,11:58:04,434.75,50,92150
20231229,11:58:07,435.35,200,92150
20231229,11:58:29,435.2,250,92150
20231229,11:58:30,435.5,100,92150
20231229,11:58:31,434.0,150,92150
20231229,11:58:32,434.75,200,92150
20231229,11:58:33,434.5,200,92150
20231229,11:58:34,433.6,200,92150
20231229,11:58:51,434.0,50,92150
20231229,11:58:57,431.7,300,92150
20231229,11:59:12,428.55,50,92150
20231229,11:59:22,430.9,300,92150
20231229,11:59:24,432.85,50,92150
20231229,12:03:02,439.65,50,91950
20231229,12:03:09,437.7,200,91950
20231229,12:03:37,432.0,400,91950
20231229,12:03:40,431.15,150,91950
20231229,12:03:42,430.0,250,91950
20231229,12:03:42,430.3,1850,91950
20231229,12:03:43,429.35,150,91950
20231229,12:03:44,430.15,100,91950
20231229,12:03:51,430.0,200,91950
20231229,12:04:14,430.0,50,91950
20231229,12:05:48,435.0,1800,93700
20231229,12:06:07,436.0,300,93700
20231229,12:06:13,434.9,50,93700
20231229,12:06:51,434.0,50,93700
20231229,12:06:54,435.55,50,93700
20231229,12:06:57,435.35,100,93700
20231229,12:07:24,434.45,50,93700
20231229,12:08:00,433.0,50,93700
20231229,12:08:16,430.2,100,93700
20231229,12:09:36,425.0,200,92100
20231229,12:09:51,425.7,50,92100
20231229,12:11:02,428.5,50,92100
20231229,12:11:42,425.05,300,92350
20231229,12:12:06,424.6,50,92350
20231229,12:12:08,423.6,50,92350
20231229,12:12:18,423.65,50,92350
20231229,12:12:23,421.0,50,92350
20231229,12:12:37,421.2,400,92350
20231229,12:13:09,422.85,50,92350
20231229,12:13:54,425.0,50,92350
20231229,12:14:39,426.65,50,92100
20231229,12:15:00,426.65,50,92100
20231229,12:16:04,423.75,100,92100
20231229,12:16:22,420.55,50,92100
20231229,12:16:41,420.75,50,92100
20231229,12:16:53,420.35,600,92100
20231229,12:17:26,421.25,1200,92100
20231229,12:18:12,424.45,850,92750
20231229,12:18:14,422.95,50,92750
20231229,12:18:40,420.0,100,92750
20231229,12:19:12,417.5,50,92750
20231229,12:19:18,416.65,1200,92750
20231229,12:19:28,413.45,50,92750
20231229,12:19:29,413.45,500,92750
20231229,12:19:33,413.3,850,92750
20231229,12:19:43,413.3,150,92750
20231229,12:19:51,415.15,450,92750
20231229,12:20:02,414.05,50,92750
20231229,12:20:04,414.05,50,92750
20231229,12:20:13,415.3,50,92750
20231229,12:21:16,409.65,50,93400
20231229,12:21:29,409.65,50,93400
20231229,12:21:46,407.4,200,93400
20231229,12:22:00,408.3,850,93400
20231229,12:22:09,407.45,50,93400
20231229,12:22:15,407.6,600,93400
20231229,12:23:00,410.5,100,93400
20231229,12:23:37,410.0,50,93450
20231229,12:23:53,408.7,50,93450
20231229,12:24:37,409.75,100,93450
20231229,12:24:41,409.5,450,93450
20231229,12:25:10,410.45,50,93450
20231229,12:25:26,409.1,50,93450
20231229,12:25:37,410.5,100,93450
20231229,12:26:03,410.5,100,93450
20231229,12:26:40,415.0,50,93550
20231229,12:26:46,414.5,100,93550
20231229,12:28:10,419.1,50,93550
20231229,12:28:22,419.45,50,93550
20231229,12:29:47,423.0,100,93350
20231229,12:29:50,421.65,400,93350
20231229,12:29:56,425.0,100,93350
20231229,12:30:05,429.35,200,93350
20231229,12:30:06,428.35,150,93350
20231229,12:30:11,430.65,50,93350
20231229,12:30:18,430.0,100,93350
20231229,12:30:37,432.5,50,93350
20231229,12:30:40,435.0,50,93350
20231229,12:30:43,435.0,200,93350
20231229,12:30:46,437.85,50,93350
20231229,12:30:51,438.0,200,93350
20231229,12:30:55,443.5,150,93350
20231229,12:30:57,443.25,500,93350
20231229,12:31:00,443.25,50,93350
20231229,12:31:04,442.0,50,93350
20231229,12:31:05,442.05,50,93350
20231229,12:31:06,441.6,100,93350
20231229,12:31:11,438.0,1600,93350
20231229,12:31:19,438.4,100,93350
20231229,12:31:26,440.0,100,93350
20231229,12:31:28,441.85,50,93350
20231229,12:31:31,442.0,50,93350
20231229,12:31:35,442.65,100,93350
20231229,12:31:59,437.6,50,93350
20231229,12:32:26,433.25,50,93350
20231229,12:32:37,434.65,50,94550
20231229,12:33:02,435.0,50,94550
20231229,12:33:04,433.55,100,94550
20231229,12:33:08,432.5,350,94550
20231229,12:33:33,433.8,50,94550
20231229,12:34:07,436.75,50,94550
20231229,12:34:13,438.2,100,94550
20231229,12:35:02,433.8,300,94550
20231229,12:35:04,434.25,50,94550
20231229,12:35:11,434.0,300,94550
20231229,12:35:27,433.9,50,94550
20231229,12:36:32,436.75,150,94800
20231229,12:36:33,436.75,50,94800
20231229,12:39:09,440.0,200,94750
20231229,12:39:13,440.9,400,94750
20231229,12:39:39,445.0,100,94750
20231229,12:39:54,449.6,100,94750
20231229,12:40:03,447.9,50,94750
20231229,12:40:12,444.8,150,94750
20231229,12:40:29,450.0,2000,94750
20231229,12:40:43,447.0,150,94750
20231229,12:40:50,448.85,50,94750
20231229,12:41:01,445.1,100,94750
20231229,12:41:08,442.85,50,94750
20231229,12:41:16,443.35,50,94750
20231229,12:41:39,448.0,50,92200
20231229,12:42:23,454.45,50,92200
20231229,12:42:34,450.4,100,92200
20231229,12:42:44,449.95,1200,92200
20231229,12:42:54,447.8,50,92200
20231229,12:43:05,448.0,50,92200
20231229,12:43:13,448.35,600,92200
20231229,12:43:25,450.6,50,92200
20231229,12:43:32,452.65,50,92200
20231229,12:43:34,453.5,1000,92200
20231229,12:43:39,454.0,50,92200
20231229,12:43:58,452.75,50,92200
20231229,12:44:07,455.0,50,92200
20231229,12:44:15,456.75,50,92200
20231229,12:44:33,454.2,50,92200
20231229,12:45:01,450.95,100,92500
20231229,12:45:02,451.15,100,92500
20231229,12:45:07,454.0,150,92500
20231229,12:45:09,453.3,50,92500
20231229,12:45:33,455.0,50,92500
20231229,12:46:00,453.9,100,92500
20231229,12:46:36,451.8,50,92500
20231229,12:47:36,448.95,150,92850
20231229,12:47:57,450.95,50,92850
20231229,12:48:22,451.95,50,92850
20231229,12:48:37,455.6,50,92850
20231229,12:48:42,453.6,450,92850
20231229,12:48:53,452.65,450,92850
20231229,12:49:32,445.95,100,92850
20231229,12:49:44,445.7,300,92850
20231229,12:50:04,445.6,50,92850
20231229,12:50:05,446.4,100,92850
20231229,12:50:25,446.4,50,92850
20231229,12:51:24,451.05,50,92750
20231229,12:52:08,455.05,200,92750
20231229,12:52:11,454.7,50,92750
20231229,12:52:21,454.05,50,92750
20231229,12:52:32,453.6,150,92750
20231229,12:53:01,460.0,350,92750
20231229,12:53:03,460.0,50,92750
20231229,12:53:08,457.45,100,92750
20231229,12:53:11,457.45,50,92750
20231229,12:53:15,454.2,50,92750
20231229,12:53:37,451.15,50,92250
20231229,12:54:20,446.85,50,92250
20231229,12:55:27,451.75,150,92250
20231229,12:56:09,451.35,50,92250
20231229,12:57:08,448.1,50,92250
20231229,12:57:23,448.1,200,92150
20231229,12:59:58,457.35,50,91950
20231229,13:02:26,457.35,100,91950
20231229,13:02:39,453.75,50,92000
20231229,13:02:53,456.75,1450,92000
20231229,13:03:07,459.35,50,92000
20231229,13:03:45,450.95,150,92000
20231229,13:03:46,450.95,100,92000
20231229,13:03:47,450.95,50,92000
20231229,13:03:48,450.95,50,92000
20231229,13:04:25,442.1,50,92000
20231229,13:04:27,442.8,100,92000
20231229,13:04:50,441.1,50,92000
20231229,13:04:53,441.35,50,92000
20231229,13:05:10,438.15,50,92000
20231229,13:05:22,438.15,100,92000
20231229,13:06:24,435.25,450,92000
20231229,13:06:30,437.95,300,92000
20231229,13:07:17,440.15,50,92000
20231229,13:07:21,437.75,50,92000
20231229,13:07:24,438.55,50,92000
20231229,13:07:26,437.3,50,92000
20231229,13:07:38,438.75,800,92000
20231229,13:07:45,441.85,200,92000
20231229,13:07:52,441.0,300,92000
20231229,13:07:54,439.8,450,92000
20231229,13:08:19,438.0,600,92000
20231229,13:08:22,437.0,50,92000
20231229,13:09:02,438.35,50,92950
20231229,13:09:31,439.25,1000,92950
20231229,13:09:47,440.5,50,92950
20231229,13:10:37,441.6,300,92950
20231229,13:10:48,445.65,50,92950
20231229,13:11:08,445.35,50,92950
20231229,13:12:15,439.2,150,92900
20231229,13:13:19,436.9,150,92900
20231229,13:13:48,433.45,150,92900
20231229,13:13:59,433.05,300,92900
20231229,13:15:00,431.0,150,92850
20231229,13:15:20,428.5,50,92850
20231229,13:15:26,428.8,100,92850
20231229,13:15:28,427.4,300,92850
20231229,13:16:30,430.3,100,92850
20231229,13:17:24,428.0,100,92850
20231229,13:17:31,428.1,50,92850
20231229,13:17:37,425.6,50,92850
20231229,13:18:08,424.1,50,93200
20231229,13:19:15,435.5,150,93200
20231229,13:19:50,436.75,50,93200
20231229,13:25:19,434.5,550,93100
20231229,13:25:20,434.5,350,93100
20231229,13:25:43,439.0,150,93100
20231229,13:25:56,439.0,100,93100
20231229,13:26:36,440.4,50,93100
20231229,13:27:49,442.8,50,93550
20231229,13:28:38,443.7,100,93550
20231229,13:28:54,445.0,50,93550
20231229,13:29:07,447.9,100,93550
20231229,13:29:16,447.8,50,93550
20231229,13:29:40,453.4,50,93550
20231229,13:29:49,455.0,150,93550
20231229,13:30:03,456.0,1100,93550
20231229,13:30:05,454.9,50,93550
20231229,13:30:08,458.15,150,93550
20231229,13:30:11,458.85,150,93550
20231229,13:30:55,458.55,500,93550
20231229,13:31:04,456.05,300,93550
20231229,13:31:41,455.15,300,93550
20231229,13:31:42,451.95,50,93550
20231229,13:31:47,452.0,1000,93550
20231229,13:31:51,450.55,50,93550
20231229,13:31:57,453.35,500,93550
20231229,13:32:50,447.25,100,96450
20231229,13:32:58,446.15,50,96450
20231229,13:33:43,442.15,150,96450
20231229,13:36:49,450.0,200,96500
20231229,13:37:40,452.75,50,96500
20231229,13:38:41,451.65,50,96500
20231229,13:38:52,451.85,50,96500
20231229,13:38:53,451.6,150,96350
20231229,13:38:55,452.6,100,96350
20231229,13:38:58,452.55,50,96350
20231229,13:39:01,454.15,500,96350
20231229,13:39:05,455.0,50,96350
20231229,13:39:07,455.5,50,96350
20231229,13:39:17,456.95,50,96350
20231229,13:39:21,455.8,750,96350
20231229,13:39:34,454.75,50,96350
20231229,13:40:01,459.0,50,96350
20231229,13:40:02,459.65,250,96350
20231229,13:40:07,462.0,50,96350
20231229,13:40:45,454.95,50,96350
20231229,13:40:51,451.85,150,96350
20231229,13:40:52,451.7,50,96350
20231229,13:41:23,451.75,300,96350
20231229,13:41:37,454.45,50,96350
20231229,13:41:43,455.85,100,96400
20231229,13:42:06,450.05,50,96400
20231229,13:42:55,449.25,50,96400
20231229,13:43:33,442.7,50,96400
20231229,13:44:04,440.0,200,96400
20231229,13:44:49,441.25,50,96500
20231229,13:45:32,439.65,50,96500
20231229,13:46:54,436.0,50,96500
20231229,13:47:11,430.55,150,96500
20231229,13:47:57,441.05,50,96400
20231229,13:48:55,445.0,50,96400
20231229,13:49:28,443.3,50,96400
20231229,13:49:31,440.05,50,96400
20231229,13:50:30,433.55,150,96400
20231229,13:50:39,438.1,150,96400
20231229,13:51:01,438.1,50,96450
20231229,13:52:05,440.8,50,96450
20231229,13:52:57,437.85,100,96450
20231229,13:53:34,436.2,150,96450
20231229,13:54:27,436.45,100,96600
20231229,13:54:40,438.0,50,96600
20231229,13:58:27,442.0,500,96700
20231229,13:59:02,438.65,500,96700
20231229,14:00:06,438.6,50,96600
20231229,14:02:24,440.0,50,96600
20231229,14:02:25,439.7,50,96600
20231229,14:03:56,437.0,100,96500
20231229,14:04:06,430.5,100,96500
20231229,14:04:09,427.2,250,96500
20231229,14:05:28,429.15,450,96500
20231229,14:05:55,427.2,50,96800
20231229,14:06:06,430.0,50,96800
20231229,14:06:19,432.25,100,96800
20231229,14:07:36,439.45,100,96800
20231229,14:07:37,441.4,50,96800
20231229,14:07:38,440.2,150,96800
20231229,14:08:45,443.25,50,96800
20231229,14:08:49,443.95,50,96800
20231229,14:08:56,445.0,100,96800
20231229,14:09:39,442.9,150,96800
20231229,14:10:05,446.55,150,96800
20231229,14:11:06,448.25,50,96800
20231229,14:11:37,445.6,100,96800
20231229,14:12:15,445.0,150,96700
20231229,14:12:21,445.0,50,96700
20231229,14:12:38,448.55,50,96700
20231229,14:12:42,450.65,50,96700
20231229,14:12:44,452.7,50,96700
20231229,14:12:54,455.0,50,96700
20231229,14:13:07,455.65,50,96700
20231229,14:13:09,456.85,50,96700
20231229,14:13:25,457.3,450,96700
20231229,14:13:33,457.65,100,96700
20231229,14:13:36,460.8,50,96700
20231229,14:13:51,460.4,450,96700
20231229,14:13:52,461.6,50,96700
20231229,14:13:57,463.85,50,96700
20231229,14:13:59,465.9,150,96700
20231229,14:14:04,464.6,900,96700
20231229,14:14:05,467.55,100,96700
20231229,14:14:07,467.45,50,96700
20231229,14:14:10,466.55,100,96700
20231229,14:14:31,470.0,650,96700
20231229,14:14:36,469.55,50,96700
20231229,14:14:46,469.65,50,96700
20231229,14:14:47,470.05,100,96700
20231229,14:14:48,469.1,50,95200
20231229,14:14:55,471.65,100,95200
20231229,14:14:56,472.95,500,95200
20231229,14:14:58,471.35,50,95200
20231229,14:15:01,471.9,100,95200
20231229,14:15:01,472.05,150,95200
20231229,14:15:03,471.45,50,95200
20231229,14:15:05,473.8,100,95200
20231229,14:15:06,470.95,100,95200
20231229,14:15:10,469.4,50,95200
20231229,14:15:13,470.1,50,95200
20231229,14:15:14,469.25,50,95200
20231229,14:15:18,468.3,50,95200
20231229,14:15:51,467.15,200,95200
20231229,14:16:12,475.0,50,95200
20231229,14:16:18,476.55,50,95200
20231229,14:16:29,471.45,100,95200
20231229,14:16:57,476.3,50,95200
20231229,14:17:09,468.65,200,95200
20231229,14:17:11,468.3,500,95200
20231229,14:17:33,472.15,50,95200
20231229,14:18:05,471.55,50,94650
20231229,14:18:16,471.0,100,94650
20231229,14:19:11,479.7,500,94650
20231229,14:19:13,481.0,50,94650
20231229,14:19:33,476.85,50,94650
20231229,14:20:09,472.9,250,94650
20231229,14:20:10,473.6,500,94650
20231229,14:20:14,476.85,200,94650
20231229,14:20:26,471.75,50,94650
20231229,14:21:10,463.4,50,94000
20231229,14:21:34,464.4,50,94000
20231229,14:22:41,475.0,50,94000
20231229,14:23:46,477.0,500,94000
20231229,14:24:02,485.0,50,94050
20231229,14:24:10,483.35,50,94050
20231229,14:24:14,482.1,50,94050
20231229,14:24:54,490.0,4500,94050
20231229,14:25:06,488.0,2050,94050
20231229,14:25:12,487.6,50,94050
20231229,14:25:19,485.55,250,94050
20231229,14:25:26,488.1,2000,94050
20231229,14:25:42,485.0,1000,94050
20231229,14:25:45,485.45,50,94050
20231229,14:25:59,484.45,300,94050
20231229,14:26:01,484.25,1750,94050
20231229,14:26:04,484.0,50,94050
20231229,14:26:23,483.5,250,94050
20231229,14:26:34,483.15,100,94050
20231229,14:26:35,484.35,100,94050
20231229,14:26:38,481.75,100,94050
20231229,14:27:08,476.0,100,104350
20231229,14:27:41,476.4,50,104350
20231229,14:27:45,475.0,100,104350
20231229,14:27:47,474.0,50,104350
20231229,14:28:01,469.95,250,104350
20231229,14:28:02,469.2,100,104350
20231229,14:28:19,474.85,1000,104350
20231229,14:28:22,475.0,50,104350
20231229,14:28:27,473.65,50,104350
20231229,14:29:05,476.4,200,104350
20231229,14:29:21,478.6,200,104350
20231229,14:30:01,475.1,100,104350
20231229,14:30:02,475.2,50,104950
20231229,14:30:03,473.0,1000,104950
20231229,14:31:08,468.0,1000,104950
20231229,14:31:41,464.9,100,104950
20231229,14:31:42,464.0,50,104950
20231229,14:32:02,464.0,50,104950
20231229,14:32:06,463.35,50,104950
20231229,14:32:18,464.4,50,104950
20231229,14:32:48,460.45,1000,104950
20231229,14:33:26,460.0,100,106000
20231229,14:34:09,460.2,50,106000
20231229,14:34:19,460.2,50,106000
20231229,14:34:40,460.2,50,106000
20231229,14:34:43,457.8,100,106000
20231229,14:35:17,448.75,50,106000
20231229,14:35:20,447.0,50,106000
20231229,14:35:24,445.8,100,106000
20231229,14:35:28,446.9,500,106000
20231229,14:35:56,445.45,200,105500
20231229,14:36:24,444.35,2050,105500
20231229,14:36:37,442.75,50,105500
20231229,14:37:01,439.85,100,105500
20231229,14:37:06,437.6,50,105500
20231229,14:37:09,438.6,50,105500
20231229,14:37:43,438.85,50,105500
20231229,14:37:53,442.85,50,105500
20231229,14:38:32,443.4,100,105500
20231229,14:38:33,444.0,50,105500
20231229,14:38:36,442.25,250,105500
20231229,14:39:39,448.2,300,103600
20231229,14:40:09,447.75,500,103600
20231229,14:40:30,444.25,50,103600
20231229,14:40:39,442.35,50,103600
20231229,14:41:00,438.7,50,103600
20231229,14:41:48,445.0,50,103600
20231229,14:41:56,445.4,50,103900
20231229,14:43:10,445.95,50,103900
20231229,14:44:31,452.0,150,103900
20231229,14:45:59,445.95,150,104000
20231229,14:46:01,444.65,50,104000
20231229,14:46:04,442.45,50,104000
20231229,14:46:09,442.25,50,104000
20231229,14:46:16,444.4,50,104000
20231229,14:46:17,445.2,50,104000
20231229,14:46:23,444.4,50,104000
20231229,14:46:39,445.5,50,104000
20231229,14:47:12,447.0,500,104000
20231229,14:48:24,444.15,50,104500
20231229,14:48:30,444.25,50,104500
20231229,14:48:59,444.2,250,104500
20231229,14:49:24,439.25,50,104500
20231229,14:50:47,437.0,50,104500
20231229,14:50:55,438.1,50,104300
20231229,14:51:16,438.4,100,104300
20231229,14:51:53,431.0,50,104300
20231229,14:52:08,430.0,150,104300
20231229,14:52:13,427.95,100,104300
20231229,14:52:17,426.45,50,104300
20231229,14:52:26,427.7,50,104300
20231229,14:52:37,423.65,150,104300
20231229,14:52:45,423.05,50,104300
20231229,14:53:34,435.95,50,104300
20231229,14:54:09,438.1,200,104350
20231229,14:54:14,437.75,50,104350
20231229,14:54:25,438.75,100,104350
20231229,14:54:29,437.85,50,104350
20231229,14:54:32,436.65,50,104350
20231229,14:55:07,434.1,50,104350
20231229,14:55:55,431.55,50,104350
20231229,14:56:43,428.0,600,104350
20231229,14:57:00,426.6,1000,105100
20231229,14:57:17,426.0,50,105100
20231229,14:57:34,425.2,50,105100
20231229,14:57:43,422.45,50,105100
20231229,14:57:49,422.0,600,105100
20231229,14:58:20,420.0,550,105100
20231229,14:58:31,416.8,50,105100
20231229,14:58:56,420.0,50,105100
20231229,14:59:21,423.8,50,105100
20231229,14:59:53,420.0,500,105100
20231229,15:00:02,414.95,250,107650
20231229,15:00:02,413.4,50,107650
20231229,15:00:03,413.3,500,107650
20231229,15:00:06,412.1,50,107650
20231229,15:00:13,410.0,250,107650
20231229,15:00:17,407.75,1000,107650
20231229,15:00:19,406.25,5000,107650
20231229,15:00:22,406.05,50,107650
20231229,15:00:26,406.05,50,107650
20231229,15:00:29,414.8,200,107650
20231229,15:00:38,411.75,50,107650
20231229,15:00:39,411.9,200,107650
20231229,15:00:47,412.75,50,107650
20231229,15:00:52,411.95,50,107650
20231229,15:01:05,410.0,450,107650
20231229,15:01:07,408.0,50,107650
20231229,15:01:30,406.0,250,107650
20231229,15:01:31,405.0,50,107650
20231229,15:01:32,405.0,100,107650
20231229,15:01:33,402.0,50,107650
20231229,15:01:38,399.05,150,107650
20231229,15:01:41,399.05,50,107650
20231229,15:01:54,394.15,1000,107650
20231229,15:02:00,394.15,250,107650
20231229,15:02:02,397.5,450,107650
20231229,15:02:14,405.8,150,107650
20231229,15:02:22,410.9,50,107650
20231229,15:02:23,415.0,200,107650
20231229,15:02:24,418.0,200,107650
20231229,15:02:27,416.95,50,107650
20231229,15:02:32,412.25,450,107650
20231229,15:02:33,411.4,100,107650
20231229,15:02:35,410.55,150,107650
20231229,15:02:40,411.1,1800,107650
20231229,15:02:46,414.4,50,107650
20231229,15:02:48,416.5,50,107650
20231229,15:02:54,415.85,50,107650
20231229,15:02:55,416.5,100,113200
20231229,15:02:58,414.4,100,113200
20231229,15:03:04,412.6,50,113200
20231229,15:03:07,411.75,50,113200
20231229,15:03:10,408.75,100,113200
20231229,15:03:15,408.65,200,113200
20231229,15:03:28,412.0,50,113200
20231229,15:03:43,411.6,50,113200
20231229,15:04:06,417.35,250,113200
20231229,15:04:13,415.35,200,113200
20231229,15:04:16,415.25,50,113200
20231229,15:04:29,415.0,1800,113200
20231229,15:04:57,408.45,200,113200
20231229,15:04:58,409.4,150,113200
20231229,15:05:11,408.0,100,113200
20231229,15:05:33,408.0,500,113200
20231229,15:05:56,415.0,200,113200
20231229,15:06:04,414.35,50,115650
20231229,15:06:15,418.0,50,115650
20231229,15:06:22,425.0,50,115650
20231229,15:06:23,425.45,50,115650
20231229,15:06:39,419.7,150,115650
20231229,15:06:52,418.0,50,115650
20231229,15:07:06,413.85,50,115650
20231229,15:07:18,409.15,50,115650
20231229,15:07:28,409.95,50,115650
20231229,15:08:13,414.4,100,115650
20231229,15:08:23,416.8,150,115650
20231229,15:08:28,417.9,50,115650
20231229,15:08:31,420.0,100,115650
20231229,15:08:39,422.9,50,115650
20231229,15:08:50,425.0,450,115650
20231229,15:08:53,425.1,50,115650
20231229,15:09:17,426.65,50,115150
20231229,15:09:19,428.75,1200,115150
20231229,15:09:20,430.8,700,115150
20231229,15:09:27,433.0,500,115150
20231229,15:09:31,427.0,500,115150
20231229,15:09:47,428.1,50,115150
20231229,15:09:59,428.7,200,115150
20231229,15:10:00,426.7,150,115150
20231229,15:10:06,422.85,50,115150
20231229,15:10:17,428.1,50,115150
20231229,15:10:19,428.1,500,115150
20231229,15:10:30,431.65,50,115150
20231229,15:10:43,430.7,50,115150
20231229,15:10:53,427.35,50,115150
20231229,15:11:43,425.8,100,115150
20231229,15:12:38,435.0,50,115500
20231229,15:12:42,436.75,50,115500
20231229,15:12:55,438.0,100,115500
20231229,15:13:02,444.0,500,115500
20231229,15:13:03,444.7,500,115500
20231229,15:13:21,435.6,50,115500
20231229,15:13:24,436.75,50,115500
20231229,15:15:01,434.55,50,114400
20231229,15:15:03,431.25,200,114400
20231229,15:15:12,431.2,50,114400
20231229,15:15:35,427.8,200,114400
20231229,15:15:51,425.15,50,114400
20231229,15:15:59,427.85,500,114400
20231229,15:16:03,430.0,200,114400
20231229,15:16:07,431.95,50,114400
20231229,15:16:16,430.75,50,114400
20231229,15:16:24,430.9,500,114400
20231229,15:16:41,427.55,50,114400
20231229,15:16:54,428.45,50,114400
20231229,15:16:57,430.0,200,114400
20231229,15:17:00,430.2,500,114400
20231229,15:17:09,430.0,200,114400
20231229,15:17:39,434.1,250,114400
20231229,15:17:56,436.75,50,114400
20231229,15:18:08,436.3,50,114050
20231229,15:18:33,436.75,200,114050
20231229,15:18:44,435.8,50,114050
20231229,15:19:10,440.0,100,114050
20231229,15:19:13,438.2,200,114050
20231229,15:19:14,440.1,100,114050
20231229,15:19:15,441.25,100,114050
20231229,15:19:20,440.6,50,114050
20231229,15:19:23,441.35,50,114050
20231229,15:19:26,441.5,200,114050
20231229,15:19:36,436.85,100,114050
20231229,15:19:56,439.35,50,114050
20231229,15:20:02,439.15,50,114050
20231229,15:20:33,445.0,50,114050
20231229,15:20:45,448.4,100,114050
20231229,15:20:57,448.0,650,114050
20231229,15:20:59,451.0,100,113400
20231229,15:21:07,446.95,50,113400
20231229,15:21:11,444.6,50,113400
20231229,15:21:52,437.45,100,113400
20231229,15:22:01,438.4,50,113400
20231229,15:23:10,440.0,50,113400
20231229,15:23:40,442.35,50,113400
20231229,15:23:46,439.95,50,113400
20231229,15:23:57,441.35,150,113400
20231229,15:24:11,444.75,50,111750
20231229,15:24:13,445.5,100,111750
20231229,15:24:16,449.0,50,111750
20231229,15:24:35,447.35,50,111750
20231229,15:24:42,449.15,50,111750
20231229,15:24:49,449.3,50,111750
20231229,15:25:12,446.25,100,111750
20231229,15:25:26,446.65,50,111750
20231229,15:25:32,447.0,100,111750
20231229,15:25:43,448.35,50,111750
20231229,15:25:44,449.85,100,111750
20231229,15:25:46,448.75,50,111750
20231229,15:25:53,448.75,50,111750
20231229,15:26:10,448.95,500,111750
20231229,15:26:13,446.55,50,111750
20231229,15:26:19,447.45,100,111750
20231229,15:26:27,448.35,100,111750
20231229,15:26:28,448.05,550,111750
20231229,15:26:31,446.6,300,111750
20231229,15:26:32,446.55,100,111750
20231229,15:26:34,446.85,50,111750
20231229,15:26:39,447.1,50,111750
20231229,15:26:43,447.05,50,111750
20231229,15:26:44,447.05,50,111750
20231229,15:27:05,446.3,150,111600
20231229,15:27:12,446.5,1000,111600
20231229,15:27:18,445.35,100,111600
20231229,15:27:19,445.35,50,111600
20231229,15:27:20,445.35,350,111600
20231229,15:27:30,444.3,500,111600
20231229,15:27:33,442.65,100,111600
20231229,15:27:34,442.6,50,111600
20231229,15:27:35,442.6,450,111600
20231229,15:27:40,441.6,400,111600
20231229,15:27:42,441.1,50,111600
20231229,15:27:47,440.0,100,111600
20231229,15:28:06,440.25,50,111600
20231229,15:28:24,436.9,50,111600
20231229,15:28:32,437.45,50,111600
20231229,15:29:16,443.1,50,111600
20231229,15:29:31,444.6,500,111600
20231229,15:29:45,449.35,50,111600
20231229,15:29:53,447.7,50,111600
20240101,09:15:01,461.75,1,109450
20240101,09:15:01,461.75,100,109450
20240101,09:15:03,468.75,50,109450
20240101,09:15:06,485.0,100,109450
20240101,09:15:07,489.35,450,109450
20240101,09:15:10,489.35,300,109450
20240101,09:15:11,476.6,50,109450
20240101,09:15:13,465.75,200,109450
20240101,09:15:16,477.2,1000,109450
20240101,09:15:25,481.3,250,109450
20240101,09:15:28,480.75,1200,109450
20240101,09:15:32,485.7,350,109450
20240101,09:15:36,481.0,50,109450
20240101,09:15:42,479.9,50,109450
20240101,09:15:49,480.75,1200,109450
20240101,09:15:55,483.0,1200,109450
20240101,09:16:00,482.55,200,109450
20240101,09:16:00,484.4,400,109450
20240101,09:16:02,480.0,1000,109450
20240101,09:16:12,476.6,150,109450
20240101,09:16:20,480.4,850,109450
20240101,09:16:28,483.0,700,109450
20240101,09:16:29,481.85,50,109450
20240101,09:16:35,476.95,50,109450
20240101,09:16:37,476.0,1000,109450
20240101,09:16:39,474.0,1050,109450
20240101,09:16:47,476.45,50,109450
20240101,09:16:57,483.55,50,109450
20240101,09:17:03,480.0,1000,109450
20240101,09:17:03,479.4,50,109450
20240101,09:17:05,479.0,550,109450
20240101,09:17:20,479.0,1000,109500
20240101,09:17:37,474.6,50,109500
20240101,09:17:37,476.45,100,109500
20240101,09:17:39,475.4,50,109500
20240101,09:17:46,479.0,50,109500
20240101,09:17:59,483.3,150,109500
20240101,09:18:05,476.1,100,109500
20240101,09:18:07,477.4,50,109500
20240101,09:18:10,476.05,50,109500
20240101,09:18:18,480.3,150,109500
20240101,09:18:20,483.0,500,109500
20240101,09:18:21,483.75,50,109500
20240101,09:18:26,482.85,50,109500
20240101,09:18:49,484.65,100,109500
20240101,09:18:54,487.0,50,109500
20240101,09:18:55,488.95,100,109500
20240101,09:19:56,492.25,50,109500
20240101,09:20:19,492.25,50,110000
20240101,09:20:35,492.25,1200,110000
20240101,09:20:36,486.55,500,110000
20240101,09:21:01,489.6,100,110000
20240101,09:21:14,486.4,100,110000
20240101,09:22:18,480.0,200,110000
20240101,09:23:56,483.5,50,110300
20240101,09:24:02,482.25,50,110300
20240101,09:24:05,480.1,300,110300
20240101,09:24:28,480.95,250,110300
20240101,09:24:33,479.4,500,110300
20240101,09:24:34,479.0,1500,110300
20240101,09:24:43,479.0,1500,110300
20240101,09:24:47,479.0,50,110300
20240101,09:24:50,479.0,950,110300
20240101,09:24:52,478.6,50,110300
20240101,09:24:59,480.05,50,110300
20240101,09:25:10,478.0,50,110300
20240101,09:25:37,480.25,100,110300
20240101,09:25:39,480.0,5000,110300
20240101,09:25:46,481.4,5300,110300
20240101,09:25:50,480.0,50,110300
20240101,09:25:57,479.5,50,110300
20240101,09:27:05,475.5,500,99500
20240101,09:27:09,473.1,50,99500
20240101,09:27:52,485.0,50,99500
20240101,09:27:54,484.6,50,99500
20240101,09:27:58,479.15,500,99500
20240101,09:28:34,481.35,250,99500
20240101,09:28:48,482.0,50,99500
20240101,09:29:07,487.65,50,99500
20240101,09:29:09,490.0,150,99500
20240101,09:29:24,486.9,100,97950
20240101,09:29:29,483.15,200,97950
20240101,09:31:14,492.15,300,97950
20240101,09:31:15,494.0,500,97950
20240101,09:31:16,495.0,50,97950
20240101,09:31:32,496.5,50,97950
20240101,09:32:26,496.5,50,96950
20240101,09:32:45,485.6,100,96950
20240101,09:32:52,484.1,50,96950
20240101,09:32:56,485.8,250,96950
20240101,09:32:59,484.2,50,96950
20240101,09:33:04,481.6,1800,96950
20240101,09:33:08,480.3,200,96950
20240101,09:34:00,473.25,350,96950
20240101,09:34:18,475.8,250,96950
20240101,09:34:50,480.3,450,96950
20240101,09:35:03,479.15,50,96950
20240101,09:35:04,477.75,50,96950
20240101,09:35:06,475.8,100,96950
20240101,09:35:12,475.3,300,96950
20240101,09:35:21,472.25,200,96950
20240101,09:35:26,470.25,50,96450
20240101,09:35:50,471.55,50,96450
20240101,09:35:51,470.25,50,96450
20240101,09:36:00,474.7,450,96450
20240101,09:36:10,476.3,50,96450
20240101,09:37:31,476.0,50,96450
20240101,09:38:11,480.75,50,96450
20240101,09:38:39,480.2,50,96350
20240101,09:38:57,485.0,50,96350
20240101,09:39:05,489.0,50,96350
20240101,09:39:20,490.0,50,96350
20240101,09:39:22,489.0,250,96350
20240101,09:39:48,490.7,50,96350
20240101,09:39:49,492.7,150,96350
20240101,09:39:53,495.0,50,96350
20240101,09:39:59,497.65,350,96350
20240101,09:40:02,500.0,350,96350
20240101,09:40:03,500.0,300,96350
20240101,09:40:08,497.85,50,96350
20240101,09:40:12,496.0,50,96350
20240101,09:41:01,491.75,150,96350
20240101,09:41:09,490.0,50,96350
20240101,09:41:22,490.0,50,95750
20240101,09:42:00,492.45,50,95750
20240101,09:42:11,490.0,100,95750
20240101,09:42:13,488.05,50,95750
20240101,09:43:27,480.35,200,95750
20240101,09:43:38,480.0,100,95750
20240101,09:43:39,480.6,50,95750
20240101,09:44:01,482.9,50,95750
20240101,09:44:03,484.0,250,95750
20240101,09:44:58,477.05,4750,95850
20240101,09:45:02,474.35,200,95850
20240101,09:45:03,474.4,50,95850
20240101,09:45:20,473.85,100,95850
20240101,09:45:43,475.2,150,95850
20240101,09:46:00,476.05,350,95850
20240101,09:46:19,479.75,50,95850
20240101,09:46:37,473.0,150,95850
20240101,09:46:41,470.0,50,95850
20240101,09:46:50,463.9,100,95850
20240101,09:46:53,461.0,250,95850
20240101,09:47:09,460.0,50,95850
20240101,09:47:11,460.0,100,95850
20240101,09:48:03,465.75,100,90600
20240101,09:48:25,460.0,50,90600
20240101,09:48:44,462.6,250,90600
20240101,09:49:00,460.25,200,90600
20240101,09:49:09,457.25,50,90600
20240101,09:49:17,456.95,100,90600
20240101,09:49:27,456.55,100,90600
20240101,09:49:45,456.5,50,90600
20240101,09:50:04,455.25,50,90600
20240101,09:51:07,455.25,2000,90800
20240101,09:51:42,454.2,400,90800
20240101,09:52:14,452.45,100,90800
20240101,09:53:07,451.0,50,90800
20240101,09:53:24,451.0,50,89200
20240101,09:53:31,451.0,50,89200
20240101,09:54:00,444.25,3200,89200
20240101,09:54:11,444.45,500,89200
20240101,09:54:27,443.65,50,89200
20240101,09:54:37,442.0,50,89200
20240101,09:54:44,442.0,150,89200
20240101,09:54:53,447.9,150,89200
20240101,09:54:54,448.35,50,89200
20240101,09:55:16,447.35,50,89200
20240101,09:55:19,447.2,100,89200
20240101,09:55:23,446.15,500,89200
20240101,09:55:33,447.0,250,89200
20240101,09:56:05,448.25,50,89200
20240101,09:56:09,445.3,150,89200
20240101,09:57:46,442.2,100,92250
20240101,09:58:15,436.7,50,92250
20240101,09:58:48,436.7,100,92250
20240101,09:59:39,442.15,50,92200
20240101,09:59:56,444.8,50,92200
20240101,10:00:30,444.8,50,92200
20240101,10:00:40,448.0,100,92200
20240101,10:00:56,448.05,100,92200
20240101,10:01:11,441.7,100,92200
20240101,10:02:01,440.9,100,92200
20240101,10:02:27,442.0,50,92400
20240101,10:03:28,443.1,50,92400
20240101,10:04:10,448.0,50,92400
20240101,10:05:40,448.4,50,92500
20240101,10:05:49,451.75,400,92500
20240101,10:05:53,451.7,500,92500
20240101,10:07:29,455.0,50,92500
20240101,10:07:35,455.5,50,92500
20240101,10:07:38,455.75,50,92500
20240101,10:07:40,455.55,100,92500
20240101,10:07:43,456.35,50,92500
20240101,10:07:44,455.75,50,92500
20240101,10:07:48,456.85,50,92500
20240101,10:08:42,448.45,200,92750
20240101,10:08:49,446.7,50,92750
20240101,10:10:01,452.25,50,92750
20240101,10:10:03,455.0,50,92750
20240101,10:10:33,453.3,100,92750
20240101,10:10:39,454.5,50,92750
20240101,10:10:43,457.3,50,92750
20240101,10:11:11,464.1,150,92750
20240101,10:11:12,465.0,50,92750
20240101,10:11:35,463.2,100,92900
20240101,10:11:40,463.0,100,92900
20240101,10:11:45,465.0,150,92900
20240101,10:11:54,469.4,100,92900
20240101,10:12:02,465.55,50,92900
20240101,10:12:11,470.0,50,92900
20240101,10:12:40,466.1,200,92900
20240101,10:13:03,465.95,50,92900
20240101,10:13:04,467.4,50,92900
20240101,10:13:05,467.35,50,92900
20240101,10:13:13,469.3,600,92900
20240101,10:14:08,466.45,50,92900
20240101,10:14:10,463.6,100,92900
20240101,10:14:30,462.8,50,92700
20240101,10:14:40,465.2,600,92700
20240101,10:15:03,464.2,50,92700
20240101,10:15:29,460.35,50,92700
20240101,10:15:42,458.0,100,92700
20240101,10:15:47,459.1,50,92700
20240101,10:15:49,459.8,50,92700
20240101,10:15:51,459.3,50,92700
20240101,10:15:53,457.5,200,92700
20240101,10:15:54,457.8,50,92700
20240101,10:15:56,456.45,50,92700
20240101,10:16:13,465.0,50,92700
20240101,10:19:02,463.25,100,93050
20240101,10:19:03,463.2,50,93050
20240101,10:19:15,465.0,50,93050
20240101,10:20:03,465.35,50,93050
20240101,10:21:28,467.3,200,92900
20240101,10:21:33,469.1,100,92900
20240101,10:21:37,470.0,400,92900
20240101,10:21:52,475.0,50,92900
20240101,10:22:03,474.6,250,92900
20240101,10:22:24,477.5,100,92900
20240101,10:22:31,480.1,50,92900
20240101,10:22:33,479.75,50,92900
20240101,10:22:38,479.1,400,92900
20240101,10:23:04,479.75,100,92900
20240101,10:23:05,479.8,50,92900
20240101,10:24:37,483.75,50,91500
20240101,10:24:53,482.75,100,91500
20240101,10:24:56,483.5,100,91500
20240101,10:25:27,479.7,1450,91500
20240101,10:25:36,480.5,50,91500
20240101,10:26:49,470.35,400,90000
20240101,10:27:39,470.0,100,90000
20240101,10:28:01,470.0,100,90000
20240101,10:28:18,470.0,450,90000
20240101,10:29:02,463.8,50,90000
20240101,10:29:03,463.9,100,90000
20240101,10:29:05,465.95,50,90000
20240101,10:29:48,466.5,50,90000
20240101,10:29:49,468.3,600,90000
20240101,10:30:01,465.0,150,90000
20240101,10:30:07,465.0,50,90000
20240101,10:31:05,465.0,300,90000
20240101,10:31:17,462.35,50,90000
20240101,10:31:21,463.95,50,90000
20240101,10:34:06,457.0,250,90450
20240101,10:35:59,464.1,50,90600
20240101,10:37:02,464.6,50,90600
20240101,10:37:39,455.1,50,90600
20240101,10:37:40,455.4,150,90600
20240101,10:37:46,458.8,50,90600
20240101,10:37:50,458.6,50,90600
20240101,10:37:51,457.7,50,90600
20240101,10:37:52,456.8,50,90600
20240101,10:38:49,460.0,500,90600
20240101,10:39:15,458.35,50,90600
20240101,10:40:02,455.7,250,90600
20240101,10:40:12,454.3,50,90600
20240101,10:41:03,453.55,50,90600
20240101,10:41:26,452.25,50,90600
20240101,10:42:57,454.75,50,89450
20240101,10:43:46,452.0,100,89450
20240101,10:44:20,455.0,700,89450
20240101,10:45:08,445.7,100,89700
20240101,10:45:25,448.5,250,89700
20240101,10:46:55,441.0,50,89700
20240101,10:47:24,443.05,50,89700
20240101,10:47:56,445.0,50,89700
20240101,10:48:14,447.15,50,89700
20240101,10:48:17,445.0,500,89700
20240101,10:48:34,440.0,250,89700
20240101,10:49:07,440.0,50,89700
20240101,10:49:28,438.35,50,89700
20240101,10:49:36,435.75,400,89700
20240101,10:49:37,435.35,500,89700
20240101,10:49:47,435.35,500,89700
20240101,10:49:48,436.3,300,89700
20240101,10:49:58,436.0,50,89700
20240101,10:50:12,433.2,2550,89700
20240101,10:50:39,433.2,50,89600
20240101,10:51:14,440.0,50,89600
20240101,10:51:42,437.25,100,89600
20240101,10:52:03,437.05,1200,89600
20240101,10:52:39,437.0,900,89600
20240101,10:53:35,434.0,150,90750
20240101,10:53:37,434.0,250,90750
20240101,10:53:41,432.9,100,90750
20240101,10:53:44,431.95,50,90750
20240101,10:54:31,431.95,50,90750
20240101,10:54:59,438.25,100,90750
20240101,10:55:25,437.5,100,90750
20240101,10:55:32,437.85,50,90750
20240101,10:55:51,437.3,50,90750
20240101,10:59:54,440.0,50,91200
20240101,11:00:17,436.05,150,91200
20240101,11:00:24,436.0,50,91200
20240101,11:00:27,435.65,850,91200
20240101,11:00:52,433.5,300,91200
20240101,11:00:53,433.0,600,91200
20240101,11:00:55,431.95,50,91200
20240101,11:01:03,431.95,50,91200
20240101,11:01:04,430.0,150,91200
20240101,11:01:05,429.0,100,91200
20240101,11:01:35,429.0,200,91200
20240101,11:01:36,430.45,100,91200
20240101,11:01:57,430.3,50,91200
20240101,11:02:44,434.2,50,93500
20240101,11:03:00,435.0,50,93500
20240101,11:03:04,438.2,50,93500
20240101,11:03:25,444.0,50,93500
20240101,11:03:27,445.95,50,93500
20240101,11:03:30,443.85,50,93500
20240101,11:03:56,445.45,50,93500
20240101,11:04:05,446.6,50,93500
20240101,11:04:08,448.0,400,93500
20240101,11:04:19,449.65,400,93500
20240101,11:04:40,449.65,50,93500
20240101,11:05:06,450.0,100,93500
20240101,11:05:28,445.45,50,93500
20240101,11:05:34,443.9,50,92750
20240101,11:05:51,445.0,600,92750
20240101,11:05:56,444.6,50,92750
20240101,11:06:19,446.0,50,92750
20240101,11:10:21,440.55,50,92200
20240101,11:11:39,442.55,50,92150
20240101,11:12:39,445.0,300,92150
20240101,11:13:33,443.0,150,92150
20240101,11:15:16,439.65,50,92200
20240101,11:15:17,437.5,850,92200
20240101,11:15:48,439.0,150,92200
20240101,11:16:30,444.0,50,92200
20240101,11:18:19,448.15,1400,91200
20240101,11:19:08,439.0,200,91200
20240101,11:19:54,436.45,200,91200
20240101,11:20:15,436.8,100,91200
20240101,11:21:19,437.1,100,92900
20240101,11:22:48,441.55,50,92900
20240101,11:24:10,439.5,50,92850
20240101,11:24:14,439.8,50,92850
20240101,11:25:13,438.0,50,92850
20240101,11:25:16,438.0,100,92850
20240101,11:25:45,438.0,100,92850
20240101,11:26:19,437.25,100,92850
20240101,11:26:39,436.6,50,92850
20240101,11:26:40,435.5,50,92850
20240101,11:26:44,435.25,50,92850
20240101,11:26:55,436.05,300,92850
20240101,11:28:06,434.65,50,92850
20240101,11:28:19,432.0,700,92850
20240101,11:28:38,434.0,150,92850
20240101,11:28:44,432.65,50,92850
20240101,11:28:56,435.6,1400,92850
20240101,11:30:04,432.0,150,92250
20240101,11:30:53,430.0,450,92250
20240101,11:30:55,429.9,100,92250
20240101,11:31:00,429.5,150,92250
20240101,11:31:41,435.25,100,92250
20240101,11:31:43,434.9,50,92250
20240101,11:31:53,434.0,50,92250
20240101,11:32:20,437.55,3650,92250
20240101,11:32:20,437.55,1350,92250
20240101,11:32:44,438.2,100,88100
20240101,11:32:46,436.65,50,88100
20240101,11:32:55,437.6,200,88100
20240101,11:33:09,438.45,300,88100
20240101,11:33:30,441.55,150,88100
20240101,11:33:59,440.75,250,88100
20240101,11:34:06,443.0,200,88100
20240101,11:34:57,442.05,100,88100
20240101,11:35:10,443.3,150,88100
20240101,11:35:13,445.0,450,88100
20240101,11:35:39,440.95,500,86800
20240101,11:35:41,440.75,50,86800
20240101,11:36:08,442.2,50,86800
20240101,11:36:38,444.7,200,86800
20240101,11:36:45,445.0,50,86800
20240101,11:37:04,448.0,50,86800
20240101,11:37:07,448.5,3000,86800
20240101,11:37:09,447.85,100,86800
20240101,11:37:15,450.0,50,86800
20240101,11:39:20,446.05,500,90100
20240101,11:39:35,445.0,100,90100
20240101,11:40:12,441.65,1550,90100
20240101,11:42:09,441.65,50,91500
20240101,11:42:18,441.3,50,91500
20240101,11:42:37,440.25,50,91500
20240101,11:44:26,445.25,50,91500
20240101,11:44:47,446.5,200,91650
20240101,11:45:27,450.0,50,91650
20240101,11:45:46,446.0,100,91650
20240101,11:46:30,446.3,100,91650
20240101,11:47:06,448.1,50,91650
20240101,11:49:03,449.0,150,91400
20240101,11:49:05,451.8,350,91400
20240101,11:49:08,451.9,150,91400
20240101,11:49:55,448.1,200,91400
20240101,11:53:16,446.45,100,91350
20240101,11:53:52,443.8,150,91400
20240101,11:55:45,448.0,100,91400
20240101,11:56:07,449.6,50,91400
20240101,11:56:19,450.0,50,91400
20240101,11:56:25,449.05,100,91400
20240101,11:58:52,445.5,50,91350
20240101,11:59:19,445.4,100,91350
20240101,11:59:44,445.4,50,91200
20240101,12:00:31,449.45,50,91200
20240101,12:00:39,450.05,50,91200
20240101,12:00:43,450.9,150,91200
20240101,12:00:45,450.2,550,91200
20240101,12:01:02,449.15,100,91200
20240101,12:01:17,452.25,50,91200
20240101,12:01:46,458.9,350,91200
20240101,12:01:54,463.2,3050,91200
20240101,12:01:56,461.0,200,91200
20240101,12:02:03,459.15,50,91200
20240101,12:02:04,459.25,50,91200
20240101,12:02:13,454.35,50,91200
20240101,12:02:28,456.1,50,91200
20240101,12:03:10,448.8,50,89650
20240101,12:03:25,446.35,50,89650
20240101,12:03:53,445.0,200,89650
20240101,12:04:04,445.9,50,89650
20240101,12:04:06,445.5,150,89650
20240101,12:04:13,439.9,100,89650
20240101,12:04:20,439.1,150,89650
20240101,12:04:35,442.55,50,89650
20240101,12:05:06,448.0,100,89650
20240101,12:05:07,448.0,100,89650
20240101,12:05:15,448.25,100,89650
20240101,12:06:42,442.95,100,90250
20240101,12:06:48,442.25,600,90250
20240101,12:06:53,442.95,50,90250
20240101,12:07:08,443.2,100,90250
20240101,12:07:40,443.75,50,90250
20240101,12:08:56,441.0,50,89900
20240101,12:09:16,440.0,50,89900
20240101,12:09:24,438.0,150,89900
20240101,12:10:01,435.9,750,89900
20240101,12:10:02,436.3,150,89900
20240101,12:10:05,434.0,2550,89900
20240101,12:10:17,430.0,150,89900
20240101,12:10:32,432.2,50,89900
20240101,12:10:48,428.85,50,89900
20240101,12:10:54,428.2,50,89900
20240101,12:11:03,428.2,50,89900
20240101,12:11:04,430.65,250,89900
20240101,12:11:18,430.75,50,89900
20240101,12:11:21,430.05,50,89900
20240101,12:11:24,429.85,100,89900
20240101,12:11:40,429.4,50,89900
20240101,12:12:03,430.15,50,90650
20240101,12:12:06,425.0,300,90650
20240101,12:12:14,423.5,50,90650
20240101,12:12:27,423.5,150,90650
20240101,12:12:29,427.35,50,90650
20240101,12:12:52,429.0,50,90650
20240101,12:13:29,427.0,100,90650
20240101,12:13:34,426.55,50,90650
20240101,12:13:45,425.0,150,90650
20240101,12:13:53,423.0,50,90650
20240101,12:14:25,423.0,50,90650
20240101,12:14:31,420.6,3000,90650
20240101,12:14:32,419.4,150,90650
20240101,12:14:34,419.0,50,90650
20240101,12:14:41,419.0,50,90650
20240101,12:14:43,419.0,200,88500
20240101,12:14:48,418.7,50,88500
20240101,12:15:00,418.65,50,88500
20240101,12:15:02,418.65,50,88500
20240101,12:15:29,422.3,50,88500
20240101,12:15:38,424.0,50,88500
20240101,12:15:43,423.65,300,88500
20240101,12:16:11,425.0,500,88500
20240101,12:16:20,424.0,600,88500
