date,time,tick_price,volume,open_interest
20231129,09:54:17,13.65,200,450
20231129,09:54:53,13.7,250,450
20231129,12:19:25,14.2,100,450
20231229,09:43:17,1.1,1,550
20231229,09:43:17,1.1,100,550
20231229,09:44:11,1.4,150,550
20231229,09:44:32,1.75,100,650
20231229,09:46:45,1.75,250,650
20231229,09:49:07,1.0,250,650
20231229,09:50:18,1.1,50,1300
20231229,09:50:20,1.1,150,1300
20231229,09:51:08,1.1,50,1300
20231229,09:51:09,1.1,50,1300
20231229,09:51:10,1.1,50,1300
20231229,09:51:11,1.1,50,1300
20231229,09:51:12,1.1,50,1300
20231229,09:51:13,1.1,100,1300
20231229,09:51:14,1.1,50,1300
20231229,09:52:44,1.1,250,1300
20231229,09:53:02,1.1,300,1300
20231229,09:53:33,1.1,50,1300
20231229,09:54:26,1.1,100,1450
20231229,09:55:57,1.1,100,1450
20231229,09:56:19,1.05,150,1450
20231229,09:57:23,1.05,100,1600
20231229,09:57:33,1.05,250,1600
20231229,09:58:41,1.05,450,1600
20231229,09:59:53,1.0,950,1600
20231229,09:59:54,1.0,300,2100
20231229,09:59:56,1.05,150,2100
20231229,10:00:27,1.05,350,2100
20231229,10:01:18,1.0,1950,2100
20231229,10:01:45,1.0,50,2100
20231229,10:02:21,1.0,50,4100
20231229,10:02:50,1.0,50,4100
20231229,10:03:05,1.0,250,4100
20231229,10:05:31,1.05,100,4050
20231229,10:06:26,1.05,50,4050
20231229,10:07:05,1.05,50,4050
20231229,10:08:56,1.0,250,4250
20231229,10:09:31,1.0,50,4250
20231229,10:09:51,0.95,50,4250
20231229,10:10:18,0.95,250,4250
20231229,10:13:13,1.0,50,4250
20231229,10:13:29,1.0,50,4350
20231229,10:14:54,0.95,50,4350
20231229,10:15:20,1.05,200,4450
20231229,10:15:38,0.95,50,4450
20231229,10:17:53,1.0,250,4450
20231229,10:18:46,1.05,50,4500
20231229,10:19:46,1.05,50,4500
20231229,10:20:02,1.05,450,4500
20231229,10:21:04,0.95,50,4500
20231229,10:21:56,1.05,50,4500
20231229,10:23:59,1.05,50,4500
20231229,10:24:44,1.05,100,4550
20231229,10:25:35,1.1,50,4550
20231229,10:25:40,1.1,50,4550
20231229,10:25:41,1.1,50,4550
20231229,10:26:04,1.1,50,4550
20231229,10:26:05,1.05,50,4550
20231229,10:26:10,1.15,3900,4550
20231229,10:26:18,1.2,300,4550
20231229,10:26:39,1.2,200,8250
20231229,10:27:15,1.2,100,8250
20231229,10:28:17,1.4,2600,8250
20231229,10:28:41,1.4,50,8250
20231229,10:28:50,1.25,1900,8250
20231229,10:28:51,1.25,50,8250
20231229,10:29:16,1.25,100,8250
20231229,10:30:41,1.15,100,8250
20231229,10:30:46,1.2,350,12400
20231229,10:31:15,1.15,300,12400
20231229,10:32:00,1.2,50,12400
20231229,10:32:07,1.1,50,12400
20231229,10:32:15,1.2,1650,12400
20231229,10:32:16,1.25,100,12400
20231229,10:32:22,1.25,1950,12500
20231229,10:32:26,1.2,900,12500
20231229,10:35:11,1.2,1350,12500
20231229,10:35:25,1.2,700,12500
20231229,10:37:26,1.25,50,14150
20231229,10:37:50,1.25,1250,14150
20231229,10:39:14,1.2,250,15200
20231229,10:39:39,1.25,500,15200
20231229,10:41:31,1.3,2150,15700
20231229,10:41:35,1.3,50,15700
20231229,10:41:37,1.3,50,15700
20231229,10:42:03,1.3,100,15700
20231229,10:42:04,1.3,100,15700
20231229,10:42:07,1.3,50,15700
20231229,10:42:09,1.3,500,15700
20231229,10:42:22,1.35,2050,15700
20231229,10:42:35,1.35,2150,15700
20231229,10:42:50,1.45,650,15700
20231229,10:42:57,1.4,900,15700
20231229,10:43:11,1.35,200,15700
20231229,10:43:15,1.35,150,15700
20231229,10:43:22,1.4,1950,15700
20231229,10:43:36,1.4,2300,15700
20231229,10:43:46,1.4,1450,15700
20231229,10:43:55,1.4,600,15700
20231229,10:44:22,1.4,1800,27200
20231229,10:44:25,1.4,250,27200
20231229,10:44:30,1.4,1800,27200
20231229,10:45:20,1.4,1800,27200
20231229,10:45:51,1.4,500,27200
20231229,10:45:56,1.4,300,27200
20231229,10:45:57,1.4,50,27200
20231229,10:47:10,1.35,50,27200
20231229,10:47:12,1.35,5150,27200
20231229,10:48:41,1.3,50,27200
20231229,10:49:22,1.2,250,32800
20231229,10:49:26,1.2,250,32800
20231229,10:49:29,1.2,250,32800
20231229,10:49:31,1.2,250,32800
20231229,10:49:34,1.2,250,32800
20231229,10:49:37,1.2,1150,32800
20231229,10:50:29,1.2,250,32250
20231229,10:51:04,1.15,50,32250
20231229,10:52:39,1.15,2500,32250
20231229,10:54:03,1.2,100,32350
20231229,10:56:22,1.2,1200,32350
20231229,10:59:33,1.25,50,32350
20231229,11:02:56,1.2,550,32350
20231229,11:04:02,1.2,1000,32400
20231229,11:04:24,1.15,50,32400
20231229,11:05:43,1.2,100,33450
20231229,11:06:50,1.15,1250,33450
20231229,11:09:42,1.15,50,33750
20231229,11:09:49,1.2,200,33750
20231229,11:09:50,1.2,50,33750
20231229,11:11:53,1.2,200,33750
20231229,11:11:56,1.2,50,33900
20231229,11:13:46,1.15,50,33900
20231229,11:13:52,1.15,500,33900
20231229,11:13:55,1.15,500,33900
20231229,11:20:12,1.2,100,34100
20231229,11:20:54,1.2,300,34000
20231229,11:20:56,1.2,50,34000
20231229,11:20:57,1.2,850,34000
20231229,11:23:53,1.2,600,34850
20231229,11:24:11,1.15,1000,34850
20231229,11:30:05,1.2,250,34850
20231229,11:32:25,1.25,100,33850
20231229,11:32:39,1.15,11350,33850
20231229,11:32:46,1.15,200,33850
20231229,11:34:31,1.15,250,33850
20231229,11:34:53,1.15,500,33850
20231229,11:34:55,1.15,150,33850
20231229,11:36:43,1.15,500,34850
20231229,11:39:13,1.1,50,35100
20231229,11:42:05,1.15,250,35100
20231229,11:44:41,1.15,2400,35050
20231229,11:51:32,1.15,50,35050
20231229,11:51:59,1.1,50,32750
20231229,12:05:12,1.15,2350,32750
20231229,12:05:12,1.15,1800,32700
20231229,12:11:12,1.15,200,32700
20231229,12:13:02,1.2,250,36200
20231229,12:13:44,1.2,750,36200
20231229,12:15:09,1.15,50,36000
20231229,12:15:20,1.15,750,36000
20231229,12:17:01,1.15,500,36000
20231229,12:17:06,1.15,1000,36000
20231229,12:17:08,1.15,150,36000
20231229,12:17:24,1.15,1900,36000
20231229,12:17:27,1.15,1800,36000
20231229,12:17:30,1.15,1800,36000
20231229,12:17:30,1.15,100,36000
20231229,12:17:34,1.15,1200,39900
20231229,12:17:35,1.15,1800,39900
20231229,12:17:39,1.15,1800,39900
20231229,12:17:44,1.15,800,39900
20231229,12:17:45,1.15,750,39900
20231229,12:17:59,1.2,50,39900
20231229,12:18:10,1.2,850,39900
20231229,12:18:19,1.2,1800,39900
20231229,12:18:20,1.2,50,39900
20231229,12:19:04,1.2,950,39900
20231229,12:19:11,1.25,50,39900
20231229,12:19:17,1.25,250,39900
20231229,12:20:34,1.25,1000,45800
20231229,12:20:39,1.25,200,45800
20231229,12:21:12,1.2,1800,45800
20231229,12:21:14,1.2,200,45800
20231229,12:21:18,1.25,50,45800
20231229,12:21:19,1.2,200,45800
20231229,12:21:52,1.25,1800,45800
20231229,12:23:43,1.25,50,45800
20231229,12:24:07,1.3,50,45400
20231229,12:25:13,1.3,250,45400
20231229,12:25:15,1.3,50,45400
20231229,12:26:46,1.25,50,45400
20231229,12:28:25,1.3,50,45750
20231229,12:29:01,1.25,50,45750
20231229,12:29:08,1.2,1000,45750
20231229,12:29:29,1.2,200,45750
20231229,12:29:29,1.2,600,45750
20231229,12:29:31,1.25,50,45750
20231229,12:31:49,1.15,800,45350
20231229,12:32:23,1.2,1000,45350
20231229,12:42:37,1.15,300,45350
20231229,12:42:45,1.15,900,45700
20231229,12:44:02,1.15,50,45700
20231229,12:47:39,1.15,50,44500
20231229,12:49:15,1.15,50,44500
20231229,13:02:44,1.15,50,44500
20231229,13:02:46,1.15,50,44500
20231229,13:04:20,1.1,50,44500
20231229,13:07:35,1.15,50,44500
20231229,13:13:00,1.15,450,44500
20231229,13:16:41,1.15,300,44050
20231229,13:16:42,1.15,50,44050
20231229,13:16:43,1.15,50,44050
20231229,13:21:40,1.15,100,43750
20231229,13:22:27,1.2,50,43750
20231229,13:24:55,1.2,50,43850
20231229,13:28:01,1.15,250,43850
20231229,13:30:01,1.2,750,43900
20231229,13:30:53,1.15,50,44100
20231229,13:32:26,1.15,100,44100
20231229,13:33:23,1.15,1000,44550
20231229,13:33:32,1.15,50,44550
20231229,13:37:36,1.15,150,44550
20231229,13:37:40,1.15,150,43850
20231229,13:37:43,1.15,150,43850
20231229,13:40:16,1.15,800,43400
20231229,13:40:21,1.15,50,43400
20231229,13:43:53,1.15,100,43400
20231229,13:43:54,1.15,50,42750
20231229,13:49:56,1.15,250,42750
20231229,13:50:08,1.15,1850,42800
20231229,13:50:12,1.25,1500,42800
20231229,13:50:32,1.2,100,42800
20231229,13:51:02,1.25,1800,45200
20231229,13:51:03,1.3,800,45200
20231229,13:52:03,1.3,500,45200
20231229,13:52:05,1.25,50,45200
20231229,13:52:15,1.3,800,45200
20231229,13:52:15,1.3,50,45200
20231229,13:52:32,1.35,200,45200
20231229,13:52:46,1.3,400,45200
20231229,13:52:52,1.3,50,45200
20231229,13:53:03,1.35,2050,45200
20231229,13:53:09,1.4,800,45200
20231229,13:53:11,1.35,250,45200
20231229,13:54:08,1.4,400,45200
20231229,13:54:10,1.4,50,49800
20231229,13:54:26,1.45,200,49800
20231229,13:55:05,1.4,400,49800
20231229,13:55:30,1.35,500,49800
20231229,13:56:20,1.4,1500,49800
20231229,13:58:06,1.4,550,51200
20231229,13:59:59,1.35,850,51750
20231229,14:00:20,1.3,250,51750
20231229,14:00:33,1.35,100,51750
20231229,14:00:46,1.35,50,51750
20231229,14:01:39,1.35,250,51750
20231229,14:03:00,1.35,200,50900
20231229,14:03:25,1.35,900,50900
20231229,14:03:57,1.35,150,50900
20231229,14:04:12,1.35,50,50900
20231229,14:06:24,1.35,250,50900
20231229,14:06:59,1.3,250,51800
20231229,14:10:16,1.3,1100,51800
20231229,14:10:17,1.3,100,51800
20231229,14:11:33,1.25,1400,51800
20231229,14:13:27,1.3,50,50850
20231229,14:14:49,1.2,500,50900
20231229,14:16:01,1.15,500,50900
20231229,14:17:16,1.25,50,50900
20231229,14:17:21,1.15,450,50900
20231229,14:19:31,1.25,500,50900
20231229,14:20:28,1.15,350,51200
20231229,14:28:37,1.15,1400,51700
20231229,14:29:00,1.2,200,51700
20231229,14:29:19,1.15,1650,51700
20231229,14:29:24,1.1,250,51700
20231229,14:38:10,1.15,500,51700
20231229,14:41:20,1.2,50,48900
20231229,14:42:33,1.15,50,48400
20231229,14:43:48,1.15,50,48450
20231229,14:45:18,1.15,1000,48550
20231229,14:50:45,1.1,100,48550
20231229,14:53:18,1.1,50,48200
20231229,14:55:19,1.15,200,48200
20231229,14:55:20,1.1,50,48250
20231229,14:55:23,1.2,50,48250
20231229,14:57:09,1.05,50,48300
20231229,14:57:13,1.1,250,48300
20231229,14:59:04,1.15,100,48300
20231229,15:01:16,1.2,300,48300
20231229,15:01:18,1.2,500,48150
20231229,15:01:22,1.2,50,48150
20231229,15:02:14,1.2,250,48150
20231229,15:03:14,1.15,550,48500
20231229,15:05:02,1.3,1650,48500
20231229,15:05:07,1.35,150,48500
20231229,15:05:24,1.3,300,48500
20231229,15:07:18,1.4,1050,48500
20231229,15:07:21,1.35,250,49200
20231229,15:07:22,1.35,50,49200
20231229,15:07:30,1.35,50,49200
20231229,15:07:32,1.35,250,49200
20231229,15:07:58,1.3,100,49200
20231229,15:08:01,1.3,50,49200
20231229,15:08:03,1.3,50,49200
20231229,15:08:18,1.3,50,49200
20231229,15:08:46,1.3,250,49200
20231229,15:09:12,1.25,200,49200
20231229,15:14:58,1.3,250,50150
20231229,15:15:31,1.25,650,49850
20231229,15:18:47,1.2,50,50300
20231229,15:18:59,1.3,250,50300
20231229,15:20:12,1.3,250,50300
20231229,15:20:17,1.4,800,50300
20231229,15:20:18,1.3,50,50300
20231229,15:21:28,1.3,400,50700
20231229,15:21:46,1.3,50,50700
20231229,15:22:08,1.3,50,50700
20231229,15:22:22,1.25,950,50700
20231229,15:23:58,1.3,300,50700
20231229,15:24:39,1.2,50,50400
20231229,15:24:54,1.3,700,50400
20231229,15:25:06,1.4,100,50400
20231229,15:28:25,1.25,200,50400
20231229,15:29:40,1.05,200,50850
20240101,09:15:03,1.3,1,49600
20240101,09:15:03,1.3,50,49600
20240101,09:15:04,1.35,200,49600
20240101,09:15:05,1.3,150,49600
20240101,09:15:06,1.3,100,49600
20240101,09:15:08,1.25,200,49600
20240101,09:15:21,1.05,150,49600
20240101,09:15:24,1.05,50,49600
20240101,09:16:00,1.3,1000,49600
20240101,09:16:01,1.15,150,49600
20240101,09:16:17,1.1,400,49600
20240101,09:16:20,1.25,350,49600
20240101,09:16:23,1.15,200,49600
20240101,09:16:27,1.25,250,49600
20240101,09:16:56,1.1,400,49600
20240101,09:18:04,1.1,150,49600
20240101,09:18:10,1.05,150,51000
20240101,09:18:17,1.05,350,51000
20240101,09:18:22,1.05,100,51000
20240101,09:18:34,1.05,200,51000
20240101,09:18:45,1.05,250,51000
20240101,09:19:23,1.05,150,51000
20240101,09:20:16,1.05,200,51000
20240101,09:21:25,1.05,250,51350
20240101,09:21:27,1.05,350,51350
20240101,09:21:54,1.05,50,51350
20240101,09:21:56,1.05,200,51350
20240101,09:22:00,1.0,200,51350
20240101,09:22:19,1.0,300,51350
20240101,09:22:57,1.0,50,51350
20240101,09:23:13,1.05,100,51350
20240101,09:23:38,1.05,100,51350
20240101,09:23:53,1.05,100,51150
20240101,09:26:20,1.05,50,51150
20240101,09:26:44,1.05,600,51150
20240101,09:27:43,1.05,150,51150
20240101,09:27:55,1.05,100,51150
20240101,09:32:15,1.05,50,51150
20240101,09:32:59,1.05,50,51150
20240101,09:33:53,1.0,50,51200
20240101,09:35:26,1.05,50,51200
20240101,09:35:59,1.0,200,51250
20240101,09:40:06,1.05,50,51250
20240101,09:40:12,1.05,50,51150
20240101,09:47:46,1.05,50,51150
20240101,09:52:31,1.05,100,51150
20240101,09:54:02,1.05,500,51150
20240101,09:54:35,1.05,400,51150
20240101,09:54:51,1.1,100,51150
20240101,09:54:52,1.1,150,51150
20240101,09:54:53,1.1,1800,51150
20240101,09:54:55,1.15,250,51150
20240101,09:54:58,1.1,50,51150
20240101,09:54:59,1.1,50,51150
20240101,09:55:01,1.2,1400,51150
20240101,09:55:05,1.25,650,51150
20240101,09:55:06,1.3,2300,51150
20240101,09:55:08,1.3,50,51150
20240101,09:55:10,1.45,600,51150
20240101,09:55:12,1.45,250,51150
20240101,09:55:17,1.4,50,51150
20240101,09:55:24,1.4,200,51150
20240101,09:55:28,1.35,400,51150
20240101,09:55:30,1.35,50,51150
20240101,09:55:31,1.35,1000,51150
20240101,09:55:32,1.35,350,51150
20240101,09:55:34,1.3,50,51150
20240101,09:55:36,1.25,50,51150
20240101,09:55:39,1.25,500,51150
20240101,09:55:43,1.25,500,51150
20240101,09:55:56,1.25,1800,51150
20240101,09:55:57,1.25,50,51150
20240101,09:56:08,1.2,100,51150
20240101,09:56:09,1.25,50,51150
20240101,09:56:10,1.2,2050,51150
20240101,09:56:12,1.2,1000,51150
20240101,09:56:13,1.2,50,51150
20240101,09:56:17,1.15,200,51150
20240101,09:56:18,1.2,1250,51150
20240101,09:56:20,1.15,200,51150
20240101,09:56:23,1.2,300,59700
20240101,09:56:45,1.2,850,59700
20240101,09:56:46,1.3,1900,59700
20240101,09:56:51,1.35,1750,59700
20240101,09:56:52,1.3,50,59700
20240101,09:57:08,1.3,500,59700
20240101,09:57:09,1.3,300,59700
20240101,09:57:25,1.35,500,59700
20240101,09:57:26,1.4,1800,59700
20240101,09:57:27,1.4,2800,59700
20240101,09:57:30,1.6,2750,59700
20240101,09:57:43,1.4,400,59700
20240101,09:57:48,1.4,50,59700
20240101,09:58:15,1.4,50,59700
20240101,09:58:46,1.35,2150,59700
20240101,10:00:05,1.35,700,68350
20240101,10:00:06,1.4,1800,68350
20240101,10:00:59,1.4,4500,68350
20240101,10:01:01,1.25,50,68350
20240101,10:01:12,1.3,500,68350
20240101,10:03:27,1.3,1800,75300
20240101,10:05:45,1.3,550,77050
20240101,10:05:50,1.25,150,77050
20240101,10:05:59,1.25,1800,77050
20240101,10:06:00,1.2,2500,77050
20240101,10:06:01,1.25,50,77050
20240101,10:06:02,1.25,50,77050
20240101,10:06:10,1.2,500,77050
20240101,10:06:14,1.2,1700,77050
20240101,10:06:27,1.2,50,77050
20240101,10:08:32,1.25,50,74750
20240101,10:10:40,1.25,200,74750
20240101,10:11:09,1.25,250,74750
20240101,10:11:12,1.2,200,74750
20240101,10:11:36,1.2,1000,74700
20240101,10:11:38,1.2,1800,74700
20240101,10:11:40,1.2,950,74700
20240101,10:11:42,1.15,2250,74700
20240101,10:11:46,1.15,850,74700
20240101,10:11:50,1.15,1800,74700
20240101,10:18:08,1.2,900,74700
20240101,10:18:28,1.15,1600,78150
20240101,10:18:32,1.2,900,78150
20240101,10:21:27,1.15,1900,78150
20240101,10:24:30,1.1,850,76100
20240101,10:24:35,1.05,1800,76100
20240101,10:24:36,1.0,4000,76100
20240101,10:24:37,1.1,50,76100
20240101,10:24:41,1.05,50,76100
20240101,10:25:04,1.05,150,76100
20240101,10:25:09,1.05,500,76100
20240101,10:26:57,1.1,500,69850
20240101,10:27:04,1.05,100,69850
20240101,10:27:04,1.05,50,69850
20240101,10:34:03,1.05,550,69850
20240101,10:40:45,1.1,500,69750
20240101,10:40:58,1.15,600,69700
20240101,10:44:02,1.1,50,69700
20240101,10:44:17,1.15,400,69150
20240101,10:44:56,1.15,1850,68850
20240101,10:44:57,1.15,50,68850
20240101,10:46:18,1.15,50,68850
20240101,10:46:20,1.25,450,68850
20240101,10:46:28,1.15,100,68850
20240101,10:46:50,1.15,550,68850
20240101,10:46:54,1.15,100,68850
20240101,10:47:05,1.15,600,68850
20240101,10:47:06,1.2,400,68850
20240101,10:47:07,1.15,400,68850
20240101,10:47:08,1.2,550,68850
20240101,10:47:15,1.2,50,68850
20240101,10:47:16,1.2,100,68850
20240101,10:47:40,1.2,50,68000
20240101,10:47:51,1.25,200,68000
20240101,10:47:55,1.2,50,68000
20240101,10:48:12,1.25,1950,68000
20240101,10:48:16,1.25,50,68000
20240101,10:48:18,1.25,50,68000
20240101,10:48:19,1.3,1800,68000
20240101,10:48:24,1.3,1800,68000
20240101,10:48:25,1.3,100,68000
20240101,10:48:39,1.25,1000,68000
20240101,10:48:51,1.25,50,68000
20240101,10:52:58,1.15,1500,68000
20240101,10:53:17,1.2,50,64350
20240101,10:53:22,1.2,50,64350
20240101,10:53:35,1.2,50,64100
20240101,10:55:51,1.15,250,64100
20240101,10:55:51,1.15,50,64100
20240101,10:56:36,1.1,50,64100
20240101,10:57:43,1.2,50,64000
20240101,10:57:51,1.2,300,64000
20240101,10:58:03,1.2,50,64000
20240101,11:00:00,1.2,50,63950
20240101,11:01:31,1.15,300,63950
20240101,11:01:50,1.2,50,63950
20240101,11:08:42,1.15,550,63850
20240101,11:12:46,1.15,250,63850
20240101,11:16:59,1.2,750,63300
20240101,11:21:38,1.1,600,63800
20240101,11:21:39,1.1,250,63800
20240101,11:24:58,1.05,250,63800
20240101,11:25:07,1.05,50,64200
20240101,11:25:16,1.05,50,64200
20240101,11:27:06,1.05,750,64400
20240101,11:28:59,1.05,500,64400
20240101,11:32:26,1.05,50,64400
20240101,11:33:08,1.0,50,63200
20240101,11:34:44,1.1,350,63250
20240101,11:35:44,1.1,50,63250
20240101,11:36:54,1.05,200,63250
20240101,11:36:56,1.05,50,63250
20240101,11:44:07,1.05,50,63250
20240101,12:04:48,1.05,350,63200
20240101,12:04:49,1.0,300,63200
20240101,12:04:55,1.05,300,63200
20240101,12:05:09,1.05,500,63200
20240101,12:05:09,1.0,500,63200
20240101,12:05:10,1.05,250,63200
20240101,12:05:14,1.05,300,63200
20240101,12:05:14,1.0,350,63200
20240101,12:05:27,1.0,200,63200
20240101,12:05:28,1.05,650,63200
20240101,12:05:29,1.0,400,63200
20240101,12:10:25,1.1,1750,63200
20240101,12:10:26,1.1,600,63250
20240101,12:10:27,1.0,150,63250
20240101,12:10:30,1.1,2750,63250
20240101,12:10:31,1.15,2000,63250
20240101,12:10:32,1.25,3250,63250
20240101,12:10:33,1.15,5100,63250
20240101,12:10:48,1.15,1800,63250
20240101,12:10:52,1.15,50,63250
20240101,12:10:59,1.15,100,63250
20240101,12:11:02,1.25,50,63250
20240101,12:11:02,1.3,1500,63250
20240101,12:11:03,1.2,2900,63250
20240101,12:11:04,1.3,400,63250
20240101,12:11:05,1.15,300,63250
20240101,12:11:06,1.15,2900,63250
20240101,12:11:07,1.2,2350,63250
20240101,12:11:08,1.2,800,63250
20240101,12:11:09,1.35,5150,63250
20240101,12:11:10,1.15,700,63250
20240101,12:11:11,1.2,3950,63250
20240101,12:11:12,1.25,9650,63250
20240101,12:11:15,1.2,1550,63250
20240101,12:11:18,1.25,6450,63250
20240101,12:11:19,1.2,50,63250
20240101,12:11:21,1.25,150,63250
20240101,12:11:22,1.25,7050,63250
20240101,12:11:23,1.25,19150,63250
20240101,12:11:24,1.15,7850,63250
20240101,12:11:25,1.2,3800,63250
20240101,12:11:26,1.15,550,63250
20240101,12:11:27,1.2,6750,63250
20240101,12:11:28,1.3,2750,63250
20240101,12:11:29,1.25,1650,63250
20240101,12:11:30,1.2,50,63250
20240101,12:11:32,1.3,400,63250
20240101,12:11:33,1.3,50,63250
20240101,12:12:08,1.25,5200,75300
20240101,12:12:09,1.3,8150,75300
20240101,12:12:10,1.35,1050,75300
20240101,12:12:14,1.2,8150,75300
20240101,12:12:16,1.25,350,75300
20240101,12:12:17,1.3,4450,75300
20240101,12:12:19,1.25,8850,75300
20240101,12:12:22,1.3,800,75300
20240101,12:12:30,1.3,2800,75300
20240101,12:13:11,1.35,2900,75300
20240101,12:13:21,1.3,2000,75300
20240101,12:13:37,1.25,100,75300
20240101,12:13:39,1.25,50,75300
20240101,12:13:49,1.25,100,75300
20240101,12:13:56,1.25,800,75300
20240101,12:14:08,1.25,1100,75300
20240101,12:14:09,1.3,1450,75300
20240101,12:14:16,1.3,600,75300
20240101,12:14:17,1.35,1800,75300
20240101,12:14:31,1.3,550,75300
20240101,12:14:31,1.3,450,75300
20240101,12:14:44,1.4,50,75300
20240101,12:14:47,1.3,950,95100
20240101,12:14:48,1.3,1100,95100
20240101,12:14:50,1.3,250,95100
20240101,12:14:51,1.3,1450,95100
20240101,12:14:52,1.3,950,95100
20240101,12:14:53,1.3,100,95100
20240101,12:15:10,1.3,1800,95100
20240101,12:15:11,1.3,50,95100
20240101,12:15:24,1.35,2050,95100
20240101,12:15:37,1.3,250,95100
20240101,12:16:02,1.25,1800,95100
20240101,12:16:07,1.3,50,95100
20240101,12:16:09,1.3,2850,95100
20240101,12:16:11,1.3,3600,95100
20240101,12:16:12,1.35,2350,95100
20240101,12:16:16,0.95,22250,95100
20240101,12:16:21,1.25,1000,95100
20240101,12:16:25,1.25,1000,95100
20240101,12:18:39,1.2,50,98450
20240101,12:19:13,1.2,500,98450
20240101,12:22:34,1.2,250,98450
20240101,12:22:35,1.15,50,98450
20240101,12:22:36,1.15,50,98450
20240101,12:22:38,1.15,50,98450
20240101,12:22:39,1.15,50,98450
20240101,12:22:40,1.15,50,98450
20240101,12:22:41,1.15,50,98450
20240101,12:22:43,1.15,50,98450
20240101,12:22:44,1.15,50,98450
20240101,12:22:45,1.15,50,98450
20240101,12:22:46,1.15,50,98450
20240101,12:22:48,1.15,50,98450
20240101,12:22:51,1.15,50,98450
20240101,12:22:56,1.15,50,98450
20240101,12:22:57,1.15,100,98450
20240101,12:22:59,1.15,100,98450
20240101,12:23:01,1.15,50,98450
20240101,12:23:04,1.15,50,98450
20240101,12:23:07,1.15,50,98450
20240101,12:23:17,1.15,50,98450
20240101,12:23:45,1.15,5500,98600
20240101,12:23:46,1.15,1600,98600
20240101,12:24:14,1.15,50,98600
20240101,12:26:19,1.15,50,98600
20240101,12:26:50,1.15,50,98600
20240101,12:27:21,1.15,50,98100
20240101,12:27:23,1.2,250,98100
20240101,12:30:02,1.15,50,98100
20240101,12:30:40,1.15,50,98050
20240101,12:32:34,1.15,50,98050
20240101,12:34:20,1.15,50,98050
20240101,12:35:25,1.15,50,98050
20240101,12:43:31,1.15,800,98050
20240101,12:50:26,1.15,150,98050
20240101,12:50:33,1.15,450,98050
20240101,12:50:41,1.15,450,98050
20240101,12:51:09,1.15,350,98800
20240101,12:51:22,1.15,500,98800
20240101,12:51:35,1.15,500,98800
20240101,12:51:40,1.15,450,98800
20240101,12:51:42,1.15,500,98800
20240101,12:55:07,1.15,50,98800
20240101,13:22:06,1.15,100,98800
20240101,13:44:33,1.2,50,98750
20240101,13:57:23,1.25,1550,98800
20240101,13:58:27,1.25,1950,98800
20240101,13:58:28,1.25,1350,98800
20240101,13:58:30,1.25,1800,98800
20240101,13:58:48,1.3,1800,98800
20240101,13:59:01,1.3,2100,98800
20240101,13:59:06,1.35,300,98800
20240101,13:59:08,1.3,1200,98800
20240101,13:59:11,1.35,200,98800
20240101,13:59:18,1.3,4900,98800
20240101,13:59:20,1.25,1650,98800
20240101,13:59:50,1.35,100,98800
20240101,14:02:30,1.35,1800,107650
20240101,14:02:43,1.4,1800,107650
20240101,14:03:11,1.35,350,107300
20240101,14:03:25,1.35,2100,107300
20240101,14:03:31,1.4,50,107300
20240101,14:03:51,1.4,1800,107300
20240101,14:04:15,1.4,2200,107300
20240101,14:04:22,1.45,1800,107300
20240101,14:04:22,1.45,400,107300
20240101,14:04:23,1.45,50,107300
20240101,14:04:26,1.5,1800,107300
20240101,14:04:37,1.5,250,107300
20240101,14:04:48,1.5,100,107300
20240101,14:04:50,1.5,1300,107300
20240101,14:05:01,1.5,100,107300
20240101,14:05:16,1.55,800,107300
20240101,14:05:25,1.85,4450,107300
20240101,14:05:29,1.75,300,107300
20240101,14:05:31,1.55,250,107300
20240101,14:05:44,1.55,50,107300
20240101,14:05:44,1.55,450,107300
20240101,14:06:04,1.65,50,114250
20240101,14:06:57,1.6,1050,114250
20240101,14:07:41,1.55,500,114250
20240101,14:08:14,1.6,2200,114250
20240101,14:08:22,1.65,1850,114250
20240101,14:08:26,1.55,1000,114250
20240101,14:08:38,1.65,1800,114250
20240101,14:08:40,1.65,50,114250
20240101,14:09:41,1.55,2150,114250
20240101,14:09:49,1.55,250,119650
20240101,14:09:52,1.55,50,119650
20240101,14:10:05,1.5,1700,119650
20240101,14:10:12,1.5,100,119650
20240101,14:10:14,1.45,900,119650
20240101,14:10:17,1.45,850,119650
20240101,14:10:23,1.45,50,119650
20240101,14:10:24,1.45,150,119650
20240101,14:10:26,1.4,50,119650
20240101,14:11:06,1.5,100,119650
20240101,14:11:07,1.5,1800,119650
20240101,14:12:06,1.55,50,119650
20240101,14:12:07,1.55,100,122700
20240101,14:12:08,1.55,100,122700
20240101,14:12:09,1.55,150,122700
20240101,14:12:10,1.55,100,122700
20240101,14:12:18,1.55,50,122700
20240101,14:12:38,1.55,50,122700
20240101,14:12:44,1.6,750,122700
20240101,14:12:45,1.65,500,122700
20240101,14:12:46,1.6,50,122700
20240101,14:12:49,1.65,200,122700
20240101,14:12:49,1.65,2850,122700
20240101,14:13:10,1.65,1000,122700
20240101,14:13:11,1.65,50,122700
20240101,14:13:31,1.65,1800,122700
20240101,14:13:44,1.6,1050,122700
20240101,14:13:49,1.6,3100,122700
20240101,14:14:50,1.65,1000,122700
20240101,14:14:53,1.65,1150,122700
20240101,14:14:57,1.65,1850,122700
20240101,14:15:22,1.65,200,132750
20240101,14:15:23,1.65,1250,132750
20240101,14:15:24,1.65,50,132750
20240101,14:15:26,1.65,50,132750
20240101,14:15:30,1.65,50,132750
20240101,14:15:30,1.6,1800,132750
20240101,14:15:34,1.65,500,132750
20240101,14:15:57,1.6,1450,132750
20240101,14:15:57,1.6,50,132750
20240101,14:15:58,1.6,800,132750
20240101,14:16:44,1.65,1200,132750
20240101,14:17:05,1.65,1800,132750
20240101,14:17:39,1.7,1800,132750
20240101,14:17:40,1.7,150,132750
20240101,14:17:45,1.7,100,132750
20240101,14:17:47,1.7,1200,132750
20240101,14:17:47,1.7,50,132750
20240101,14:17:50,1.7,100,132750
20240101,14:17:54,1.7,3850,132750
20240101,14:17:54,1.7,3900,132750
20240101,14:17:57,1.7,2200,132750
20240101,14:18:00,1.75,2150,143250
20240101,14:18:01,1.75,850,143250
20240101,14:18:05,1.75,1050,143250
20240101,14:18:06,1.7,50,143250
20240101,14:18:08,1.8,2100,143250
20240101,14:18:10,1.75,50,143250
20240101,14:18:15,1.75,2900,143250
20240101,14:18:16,1.75,50,143250
20240101,14:18:17,1.75,50,143250
20240101,14:18:20,1.75,5700,143250
20240101,14:18:21,1.75,1350,143250
20240101,14:18:31,1.75,500,143250
20240101,14:18:35,1.75,400,143250
20240101,14:18:38,1.8,2300,143250
20240101,14:18:41,1.8,350,143250
20240101,14:18:42,1.8,750,143250
20240101,14:18:45,1.8,750,143250
20240101,14:18:46,1.8,1150,143250
20240101,14:18:47,1.8,900,143250
20240101,14:18:48,1.8,1400,143250
20240101,14:18:49,1.8,1500,143250
20240101,14:18:50,1.8,750,143250
20240101,14:18:51,1.8,100,143250
20240101,14:18:53,1.8,50,143250
20240101,14:19:04,1.85,2000,143250
20240101,14:19:05,1.85,1800,143250
20240101,14:19:06,1.85,1000,143250
20240101,14:19:16,1.8,800,143250
20240101,14:21:47,1.7,400,163000
20240101,14:21:47,1.7,100,163000
20240101,14:21:49,1.7,50,163000
20240101,14:21:50,1.7,50,163000
20240101,14:21:51,1.7,50,163000
20240101,14:21:52,1.7,50,163000
20240101,14:21:54,1.7,50,163000
20240101,14:21:55,1.7,50,163000
20240101,14:21:56,1.7,50,163000
20240101,14:21:58,1.7,50,163000
20240101,14:21:59,1.7,50,163000
20240101,14:22:00,1.7,300,163000
20240101,14:22:02,1.7,50,163000
20240101,14:22:03,1.7,50,163000
20240101,14:22:04,1.7,50,163000
20240101,14:22:05,1.7,50,163000
20240101,14:22:06,1.7,50,163000
20240101,14:22:07,1.7,50,163000
20240101,14:22:09,1.7,50,163000
20240101,14:22:10,1.7,50,163000
20240101,14:22:11,1.7,50,163000
20240101,14:22:13,1.7,50,163000
20240101,14:22:14,1.7,50,163000
20240101,14:22:15,1.7,50,163000
20240101,14:22:16,1.7,50,163000
20240101,14:22:18,1.7,50,163000
20240101,14:22:19,1.7,50,163000
20240101,14:22:20,1.7,50,163000
20240101,14:22:28,1.65,250,163000
20240101,14:22:34,1.65,350,163000
20240101,14:22:36,1.65,200,163000
20240101,14:22:55,1.65,200,163000
20240101,14:22:56,1.7,50,163000
20240101,14:22:58,1.7,50,163000
20240101,14:22:59,1.65,550,163000
20240101,14:23:00,1.65,350,163000
20240101,14:23:01,1.65,100,163000
20240101,14:23:02,1.65,350,163000
20240101,14:23:03,1.7,50,163000
20240101,14:23:04,1.7,50,163000
20240101,14:23:05,1.7,50,163000
20240101,14:23:06,1.7,50,163000
20240101,14:23:08,1.7,50,163000
20240101,14:23:09,1.7,50,163000
20240101,14:23:10,1.7,50,163000
20240101,14:23:12,1.7,50,163000
20240101,14:23:13,1.7,50,163000
20240101,14:23:20,1.65,350,163000
20240101,14:23:32,1.7,50,163000
20240101,14:23:53,1.7,50,163000
20240101,14:25:35,1.7,650,163000
20240101,14:25:45,1.65,500,162950
20240101,14:26:49,1.65,500,162950
20240101,14:27:27,1.65,500,162800
20240101,14:27:38,1.65,500,162800
20240101,14:27:47,1.65,50,162800
20240101,14:31:35,1.7,650,163050
20240101,14:31:41,1.7,300,163050
20240101,14:32:01,1.7,50,163050
20240101,14:33:22,1.65,300,162600
20240101,14:33:26,1.65,150,162600
20240101,14:33:28,1.65,50,162600
20240101,14:33:53,1.65,50,162600
20240101,14:33:57,1.6,50,162600
20240101,14:34:35,1.6,200,162600
20240101,14:34:47,1.6,50,162600
20240101,14:34:51,1.6,50,162600
20240101,14:34:55,1.6,1650,162600
20240101,14:36:59,1.6,900,162200
20240101,14:37:14,1.6,900,162200
20240101,14:37:21,1.55,900,162200
20240101,14:37:30,1.55,900,162200
20240101,14:37:41,1.6,1000,162200
20240101,14:41:00,1.6,50,159200
20240101,14:41:01,1.6,450,159200
20240101,14:42:24,1.6,250,159200
20240101,14:42:49,1.65,600,159600
20240101,14:43:20,1.7,400,159600
20240101,14:43:27,1.7,1000,159600
20240101,14:43:37,1.75,2450,159600
20240101,14:43:38,1.75,750,159600
20240101,14:43:50,1.75,2150,159600
20240101,14:43:53,1.75,900,159600
20240101,14:43:58,1.75,100,159600
20240101,14:44:03,1.75,600,159600
20240101,14:44:06,1.8,2250,159600
20240101,14:44:07,1.85,2100,159600
20240101,14:44:10,1.8,450,159600
20240101,14:45:36,1.8,600,168450
20240101,14:45:39,1.85,1200,168450
20240101,14:46:31,1.85,50,168450
20240101,14:47:35,1.8,300,168450
20240101,14:47:47,1.8,200,168450
20240101,14:48:02,1.75,400,168450
20240101,14:48:03,1.75,50,169150
20240101,14:48:19,1.75,150,169150
20240101,14:48:31,1.75,250,169150
20240101,14:48:31,1.75,100,169150
20240101,14:48:33,1.75,50,169150
20240101,14:48:34,1.75,50,169150
20240101,14:48:36,1.75,100,169150
20240101,14:48:38,1.75,50,169150
20240101,14:48:39,1.75,50,169150
20240101,14:48:41,1.75,100,169150
20240101,14:48:43,1.75,50,169150
20240101,14:48:44,1.75,50,169150
20240101,14:48:46,1.75,100,169150
20240101,14:48:48,1.75,50,169150
20240101,14:48:49,1.75,50,169150
20240101,14:48:51,1.75,50,169150
20240101,14:48:53,1.75,50,169150
20240101,14:48:54,1.75,50,169150
20240101,14:49:13,1.75,2050,169150
20240101,14:49:14,1.7,50,169150
20240101,14:50:21,1.75,250,169150
20240101,14:51:22,1.8,50,169150
20240101,14:51:23,1.8,200,169000
20240101,14:51:44,1.8,200,169000
20240101,14:51:48,1.75,250,169000
20240101,14:52:28,1.8,550,169000
20240101,14:52:37,1.8,50,169000
20240101,14:53:06,1.8,200,169000
20240101,14:54:08,1.8,300,168950
20240101,14:54:28,1.8,150,168950
20240101,14:54:46,1.8,300,168950
20240101,14:58:37,1.75,100,168950
20240101,14:58:39,1.75,50,169450
20240101,15:01:30,1.75,1200,169450
20240101,15:01:48,1.75,1500,169450
20240101,15:01:49,1.75,100,169450
20240101,15:03:14,1.65,50,169450
20240101,15:03:17,1.65,900,171400
20240101,15:03:59,1.65,50,171400
20240101,15:04:03,1.65,1050,171400
20240101,15:04:04,1.65,900,171400
20240101,15:04:05,1.65,600,171400
20240101,15:04:07,1.65,50,171400
20240101,15:04:11,1.65,750,171400
20240101,15:04:15,1.65,600,171400
20240101,15:04:19,1.65,1000,171400
20240101,15:06:13,1.7,850,171150
20240101,15:08:54,1.7,50,171150
20240101,15:09:31,1.65,500,170700
20240101,15:09:51,1.65,500,170700
20240101,15:11:21,1.65,100,170700
20240101,15:11:22,1.65,650,170700
20240101,15:11:24,1.6,50,170700
20240101,15:11:37,1.6,950,170700
20240101,15:13:11,1.55,500,171000
20240101,15:13:30,1.55,550,171000
20240101,15:13:31,1.6,100,171000
20240101,15:13:31,1.5,50,171000
20240101,15:14:01,1.5,1000,171000
20240101,15:14:50,1.5,1500,171000
20240101,15:14:57,1.5,1350,171000
20240101,15:15:02,1.5,1800,171000
20240101,15:15:07,1.5,50,171000
20240101,15:15:41,1.45,500,171000
20240101,15:15:54,1.45,50,168350
20240101,15:15:55,1.4,1000,168350
20240101,15:15:56,1.45,50,168350
20240101,15:16:20,1.45,100,168350
20240101,15:16:35,1.45,50,168350
20240101,15:16:36,1.45,50,168350
20240101,15:16:38,1.45,500,168350
20240101,15:16:56,1.45,900,168350
20240101,15:17:04,1.5,500,168350
20240101,15:17:14,1.5,900,168350
20240101,15:17:19,1.5,750,168350
20240101,15:17:25,1.5,600,168350
20240101,15:17:27,1.5,500,168350
20240101,15:17:28,1.5,700,168350
20240101,15:18:48,1.45,500,167150
20240101,15:19:25,1.5,1550,167150
20240101,15:20:32,1.5,50,167150
20240101,15:20:40,1.5,800,167150
20240101,15:20:43,1.5,400,167150
20240101,15:21:17,1.5,2050,167100
20240101,15:21:20,1.5,2050,167100
20240101,15:21:22,1.5,2050,167100
20240101,15:21:25,1.5,1850,167100
20240101,15:21:30,1.5,50,167100
20240101,15:21:31,1.45,250,167100
20240101,15:21:35,1.5,50,167100
20240101,15:21:39,1.5,50,167100
20240101,15:21:43,1.5,50,167100
20240101,15:22:38,1.5,100,167100
20240101,15:22:41,1.5,50,167100
20240101,15:22:45,1.5,50,167100
20240101,15:22:47,1.5,50,167100
20240101,15:22:49,1.5,50,167100
20240101,15:23:09,1.5,1000,167100
20240101,15:23:09,1.45,350,167100
20240101,15:23:33,1.5,400,167100
20240101,15:23:35,1.5,100,167100
20240101,15:23:37,1.5,50,167100
20240101,15:23:40,1.5,50,167100
20240101,15:23:53,1.5,500,167100
20240101,15:24:09,1.55,750,167100
20240101,15:24:09,1.55,250,167100
20240101,15:24:16,1.55,500,167100
20240101,15:24:42,1.55,50,167100
20240101,15:24:43,1.55,50,167100
20240101,15:25:19,1.55,100,167100
20240101,15:25:29,1.55,1350,167100
20240101,15:25:37,1.6,100,167100
20240101,15:25:38,1.6,100,167100
20240101,15:25:39,1.5,100,167100
20240101,15:25:40,1.55,100,167100
20240101,15:25:41,1.5,50,167100
20240101,15:25:42,1.5,50,167100
20240101,15:25:43,1.55,50,167100
20240101,15:25:44,1.5,100,167100
20240101,15:25:46,1.5,50,167100
20240101,15:25:47,1.5,50,167100
20240101,15:25:48,1.5,50,167100
20240101,15:25:49,1.5,50,167100
20240101,15:25:56,1.55,1250,167100
20240101,15:25:58,1.55,50,167100
20240101,15:25:59,1.55,1550,167100
20240101,15:26:00,1.55,50,167100
20240101,15:26:01,1.55,50,167100
20240101,15:26:06,1.55,400,167100
20240101,15:26:22,1.55,1800,167100
20240101,15:26:23,1.55,600,167100
20240101,15:26:49,1.55,2050,167100
20240101,15:26:50,1.55,300,167100
20240101,15:26:51,1.55,1300,167100
20240101,15:26:53,1.55,300,167100
20240101,15:26:54,1.55,1350,167100
20240101,15:26:56,1.55,450,167100
20240101,15:26:57,1.45,4000,167100
20240101,15:27:13,1.45,650,167100
20240101,15:27:56,1.45,1800,164350
20240101,15:28:13,1.45,1800,164350
20240101,15:28:14,1.45,200,164350
20240101,15:28:32,1.45,1350,164350
20240101,15:28:42,1.5,450,164350
20240101,15:28:43,1.5,50,164350
20240101,15:28:51,1.45,950,164350
20240101,15:29:21,1.45,250,164350
20240101,15:29:24,1.8,1450,164350
20240101,15:29:25,1.65,3200,164350
20240101,15:29:28,1.65,250,164350
20240101,15:29:45,1.35,1900,164350
20240101,15:29:53,1.35,1800,164350
20240102,09:15:01,1.35,1,160600
20240102,09:15:01,1.35,5000,160600
20240102,09:15:02,1.3,150,160600
20240102,09:15:04,1.3,50,160600
20240102,09:15:05,1.55,100,160600
20240102,09:15:08,1.55,50,160600
20240102,09:15:18,1.15,250,160600
20240102,09:16:33,1.15,1800,160600
20240102,09:16:34,1.25,100,160600
20240102,09:16:39,1.35,900,160600
20240102,09:16:44,1.3,500,160600
20240102,09:16:45,1.3,50,160600
20240102,09:16:46,1.3,100,160600
20240102,09:16:50,1.3,50,160600
20240102,09:16:57,1.3,50,160600
20240102,09:16:58,1.3,50,160600
20240102,09:16:59,1.3,50,160600
20240102,09:17:00,1.25,1050,160600
20240102,09:17:01,1.3,50,160600
20240102,09:17:03,1.25,1000,160600
20240102,09:17:06,1.25,50,160600
20240102,09:17:07,1.25,300,160600
20240102,09:17:08,1.25,50,160600
20240102,09:17:09,1.25,50,160600
20240102,09:17:10,1.25,300,160600
20240102,09:17:11,1.25,250,160600
20240102,09:17:12,1.25,100,160600
20240102,09:17:13,1.25,250,160600
20240102,09:17:14,1.25,450,160600
20240102,09:17:15,1.25,250,160600
20240102,09:17:16,1.25,300,160600
20240102,09:17:20,1.25,250,160600
20240102,09:17:25,1.25,250,168800
20240102,09:17:30,1.25,50,168800
20240102,09:17:47,1.3,50,168800
20240102,09:17:53,1.2,800,168800
20240102,09:18:14,1.3,50,168800
20240102,09:18:25,1.2,350,168800
20240102,09:18:35,1.25,700,168800
20240102,09:19:18,1.25,100,168800
20240102,09:20:00,1.2,50,168800
20240102,09:20:58,1.25,700,169350
20240102,09:22:31,1.2,1000,169350
20240102,09:22:44,1.2,300,169350
20240102,09:23:13,1.15,100,169350
20240102,09:23:17,1.15,100,169350
20240102,09:23:18,1.15,100,169350
20240102,09:23:22,1.15,100,169350
20240102,09:23:24,1.15,150,169050
20240102,09:23:24,1.2,100,169050
20240102,09:23:25,1.2,200,169050
20240102,09:23:35,1.2,200,169050
20240102,09:23:37,1.2,200,169050
20240102,09:23:41,1.2,200,169050
20240102,09:23:45,1.15,100,169050
20240102,09:24:47,1.2,2550,169050
20240102,09:24:48,1.15,550,169050
20240102,09:25:03,1.15,950,169050
20240102,09:25:11,1.1,250,169050
20240102,09:25:45,1.1,550,169050
20240102,09:26:04,1.1,1800,169050
20240102,09:26:04,1.1,3550,169050
20240102,09:26:22,1.15,900,163650
20240102,09:27:00,1.15,400,163650
20240102,09:28:07,1.1,50,163650
20240102,09:29:29,1.25,50,163200
20240102,09:30:23,1.25,1200,163200
20240102,09:30:56,1.2,1250,163200
20240102,09:30:57,1.15,750,163200
20240102,09:31:43,1.15,2250,163200
20240102,09:31:44,1.15,1000,163200
20240102,09:33:08,1.15,2250,163200
20240102,09:38:22,1.2,1650,157600
20240102,09:41:49,1.15,1600,157600
20240102,09:42:22,1.15,250,157650
20240102,09:42:25,1.15,250,157650
20240102,09:42:28,1.15,600,157650
20240102,09:43:56,1.15,50,157650
20240102,09:51:12,1.1,100,158050
20240102,09:53:00,1.15,50,158050
20240102,09:55:08,1.15,150,158050
20240102,09:57:04,1.1,150,158050
20240102,09:57:32,1.2,50,158050
20240102,09:58:04,1.05,900,158050
20240102,09:58:10,1.0,2000,158050
20240102,09:58:26,1.05,150,158050
20240102,09:58:27,1.05,150,158050
20240102,09:58:28,1.05,150,158050
20240102,09:58:29,1.05,750,158050
20240102,09:59:06,1.05,1050,158050
20240102,09:59:20,1.0,300,158050
20240102,09:59:45,1.0,1800,158050
20240102,10:00:02,1.0,100,155200
20240102,10:00:04,0.95,2050,155200
20240102,10:00:10,1.0,3000,155200
20240102,10:00:24,1.0,1800,155200
20240102,10:00:28,1.0,150,155200
20240102,10:00:41,1.1,50,155200
20240102,10:01:30,0.95,2150,155200
20240102,10:01:45,0.95,250,155200
20240102,10:02:11,0.9,2350,155200
20240102,10:02:14,0.9,1050,155200
20240102,10:02:25,0.9,750,155200
20240102,10:02:57,0.9,1850,151000
20240102,10:03:05,0.9,250,151000
20240102,10:03:38,0.85,50,151000
20240102,10:05:41,0.85,1800,150450
20240102,10:15:46,1.0,100,150450
20240102,10:16:17,1.0,350,150450
20240102,10:19:24,1.0,50,150550
20240102,10:23:27,1.0,100,150550
20240102,10:28:28,0.95,1450,150550
20240102,10:28:47,1.0,250,150550
20240102,10:29:35,0.9,2000,150000
20240102,10:29:46,0.9,2200,150000
20240102,10:29:46,0.95,1100,150000
20240102,10:29:47,0.95,2250,150000
20240102,10:29:52,0.95,1050,150000
20240102,10:30:28,0.95,1500,150000
20240102,10:31:26,0.9,900,150000
20240102,10:39:13,0.9,150,150000
20240102,10:40:08,0.9,1500,144000
20240102,10:40:45,0.9,1350,144000
20240102,10:40:46,0.9,600,144000
20240102,10:41:10,0.9,200,144000
20240102,10:42:15,0.85,300,144000
20240102,10:45:52,1.0,100,141450
20240102,10:48:29,1.0,200,141850
20240102,10:48:50,1.0,350,141850
20240102,10:48:53,1.0,50,141850
20240102,10:48:56,1.05,200,141850
20240102,10:50:51,0.9,550,141650
20240102,10:53:08,1.0,550,141650
20240102,10:53:21,1.0,450,141650
20240102,10:53:31,1.0,600,141650
20240102,10:55:09,1.05,500,141150
20240102,10:59:54,0.95,50,141150
20240102,11:11:50,1.05,50,141500
20240102,11:12:31,1.05,1700,141450
20240102,11:12:38,1.1,2250,141450
20240102,11:12:56,1.1,50,141450
20240102,11:12:57,1.1,50,141450
20240102,11:13:04,1.05,250,141450
20240102,11:13:07,1.1,600,141450
20240102,11:16:55,1.1,2150,143750
20240102,11:20:49,1.1,150,143750
20240102,11:22:11,1.05,50,143750
20240102,11:24:32,1.05,300,143600
20240102,11:26:38,1.05,500,143600
20240102,11:26:58,1.05,350,143550
20240102,11:30:11,1.05,300,143550
20240102,11:30:19,1.05,50,143550
20240102,11:33:35,1.1,250,143550
20240102,11:33:55,1.15,500,143550
20240102,11:40:34,1.05,1800,143500
20240102,11:43:02,1.15,1800,143500
20240102,11:50:57,1.1,900,141750
20240102,11:52:15,1.05,250,143500
20240102,11:59:22,1.0,1050,143300
20240102,11:59:46,1.0,1850,142250
20240102,12:02:30,1.0,450,142250
20240102,12:02:44,1.0,500,142250
20240102,12:03:23,1.0,300,140450
20240102,12:03:23,0.95,4050,140450
20240102,12:03:28,1.0,250,140450
20240102,12:04:07,1.0,300,140450
20240102,12:04:07,0.95,1800,140450
20240102,12:05:56,1.0,2350,140450
20240102,12:07:50,1.0,50,134750
20240102,12:09:04,1.0,1100,134750
20240102,12:09:05,0.95,2050,134750
20240102,12:16:19,1.0,550,132300
20240102,12:20:29,1.0,150,131900
20240102,12:22:29,0.95,550,132000
20240102,12:22:55,1.05,900,132000
20240102,12:23:50,0.95,900,132900
20240102,12:31:15,0.95,50,132050
20240102,12:33:01,0.95,600,132050
20240102,12:40:03,0.9,50,132000
20240102,12:50:26,0.95,50,132000
20240102,13:03:26,0.9,50,131950
20240102,13:06:16,1.0,2100,131900
20240102,13:06:19,1.0,1800,131900
20240102,13:16:25,0.9,2050,131900
20240102,13:21:26,0.85,500,130150
20240102,13:39:15,0.85,1600,130150
20240102,14:00:40,0.95,400,129550
20240102,14:15:53,1.0,2250,129550
20240102,14:17:03,1.0,100,129300
20240102,14:17:23,1.05,1600,129300
20240102,14:18:04,1.05,100,128950
20240102,14:18:09,1.1,2000,128950
20240102,14:18:10,1.1,150,128950
20240102,14:18:19,1.15,1800,128950
20240102,14:18:41,1.15,2450,128950
20240102,14:18:42,1.2,1700,128950
20240102,14:18:44,1.2,150,128950
20240102,14:18:52,1.15,300,128950
20240102,14:18:56,1.15,50,128950
20240102,14:19:13,1.2,1800,128950
20240102,14:19:17,1.2,1200,128950
20240102,14:19:24,1.15,4050,128950
20240102,14:19:24,1.15,2900,128950
20240102,14:19:42,1.2,1800,128950
20240102,14:19:44,1.2,1800,128950
20240102,14:20:05,1.15,1050,128950
20240102,14:20:16,1.15,50,128950
20240102,14:20:21,1.2,3050,128950
20240102,14:20:42,1.2,2150,128950
20240102,14:20:43,1.2,900,128950
20240102,14:21:47,1.2,2100,150250
20240102,14:21:48,1.2,50,150250
20240102,14:21:49,1.2,2350,150250
20240102,14:21:51,1.2,1300,150250
20240102,14:21:57,1.25,1850,150250
20240102,14:21:58,1.2,100,150250
20240102,14:22:02,1.2,50,150250
20240102,14:22:05,1.2,50,150250
20240102,14:23:03,1.25,2050,150250
20240102,14:23:08,1.2,50,150250
20240102,14:23:14,1.2,50,150250
20240102,14:23:18,1.2,200,150250
20240102,14:23:21,1.2,50,150250
20240102,14:23:24,1.2,50,150250
20240102,14:23:38,1.2,250,150250
20240102,14:23:41,1.15,900,150250
20240102,14:23:42,1.15,100,150250
20240102,14:23:43,1.15,250,150250
20240102,14:23:44,1.15,50,150250
20240102,14:23:46,1.15,50,150250
20240102,14:23:48,1.15,50,150250
20240102,14:23:49,1.15,50,150250
20240102,14:23:51,1.15,600,150250
20240102,14:23:52,1.2,150,150250
20240102,14:23:55,1.15,50,150250
20240102,14:23:57,1.15,50,150250
20240102,14:23:58,1.15,100,150250
20240102,14:23:59,1.15,50,150250
20240102,14:24:00,1.15,50,150250
20240102,14:24:01,1.15,50,150250
20240102,14:24:03,1.1,100,150250
20240102,14:24:05,1.15,50,159050
20240102,14:24:07,1.15,50,159050
20240102,14:24:10,1.15,50,159050
20240102,14:24:13,1.15,50,159050
20240102,14:24:16,1.15,50,159050
20240102,14:24:19,1.15,50,159050
20240102,14:24:21,1.15,50,159050
20240102,14:24:42,1.1,1000,159050
20240102,14:24:46,1.1,150,159050
20240102,14:24:49,1.1,2150,159050
20240102,14:24:51,1.1,50,159050
20240102,14:24:55,1.1,650,159050
20240102,14:25:32,1.1,450,159050
20240102,14:25:32,1.1,100,159050
20240102,14:25:43,1.15,400,159050
20240102,14:27:28,1.15,100,159050
20240102,14:29:40,1.1,300,159100
20240102,14:30:00,1.15,2200,159100
20240102,14:30:04,1.15,250,160850
20240102,14:30:17,1.15,50,160850
20240102,14:30:30,1.15,1400,160850
20240102,14:30:35,1.15,350,160850
20240102,14:30:36,1.15,250,160850
20240102,14:32:23,1.15,50,160850
20240102,14:33:16,1.1,100,158550
20240102,14:33:24,1.15,1800,158550
20240102,14:33:25,1.2,4850,158550
20240102,14:33:26,1.2,1650,158550
20240102,14:33:27,1.2,350,158550
20240102,14:33:28,1.2,150,158550
20240102,14:33:49,1.2,100,158550
20240102,14:34:11,1.3,900,158550
20240102,14:34:36,1.25,2650,158550
20240102,14:34:37,1.25,200,158550
20240102,14:34:43,1.2,50,158550
20240102,14:35:00,1.2,250,158550
20240102,14:35:19,1.2,150,158550
20240102,14:35:20,1.2,200,158550
20240102,14:35:59,1.2,250,158550
20240102,14:36:41,1.2,250,166250
20240102,14:37:12,1.25,800,166250
20240102,14:37:26,1.25,700,166250
20240102,14:37:27,1.25,100,166250
20240102,14:37:29,1.25,650,166250
20240102,14:37:30,1.25,50,166250
20240102,14:37:31,1.25,2000,166250
20240102,14:37:32,1.25,300,166250
20240102,14:37:33,1.25,100,166250
20240102,14:37:34,1.25,50,166250
20240102,14:37:36,1.3,1700,166250
20240102,14:37:38,1.3,50,166250
20240102,14:37:39,1.3,50,166250
20240102,14:37:41,1.3,100,166250
20240102,14:37:43,1.3,50,166250
20240102,14:37:44,1.3,50,166250
20240102,14:37:48,1.3,50,166250
20240102,14:37:49,1.3,50,166250
20240102,14:37:51,1.3,50,166250
20240102,14:37:53,1.3,50,166250
20240102,14:37:54,1.3,50,166250
20240102,14:37:56,1.3,550,166250
20240102,14:37:56,1.3,50,166250
20240102,14:37:58,1.3,150,166250
20240102,14:37:59,1.3,50,166250
20240102,14:38:02,1.3,50,166250
20240102,14:38:03,1.3,50,166250
20240102,14:38:04,1.3,100,166250
20240102,14:38:06,1.3,100,166250
20240102,14:38:08,1.3,50,166250
20240102,14:38:09,1.35,3550,166250
20240102,14:38:11,1.35,250,166250
20240102,14:38:11,1.4,4300,166250
20240102,14:38:13,1.4,1900,166250
20240102,14:38:15,1.35,1500,166250
20240102,14:38:18,1.3,7800,166250
20240102,14:38:19,1.3,300,166250
20240102,14:38:21,1.3,200,166250
20240102,14:38:22,1.3,200,166250
20240102,14:38:32,1.3,100,166250
20240102,14:38:41,1.3,50,166250
20240102,14:38:51,1.3,50,166250
20240102,14:38:56,1.35,1850,166250
20240102,14:38:57,1.35,2300,166250
20240102,14:38:58,1.35,2100,166250
20240102,14:39:02,1.3,200,166250
20240102,14:39:05,1.3,50,186800
20240102,14:39:08,1.3,50,186800
20240102,14:39:09,1.3,50,186800
20240102,14:39:10,1.35,2150,186800
20240102,14:39:49,1.35,2050,186800
20240102,14:39:50,1.35,100,186800
20240102,14:39:50,1.35,2150,186800
20240102,14:39:51,1.35,300,186800
20240102,14:39:52,1.4,4150,186800
20240102,14:39:54,1.35,500,186800
20240102,14:39:56,1.4,4350,186800
20240102,14:39:56,1.35,6100,186800
20240102,14:39:57,1.35,1850,186800
20240102,14:40:00,1.4,1500,186800
20240102,14:40:05,1.4,1500,186800
20240102,14:40:06,1.4,300,186800
20240102,14:40:07,1.4,1700,186800
20240102,14:40:09,1.4,1750,186800
20240102,14:40:39,1.4,800,186800
20240102,14:40:44,1.4,50,186800
20240102,14:40:45,1.4,50,186800
20240102,14:40:46,1.4,50,186800
20240102,14:40:48,1.4,50,186800
20240102,14:40:49,1.4,50,186800
20240102,14:40:50,1.4,150,186800
20240102,14:40:51,1.4,100,186800
20240102,14:40:53,1.45,2050,186800
20240102,14:41:07,1.4,100,186800
20240102,14:41:16,1.4,100,186800
20240102,14:41:30,1.4,50,186800
20240102,14:41:47,1.35,500,186800
20240102,14:41:57,1.35,50,186800
20240102,14:42:11,1.35,100,186800
20240102,14:42:16,1.35,50,209600
20240102,14:42:29,1.35,2100,209600
20240102,14:42:31,1.35,50,209600
20240102,14:42:41,1.4,700,209600
20240102,14:42:42,1.4,50,209600
20240102,14:42:43,1.4,50,209600
20240102,14:42:44,1.4,400,209600
20240102,14:42:45,1.4,50,209600
20240102,14:42:47,1.4,50,209600
20240102,14:42:48,1.4,50,209600
20240102,14:42:49,1.4,100,209600
20240102,14:42:52,1.4,300,209600
20240102,14:42:54,1.4,300,209600
20240102,14:42:56,1.4,300,209600
20240102,14:42:57,1.4,50,209600
20240102,14:42:58,1.4,100,209600
20240102,14:43:02,1.4,650,209600
20240102,14:43:07,1.4,100,209600
20240102,14:43:34,1.35,350,209600
20240102,14:44:36,1.35,50,209600
20240102,14:44:41,1.35,50,209600
20240102,14:44:42,1.35,6450,209600
20240102,14:44:43,1.4,350,209600
20240102,14:44:46,1.4,250,209600
20240102,14:44:47,1.4,1000,209600
20240102,14:44:48,1.3,350,209600
20240102,14:44:52,1.35,50,209600
20240102,14:44:56,1.35,50,209600
20240102,14:45:00,1.35,250,209600
20240102,14:45:10,1.35,250,209600
20240102,14:45:12,1.4,650,213050
20240102,14:45:13,1.4,50,213050
20240102,14:45:14,1.4,50,213050
20240102,14:45:15,1.4,700,213050
20240102,14:45:16,1.4,50,213050
20240102,14:45:17,1.4,2450,213050
20240102,14:45:18,1.4,100,213050
20240102,14:45:19,1.4,300,213050
20240102,14:45:21,1.4,100,213050
20240102,14:45:22,1.4,100,213050
20240102,14:45:23,1.4,650,213050
20240102,14:45:24,1.4,50,213050
20240102,14:45:25,1.4,50,213050
20240102,14:45:26,1.4,50,213050
20240102,14:45:27,1.4,750,213050
20240102,14:45:28,1.4,50,213050
20240102,14:45:29,1.4,50,213050
20240102,14:45:30,1.4,650,213050
20240102,14:45:31,1.4,150,213050
20240102,14:45:32,1.4,700,213050
20240102,14:45:33,1.4,700,213050
20240102,14:45:34,1.4,300,213050
20240102,14:45:54,1.35,400,213050
20240102,14:46:34,1.4,50,213050
20240102,14:46:59,1.35,400,213050
20240102,14:47:03,1.35,100,213050
20240102,14:47:12,1.35,100,213050
20240102,14:47:16,1.35,100,213050
20240102,14:47:55,1.35,1000,213050
20240102,14:47:56,1.35,50,213050
20240102,14:48:01,1.35,50,213050
20240102,14:48:20,1.35,250,213050
20240102,14:48:30,1.3,500,212650
20240102,14:48:35,1.3,100,212650
20240102,14:49:08,1.3,50,212650
20240102,14:49:34,1.3,500,212650
20240102,14:49:45,1.3,1650,212650
20240102,14:49:52,1.3,750,212650
20240102,14:49:53,1.35,700,212650
20240102,14:50:01,1.3,50,212650
20240102,14:50:22,1.3,1450,212650
20240102,14:50:30,1.3,250,212650
20240102,14:50:37,1.25,500,212650
20240102,14:50:53,1.3,50,212650
20240102,14:51:46,1.25,50,213250
20240102,14:52:52,1.25,800,213250
20240102,14:52:56,1.25,50,213250
20240102,14:53:42,1.25,50,213250
20240102,14:54:18,1.25,300,213200
20240102,14:54:33,1.25,350,213200
20240102,14:55:42,1.25,1150,213200
20240102,14:55:46,1.25,250,213200
20240102,14:57:08,1.2,700,213200
20240102,14:57:26,1.15,50,213200
20240102,14:58:03,1.15,50,213200
20240102,14:58:37,1.15,50,213200
20240102,14:59:01,1.15,500,213200
20240102,15:00:04,1.15,350,213200
20240102,15:00:44,1.15,550,213950
20240102,15:01:36,1.2,600,213950
20240102,15:02:09,1.25,50,213950
20240102,15:04:13,1.2,50,213700
20240102,15:05:49,1.25,50,213700
20240102,15:05:59,1.2,50,213700
20240102,15:06:03,1.2,50,213700
20240102,15:06:11,1.2,50,213700
20240102,15:07:53,1.2,500,213700
20240102,15:09:14,1.25,200,213900
20240102,15:09:33,1.2,200,213900
20240102,15:10:14,1.2,200,213900
20240102,15:11:29,1.2,3800,213900
20240102,15:11:29,1.2,250,213900
20240102,15:12:53,1.2,250,214550
20240102,15:12:54,1.25,1250,214550
20240102,15:12:55,1.25,50,214550
20240102,15:12:56,1.25,3700,214550
20240102,15:12:58,1.25,50,214550
20240102,15:13:00,1.25,100,214550
20240102,15:13:06,1.25,50,214550
20240102,15:13:08,1.3,50,214550
20240102,15:13:10,1.25,50,214550
20240102,15:13:12,1.25,50,214550
20240102,15:13:18,1.25,450,214550
20240102,15:13:46,1.2,250,214550
20240102,15:14:04,1.15,50,214550
20240102,15:15:26,1.2,400,214550
20240102,15:15:37,1.15,50,213450
20240102,15:15:52,1.2,250,213450
20240102,15:16:32,1.25,200,213450
20240102,15:16:38,1.2,2100,213450
20240102,15:17:29,1.25,50,213450
20240102,15:18:08,1.2,100,213450
20240102,15:18:31,1.2,500,213450
20240102,15:19:41,1.2,1000,213450
20240102,15:19:55,1.2,100,213450
20240102,15:19:57,1.2,650,213450
20240102,15:20:11,1.15,50,213450
20240102,15:20:12,1.2,750,213450
20240102,15:20:36,1.2,1800,213450
20240102,15:21:36,1.15,200,213450
20240102,15:21:36,1.15,300,213500
20240102,15:22:00,1.15,500,213500
20240102,15:22:06,1.2,650,213500
20240102,15:22:08,1.2,1950,213500
20240102,15:22:18,1.15,50,213500
20240102,15:22:29,1.2,200,213500
20240102,15:22:29,1.15,50,213500
20240102,15:22:40,1.15,1800,213500
20240102,15:23:00,1.2,50,213500
20240102,15:23:02,1.2,250,213500
20240102,15:23:05,1.2,250,213500
20240102,15:23:08,1.2,50,213500
20240102,15:23:10,1.2,50,213500
20240102,15:23:13,1.2,50,213500
20240102,15:23:16,1.2,50,213500
20240102,15:23:19,1.2,50,213500
20240102,15:23:21,1.2,50,213500
20240102,15:23:24,1.2,50,213500
20240102,15:23:26,1.2,1500,213500
20240102,15:23:27,1.2,50,213500
20240102,15:23:29,1.2,50,213500
20240102,15:23:30,1.2,50,213500
20240102,15:23:31,1.2,50,213500
20240102,15:23:32,1.2,50,213500
20240102,15:23:33,1.2,50,213500
20240102,15:23:35,1.2,50,213500
20240102,15:23:38,1.2,50,213500
20240102,15:23:40,1.2,50,213500
20240102,15:23:42,1.2,50,213500
20240102,15:23:43,1.2,50,213500
20240102,15:23:44,1.2,50,213500
20240102,15:23:45,1.2,50,213500
20240102,15:23:46,1.2,50,213500
20240102,15:23:48,1.2,50,213500
20240102,15:23:50,1.2,100,213500
20240102,15:23:52,1.2,50,213500
20240102,15:23:55,1.2,50,213500
20240102,15:23:58,1.2,50,213500
20240102,15:24:00,1.2,50,213500
20240102,15:24:03,1.2,50,213500
20240102,15:24:06,1.2,50,213500
20240102,15:24:09,1.2,50,213500
20240102,15:24:12,1.2,50,213500
20240102,15:24:14,1.2,50,213350
20240102,15:24:16,1.2,50,213350
20240102,15:24:20,1.2,50,213350
20240102,15:24:24,1.2,50,213350
20240102,15:24:34,1.2,50,213350
20240102,15:24:37,1.2,50,213350
20240102,15:24:37,1.2,1850,213350
20240102,15:24:42,1.2,950,213350
20240102,15:24:44,1.2,50,213350
20240102,15:24:48,1.2,50,213350
20240102,15:24:50,1.2,50,213350
20240102,15:24:53,1.2,50,213350
20240102,15:24:56,1.2,50,213350
20240102,15:24:58,1.2,50,213350
20240102,15:25:01,1.2,50,213350
20240102,15:25:03,1.25,150,213350
20240102,15:25:06,1.2,300,213350
20240102,15:25:09,1.2,50,213350
20240102,15:25:11,1.2,50,213350
20240102,15:25:15,1.2,100,213350
20240102,15:25:17,1.2,100,213350
20240102,15:25:19,1.2,100,213350
20240102,15:25:22,1.2,100,213350
20240102,15:25:27,1.2,100,213350
20240102,15:25:34,1.2,50,213350
20240102,15:25:36,1.15,3600,213350
20240102,15:25:37,1.2,50,213350
20240102,15:25:39,1.2,2700,213350
20240102,15:25:39,1.2,50,213350
20240102,15:25:41,1.15,1850,213350
20240102,15:25:43,1.2,50,213350
20240102,15:25:45,1.2,50,213350
20240102,15:25:47,1.15,1850,213350
20240102,15:25:49,1.2,50,213350
20240102,15:25:50,1.2,50,213350
20240102,15:25:51,1.2,50,213350
20240102,15:25:52,1.2,50,213350
20240102,15:25:53,1.2,50,213350
20240102,15:25:54,1.2,50,213350
20240102,15:25:55,1.2,100,213350
20240102,15:25:56,1.2,100,213350
20240102,15:25:57,1.2,50,213350
20240102,15:25:58,1.2,50,213350
20240102,15:26:00,1.2,50,213350
20240102,15:26:02,1.2,50,213350
20240102,15:26:03,1.2,50,213350
20240102,15:26:04,1.2,100,213350
20240102,15:26:05,1.2,100,213350
20240102,15:26:06,1.2,50,213350
20240102,15:26:07,1.2,100,213350
20240102,15:26:08,1.2,150,213350
20240102,15:26:09,1.2,50,213350
20240102,15:26:10,1.2,150,213350
20240102,15:26:11,1.2,50,213350
20240102,15:26:12,1.2,150,213350
20240102,15:26:13,1.2,150,213350
20240102,15:26:14,1.2,150,213350
20240102,15:26:15,1.2,150,213350
20240102,15:26:16,1.2,150,213350
20240102,15:26:17,1.2,50,213350
20240102,15:26:18,1.2,150,213350
20240102,15:26:19,1.2,150,213350
20240102,15:26:20,1.2,50,213350
20240102,15:26:21,1.2,200,213350
20240102,15:26:22,1.2,150,213350
20240102,15:26:23,1.2,200,213350
20240102,15:26:24,1.2,150,213350
20240102,15:26:25,1.2,200,213350
20240102,15:26:26,1.2,150,213350
20240102,15:26:27,1.2,150,213350
20240102,15:26:28,1.2,50,213350
20240102,15:26:29,1.2,50,213350
20240102,15:26:31,1.2,50,213350
20240102,15:26:34,1.2,50,213350
20240102,15:26:36,1.2,50,213350
20240102,15:26:39,1.2,50,213350
20240102,15:26:41,1.2,50,213350
20240102,15:26:43,1.2,100,213350
20240102,15:26:44,1.2,100,213350
20240102,15:26:45,1.2,50,213350
20240102,15:26:46,1.15,2000,213350
20240102,15:26:47,1.2,5450,213350
20240102,15:26:48,1.2,150,213350
20240102,15:26:49,1.2,1900,213350
20240102,15:26:50,1.2,100,213350
20240102,15:26:51,1.2,150,213350
20240102,15:26:52,1.2,50,213350
20240102,15:26:53,1.15,700,213350
20240102,15:26:54,1.2,100,213350
20240102,15:26:55,1.2,1850,213350
20240102,15:26:56,1.2,50,213350
20240102,15:26:57,1.2,50,213350
20240102,15:26:58,1.2,50,213350
20240102,15:26:59,1.2,100,213350
20240102,15:27:00,1.2,50,213350
20240102,15:27:01,1.2,100,213350
20240102,15:27:02,1.2,100,213350
20240102,15:27:03,1.2,100,213350
20240102,15:27:04,1.2,50,213350
20240102,15:27:05,1.2,50,213350
20240102,15:27:06,1.2,150,213350
20240102,15:27:07,1.2,100,213350
20240102,15:27:08,1.2,200,213350
20240102,15:27:09,1.2,50,213350
20240102,15:27:11,1.2,50,213350
20240102,15:27:12,1.2,50,204300
20240102,15:27:13,1.2,250,204300
20240102,15:27:14,1.2,100,204300
20240102,15:27:15,1.2,50,204300
20240102,15:27:16,1.2,100,204300
20240102,15:27:17,1.2,100,204300
20240102,15:27:18,1.2,200,204300
20240102,15:27:19,1.2,100,204300
20240102,15:27:20,1.2,100,204300
20240102,15:27:21,1.2,50,204300
20240102,15:27:22,1.2,100,204300
20240102,15:27:26,1.15,1800,204300
20240102,15:27:42,1.2,50,204300
20240102,15:27:44,1.2,50,204300
20240102,15:27:47,1.2,50,204300
20240102,15:27:49,1.2,50,204300
20240102,15:27:52,1.2,50,204300
20240102,15:27:53,1.2,50,204300
20240102,15:27:54,1.2,50,204300
20240102,15:27:56,1.2,50,204300
20240102,15:27:57,1.2,50,204300
20240102,15:27:58,1.2,50,204300
20240102,15:27:59,1.2,50,204300
20240102,15:28:09,1.15,250,204300
20240102,15:28:22,1.15,1800,204300
20240102,15:28:24,1.1,700,204300
20240102,15:28:30,1.15,1800,204300
20240102,15:28:36,1.15,1800,204300
20240102,15:28:42,1.15,1800,204300
20240102,15:29:19,1.05,500,204300
20240102,15:29:35,1.05,300,204300
20240102,15:29:39,1.1,50,204300
20240102,15:29:40,1.1,550,204300
20240102,15:29:46,1.15,150,204300
20240102,15:29:46,1.05,100,204300
20240102,15:29:47,1.05,250,204300
20240102,15:29:51,1.05,250,204300
20240102,15:29:52,1.05,450,204300
20240102,15:29:53,1.05,300,204300
20240103,09:15:19,1.05,1,204300
20240103,09:15:19,1.05,100,204300
20240103,09:15:30,0.95,200,201700
20240103,09:15:31,0.95,200,201700
20240103,09:15:34,1.0,500,201700
20240103,09:15:35,1.0,150,201700
20240103,09:15:37,0.95,1800,201700
20240103,09:15:50,1.0,650,201700
20240103,09:15:59,1.0,50,201700
20240103,09:16:00,1.0,50,201700
20240103,09:16:04,0.95,50,201700
20240103,09:16:10,0.95,900,201700
20240103,09:16:14,0.95,100,201700
20240103,09:16:21,1.0,400,201700
20240103,09:17:00,1.0,500,201700
20240103,09:17:03,1.05,100,201700
20240103,09:17:21,1.0,450,201700
20240103,09:17:28,1.0,100,203550
20240103,09:17:29,0.95,1150,203550
20240103,09:17:29,0.95,250,203550
20240103,09:17:51,1.0,50,203550
20240103,09:17:52,1.0,1200,203550
20240103,09:18:00,1.0,650,203550
20240103,09:18:01,1.0,50,203550
20240103,09:18:02,1.0,50,203550
20240103,09:18:04,1.0,400,203550
20240103,09:18:06,1.0,50,203550
20240103,09:18:07,1.0,1950,203550
20240103,09:19:12,1.05,1800,203550
20240103,09:19:32,1.1,50,203550
20240103,09:19:59,1.1,2250,203550
20240103,09:20:05,1.1,50,203550
20240103,09:20:28,1.05,750,203550
20240103,09:20:29,1.05,250,205700
20240103,09:20:29,1.05,550,205700
20240103,09:20:31,1.05,100,205700
20240103,09:20:42,1.05,2400,205700
20240103,09:22:01,1.05,100,205700
20240103,09:22:07,1.1,1250,205700
20240103,09:23:09,1.0,100,205700
20240103,09:23:33,1.0,100,205800
20240103,09:23:42,1.0,100,205800
20240103,09:23:47,1.0,100,205800
20240103,09:23:52,1.0,100,205800
20240103,09:23:58,1.0,100,205800
20240103,09:24:02,1.0,100,205800
20240103,09:24:04,1.0,100,205800
20240103,09:24:05,1.0,100,205800
20240103,09:24:28,1.0,1800,205800
20240103,09:24:32,1.0,800,205800
20240103,09:24:50,1.0,700,205800
20240103,09:25:08,1.0,50,205800
20240103,09:25:44,0.95,1000,205800
20240103,09:25:49,0.95,200,205800
20240103,09:27:48,1.0,900,205800
20240103,09:27:49,1.0,350,206500
20240103,09:28:05,1.0,250,206500
20240103,09:28:43,0.95,250,206500
20240103,09:33:19,1.0,700,205950
20240103,09:33:29,1.0,2000,205950
20240103,09:33:49,1.0,100,205950
20240103,09:34:05,1.0,150,205950
20240103,09:34:36,1.0,400,205950
20240103,09:34:43,0.95,250,205950
20240103,09:35:15,1.0,1350,205950
20240103,09:35:16,1.05,1850,205950
20240103,09:35:24,1.0,300,205950
20240103,09:35:47,1.05,2150,208000
20240103,09:35:48,1.05,2150,208000
20240103,09:35:51,1.05,150,208000
20240103,09:35:56,1.0,300,208000
20240103,09:36:01,1.0,300,208000
20240103,09:36:12,1.0,50,208000
20240103,09:36:26,1.0,1000,208000
20240103,09:36:42,1.0,600,208000
20240103,09:37:07,1.0,600,208000
20240103,09:37:52,0.95,50,208000
20240103,09:39:12,0.95,900,212300
20240103,09:39:12,0.95,950,212300
20240103,09:39:13,0.95,50,212300
20240103,09:39:14,0.95,50,212300
20240103,09:39:15,0.95,1400,212300
20240103,09:41:14,0.9,1800,212300
20240103,09:41:31,0.9,50,210650
20240103,09:41:33,0.9,500,210650
20240103,09:41:36,0.85,3700,210650
20240103,09:41:36,0.85,50,210650
20240103,09:41:38,0.85,350,210650
20240103,09:41:39,0.9,300,210650
20240103,09:41:40,0.9,50,210650
20240103,09:41:41,0.9,100,210650
20240103,09:41:45,0.9,350,210650
20240103,09:41:46,0.9,50,210650
20240103,09:41:47,0.9,50,210650
20240103,09:41:55,0.9,900,210650
20240103,09:41:55,0.9,50,210650
20240103,09:41:57,0.9,50,210650
20240103,09:42:03,0.9,350,210650
20240103,09:42:04,0.85,450,210650
20240103,09:42:08,0.85,1850,210650
20240103,09:42:11,0.85,50,210650
20240103,09:42:11,0.85,450,210650
20240103,09:42:15,0.85,1200,210650
20240103,09:42:19,0.85,500,210650
20240103,09:42:23,0.85,50,210650
20240103,09:42:38,0.85,50,210650
20240103,09:42:40,0.8,100,210650
20240103,09:42:40,0.8,150,210650
20240103,09:42:42,0.8,700,210650
20240103,09:42:42,0.8,100,210650
20240103,09:42:45,0.8,150,210650
20240103,09:43:11,0.8,1800,210650
20240103,09:43:25,0.8,1550,210650
20240103,09:43:30,0.8,250,210650
20240103,09:43:40,0.8,50,210650
20240103,09:43:41,0.8,50,210650
20240103,09:43:42,0.8,50,210650
20240103,09:43:43,0.8,50,210650
20240103,09:43:45,0.75,1850,210650
20240103,09:43:46,0.75,2550,210650
20240103,09:43:47,0.8,250,210650
20240103,09:43:48,0.8,100,210650
20240103,09:43:50,0.8,50,210650
20240103,09:43:51,0.7,4500,210650
20240103,09:43:52,0.7,150,210650
20240103,09:43:53,0.8,550,210650
20240103,09:43:54,0.75,850,210650
20240103,09:43:55,0.75,700,210650
20240103,09:43:56,0.8,950,210650
20240103,09:43:57,0.8,50,210650
20240103,09:43:58,0.75,1600,210650
20240103,09:44:01,0.7,50,210650
20240103,09:44:05,0.75,600,210650
20240103,09:44:07,0.75,500,210650
20240103,09:44:12,0.75,200,210650
20240103,09:44:13,0.75,650,210650
20240103,09:44:16,0.75,500,210650
20240103,09:44:19,0.75,350,210650
20240103,09:44:20,0.7,250,210650
20240103,09:44:24,0.75,250,210650
20240103,09:44:27,0.75,300,210650
20240103,09:44:29,0.75,50,210650
20240103,09:44:30,0.75,50,210650
20240103,09:44:31,0.7,850,190550
20240103,09:44:32,0.7,3650,190550
20240103,09:44:33,0.75,50,190550
20240103,09:44:34,0.75,50,190550
20240103,09:44:35,0.75,200,190550
20240103,09:44:36,0.75,50,190550
20240103,09:44:37,0.75,50,190550
20240103,09:44:38,0.75,50,190550
20240103,09:44:39,0.75,50,190550
20240103,09:44:40,0.7,2500,190550
20240103,09:44:45,0.75,50,190550
20240103,09:45:31,0.7,2150,190550
20240103,09:45:40,0.65,950,190550
20240103,09:45:42,0.65,250,190550
20240103,09:45:48,0.7,250,190550
20240103,09:45:51,0.7,50,190550
20240103,09:45:53,0.7,50,190550
20240103,09:45:54,0.7,50,190550
20240103,09:45:56,0.7,50,190550
20240103,09:45:57,0.7,50,190550
20240103,09:45:58,0.65,2150,190550
20240103,09:45:59,0.7,50,190550
20240103,09:46:01,0.7,50,190550
20240103,09:46:02,0.7,50,190550
20240103,09:46:03,0.7,50,190550
20240103,09:46:04,0.7,50,190550
20240103,09:46:06,0.7,100,190550
20240103,09:46:08,0.7,50,190550
20240103,09:46:09,0.7,50,190550
20240103,09:46:11,0.7,50,190550
20240103,09:46:12,0.7,50,190550
20240103,09:46:34,0.65,1800,190550
20240103,09:46:44,0.7,50,190550
20240103,09:46:45,0.7,50,190550
20240103,09:46:47,0.7,100,190550
20240103,09:46:48,0.7,300,190550
20240103,09:46:49,0.7,250,190550
20240103,09:46:57,0.75,50,190550
20240103,09:47:07,0.7,500,190550
20240103,09:47:18,0.7,1800,190550
20240103,09:47:29,0.7,500,190550
20240103,09:47:32,0.7,500,182700
20240103,09:47:33,0.7,550,182700
20240103,09:47:35,0.7,50,182700
20240103,09:47:37,0.7,50,182700
20240103,09:47:38,0.7,50,182700
20240103,09:47:40,0.7,50,182700
20240103,09:47:42,0.7,50,182700
20240103,09:47:43,0.7,50,182700
20240103,09:47:45,0.7,50,182700
20240103,09:47:47,0.7,50,182700
20240103,09:47:48,0.7,50,182700
20240103,09:47:50,0.7,50,182700
20240103,09:47:52,0.7,50,182700
20240103,09:47:53,0.7,50,182700
20240103,09:47:55,0.7,50,182700
20240103,09:47:56,0.7,50,182700
20240103,09:47:57,0.7,50,182700
20240103,09:47:58,0.7,50,182700
20240103,09:48:00,0.7,50,182700
20240103,09:48:01,0.7,50,182700
20240103,09:48:02,0.7,50,182700
20240103,09:48:03,0.7,50,182700
20240103,09:48:05,0.7,50,182700
20240103,09:48:06,0.7,50,182700
20240103,09:48:07,0.7,50,182700
20240103,09:48:08,0.7,50,182700
20240103,09:48:10,0.7,50,182700
20240103,09:48:11,0.7,50,182700
20240103,09:48:13,0.7,50,182700
20240103,09:48:14,0.65,800,182700
20240103,09:48:15,0.7,50,182700
20240103,09:48:16,0.7,50,182700
20240103,09:48:18,0.7,50,182700
20240103,09:48:19,0.7,50,182700
20240103,09:48:20,0.7,50,182700
20240103,09:48:21,0.7,50,182700
20240103,09:48:22,0.7,50,182700
20240103,09:48:23,0.7,50,182700
20240103,09:48:25,0.7,50,182700
20240103,09:48:26,0.7,50,182700
20240103,09:48:27,0.7,50,182700
20240103,09:48:28,0.7,50,182700
20240103,09:48:30,0.7,50,182700
20240103,09:48:31,0.7,50,182700
20240103,09:48:32,0.7,50,182700
20240103,09:48:33,0.7,50,182700
20240103,09:48:35,0.7,50,182700
20240103,09:48:36,0.7,50,182700
20240103,09:48:37,0.7,50,182700
20240103,09:48:38,0.7,50,182700
20240103,09:48:40,0.7,50,182700
20240103,09:48:41,0.7,50,182700
20240103,09:48:42,0.7,50,182700
20240103,09:48:44,0.7,50,182700
20240103,09:48:45,0.7,50,182700
20240103,09:48:46,0.7,50,182700
20240103,09:48:48,0.7,50,182700
20240103,09:48:49,0.7,50,182700
20240103,09:49:06,0.7,50,182700
20240103,09:49:07,0.7,50,182700
20240103,09:49:09,0.7,50,182700
20240103,09:49:10,0.7,50,182700
20240103,09:49:11,0.7,50,182700
20240103,09:49:12,0.7,50,182700
20240103,09:49:14,0.7,50,182700
20240103,09:49:15,0.7,50,182700
20240103,09:49:16,0.7,50,182700
20240103,09:49:18,0.7,50,182700
20240103,09:49:19,0.7,50,182700
20240103,09:49:20,0.7,100,182700
20240103,09:49:21,0.7,50,182700
20240103,09:49:23,0.7,50,182700
20240103,09:49:24,0.7,50,182700
20240103,09:49:25,0.7,50,182700
20240103,09:49:27,0.7,50,182700
20240103,09:49:28,0.7,50,182700
20240103,09:49:29,0.7,50,182700
20240103,09:49:30,0.7,50,182700
20240103,09:49:32,0.7,50,182700
20240103,09:49:33,0.7,50,182700
20240103,09:49:36,0.75,150,182700
20240103,09:49:39,0.75,50,182700
20240103,09:49:40,0.7,400,182700
20240103,09:49:41,0.7,100,182700
20240103,09:49:42,0.75,50,182700
20240103,09:49:43,0.75,100,182700
20240103,09:49:44,0.75,50,182700
20240103,09:49:46,0.75,50,182700
20240103,09:49:47,0.75,50,182700
20240103,09:49:48,0.75,50,182700
20240103,09:49:49,0.75,1100,182700
20240103,09:49:50,0.75,50,182700
20240103,09:49:52,0.75,50,182700
20240103,09:49:53,0.75,50,182700
20240103,09:49:54,0.75,50,182700
20240103,09:49:55,0.75,50,182700
20240103,09:49:57,0.75,50,182700
20240103,09:49:58,0.75,1150,182700
20240103,09:49:58,0.75,50,182700
20240103,09:49:59,0.75,50,182700
20240103,09:50:01,0.75,50,182700
20240103,09:50:02,0.75,50,182700
20240103,09:50:03,0.75,50,182700
20240103,09:50:05,0.75,50,182700
20240103,09:50:06,0.75,50,182700
20240103,09:50:07,0.75,50,182700
20240103,09:50:09,0.75,50,182700
20240103,09:50:10,0.75,50,182700
20240103,09:50:11,0.75,50,182700
20240103,09:50:12,0.75,50,182700
20240103,09:50:13,0.75,100,182700
20240103,09:50:14,0.75,50,182700
20240103,09:50:15,0.75,50,182700
20240103,09:50:16,0.75,50,182700
20240103,09:50:17,0.75,50,182700
20240103,09:50:19,0.75,50,182700
20240103,09:50:39,0.8,50,180300
20240103,09:50:40,0.75,250,180300
20240103,09:50:41,0.8,50,180300
20240103,09:50:42,0.8,50,180300
20240103,09:50:43,0.8,50,180300
20240103,09:50:44,0.8,50,180300
20240103,09:50:46,0.8,50,180300
20240103,09:50:47,0.8,50,180300
20240103,09:50:48,0.75,250,180300
20240103,09:50:48,0.8,50,180300
20240103,09:50:49,0.8,50,180300
20240103,09:50:51,0.8,50,180300
20240103,09:50:51,0.75,100,180300
20240103,09:50:52,0.8,50,180300
20240103,09:50:53,0.8,50,180300
20240103,09:50:55,0.75,50,180300
20240103,09:50:56,0.75,50,180300
20240103,09:50:57,0.75,50,180300
20240103,09:50:58,0.75,50,180300
20240103,09:51:00,0.75,50,180300
20240103,09:51:01,0.75,50,180300
20240103,09:51:02,0.75,50,180300
20240103,09:51:04,0.75,50,180300
20240103,09:51:05,0.75,50,180300
20240103,09:51:06,0.75,50,180300
20240103,09:51:07,0.75,50,180300
20240103,09:51:09,0.75,50,180300
20240103,09:51:10,0.75,50,180300
20240103,09:51:11,0.75,50,180300
20240103,09:51:12,0.75,50,180300
20240103,09:51:14,0.75,50,180300
20240103,09:51:15,0.75,50,180300
20240103,09:51:15,0.75,400,180300
20240103,09:51:16,0.75,50,180300
20240103,09:51:17,0.75,50,180300
20240103,09:51:19,0.75,50,180300
20240103,09:51:20,0.75,50,180300
20240103,09:51:21,0.75,50,180300
20240103,09:51:22,0.75,50,180300
20240103,09:51:24,0.75,50,180300
20240103,09:51:25,0.75,50,180300
20240103,09:51:26,0.75,150,180300
20240103,09:51:34,0.75,300,180300
20240103,09:51:47,0.75,50,180300
20240103,09:51:48,0.75,50,180300
20240103,09:51:49,0.75,50,180300
20240103,09:51:50,0.75,50,180300
20240103,09:51:52,0.75,50,180300
20240103,09:51:53,0.75,50,180300
20240103,09:51:54,0.75,50,180300
20240103,09:51:55,0.75,50,180300
20240103,09:51:57,0.75,50,180300
20240103,09:51:58,0.75,50,180300
20240103,09:51:59,0.75,50,180300
20240103,09:52:00,0.75,50,180300
20240103,09:52:02,0.75,50,180300
20240103,09:52:03,0.75,50,180300
20240103,09:52:04,0.75,50,180300
20240103,09:52:05,0.75,50,180300
20240103,09:52:06,0.75,200,180300
20240103,09:52:18,0.75,200,180300
20240103,09:52:50,0.75,1100,180300
20240103,09:52:51,0.75,50,180300
20240103,09:52:52,0.75,50,180300
20240103,09:52:53,0.75,50,180300
20240103,09:52:55,0.75,50,180300
20240103,09:52:56,0.75,50,180300
20240103,09:52:57,0.75,50,180300
20240103,09:52:58,0.75,50,180300
20240103,09:53:00,0.75,50,180300
20240103,09:53:01,0.75,50,180300
20240103,09:53:02,0.75,50,180300
20240103,09:53:04,0.75,50,180300
20240103,09:53:05,0.75,50,180300
20240103,09:53:06,0.75,50,180300
20240103,09:53:08,0.75,50,180300
20240103,09:53:09,0.75,50,180300
20240103,09:53:10,0.75,50,180300
20240103,09:53:11,0.75,50,180300
20240103,09:53:13,0.75,50,180300
20240103,09:53:14,0.75,50,180300
20240103,09:53:15,0.75,50,180300
20240103,09:53:17,0.75,50,180300
20240103,09:53:18,0.75,50,180300
20240103,09:53:18,0.75,1550,180300
20240103,09:53:27,0.75,200,180300
20240103,09:53:27,0.75,1000,180300
20240103,09:53:29,0.75,150,180300
20240103,09:53:32,0.75,250,180300
20240103,09:53:35,0.75,50,180900
20240103,09:53:37,0.75,50,180900
20240103,09:53:38,0.75,50,180900
20240103,09:53:39,0.75,50,180900
20240103,09:53:40,0.75,300,180900
20240103,09:53:44,0.75,250,180900
20240103,09:54:00,0.75,200,180900
20240103,09:55:02,0.8,3600,180900
20240103,09:55:05,0.8,50,180900
20240103,09:55:06,0.8,50,180900
20240103,09:55:07,0.8,1850,180900
20240103,09:55:08,0.8,150,180900
20240103,09:55:38,0.8,100,180900
20240103,09:55:44,0.85,2150,180900
20240103,09:55:55,0.85,250,180900
20240103,09:57:08,0.8,900,180900
20240103,09:57:09,0.8,150,185750
20240103,09:57:15,0.8,250,185750
20240103,09:57:18,0.8,250,185750
20240103,09:57:23,0.8,250,185750
20240103,09:57:27,0.8,200,185750
20240103,09:57:45,0.85,1950,185750
20240103,09:58:16,0.8,150,185750
20240103,09:58:18,0.8,1350,185750
20240103,09:58:20,0.8,300,185750
20240103,09:58:21,0.8,50,185750
20240103,09:58:22,0.8,50,185750
20240103,09:58:39,0.8,250,185750
20240103,09:58:44,0.8,150,185750
20240103,09:58:45,0.8,250,185750
20240103,09:58:48,0.8,1000,185750
20240103,09:58:54,0.8,50,185750
20240103,09:58:58,0.8,50,185750
20240103,09:59:04,0.8,250,185750
20240103,09:59:09,0.8,150,185750
20240103,09:59:20,0.8,250,185750
20240103,09:59:42,0.75,700,185750
20240103,09:59:43,0.75,300,188800
20240103,09:59:44,0.75,350,188800
20240103,09:59:45,0.75,1650,188800
20240103,09:59:46,0.75,50,188800
20240103,09:59:47,0.75,150,188800
20240103,10:00:04,0.75,800,188800
20240103,10:00:05,0.75,50,188800
20240103,10:00:06,0.75,50,188800
20240103,10:00:07,0.75,50,188800
20240103,10:00:08,0.75,50,188800
20240103,10:00:10,0.75,50,188800
20240103,10:00:11,0.75,50,188800
20240103,10:00:13,0.75,100,188800
20240103,10:00:14,0.75,700,188800
20240103,10:00:22,0.75,250,188800
20240103,10:01:10,0.75,250,188800
20240103,10:04:34,0.8,100,188800
20240103,10:05:23,0.8,250,188550
20240103,10:06:16,0.75,150,188550
20240103,10:11:38,0.8,50,188350
20240103,10:14:15,0.75,1800,188350
20240103,10:14:39,0.75,50,188350
20240103,10:15:21,0.75,1800,188700
20240103,10:17:06,0.75,150,188700
20240103,10:17:10,0.75,150,188700
20240103,10:17:26,0.7,5300,188700
20240103,10:17:27,0.7,300,188700
20240103,10:17:29,0.75,50,188700
20240103,10:17:30,0.75,50,188700
20240103,10:17:32,0.75,50,188700
20240103,10:17:33,0.75,50,188700
20240103,10:17:34,0.75,50,188700
20240103,10:17:35,0.75,50,188700
20240103,10:17:36,0.75,50,188700
20240103,10:17:37,0.75,50,192250
20240103,10:17:38,0.75,50,192250
20240103,10:17:39,0.75,50,192250
20240103,10:17:41,0.75,50,192250
20240103,10:17:42,0.75,50,192250
20240103,10:17:43,0.75,50,192250
20240103,10:17:44,0.75,50,192250
20240103,10:17:46,0.75,50,192250
20240103,10:17:47,0.75,50,192250
20240103,10:17:48,0.75,50,192250
20240103,10:17:49,0.75,50,192250
20240103,10:17:51,0.75,50,192250
20240103,10:17:52,0.75,50,192250
20240103,10:17:54,0.75,50,192250
20240103,10:17:55,0.75,50,192250
20240103,10:17:56,0.75,50,192250
20240103,10:17:57,0.75,50,192250
20240103,10:17:59,0.75,50,192250
20240103,10:18:00,0.75,50,192250
20240103,10:18:01,0.75,50,192250
20240103,10:18:02,0.75,50,192250
20240103,10:18:04,0.75,50,192250
20240103,10:18:05,0.75,50,192250
20240103,10:18:06,0.75,50,192250
20240103,10:18:07,0.75,50,192250
20240103,10:18:09,0.75,50,192250
20240103,10:18:10,0.75,50,192250
20240103,10:18:11,0.75,50,192250
20240103,10:18:13,0.75,50,192250
20240103,10:18:14,0.75,50,192250
20240103,10:18:15,0.75,50,192250
20240103,10:18:16,0.75,50,192250
20240103,10:18:17,0.75,50,192250
20240103,10:18:19,0.75,50,192250
20240103,10:18:20,0.75,50,192250
20240103,10:18:21,0.75,50,192250
20240103,10:18:22,0.75,50,192250
20240103,10:18:24,0.75,50,192250
20240103,10:18:25,0.75,50,192250
20240103,10:18:26,0.75,50,192250
20240103,10:18:27,0.75,50,192250
20240103,10:18:29,0.75,50,192250
20240103,10:18:30,0.75,50,192250
20240103,10:19:20,0.7,100,192250
20240103,10:19:37,0.75,400,192250
20240103,10:20:29,0.75,650,192250
20240103,10:20:35,0.75,350,192250
20240103,10:20:50,0.75,100,192250
20240103,10:22:31,0.7,1800,191500
20240103,10:22:37,0.7,550,191500
20240103,10:22:40,0.7,150,191500
20240103,10:23:04,0.7,1800,191500
20240103,10:23:10,0.7,1300,191500
20240103,10:24:20,0.7,200,191500
20240103,10:24:20,0.7,50,186900
20240103,10:28:52,0.75,1800,186950
20240103,10:28:54,0.75,250,186950
20240103,10:28:57,0.75,250,186950
20240103,10:28:59,0.75,250,186950
20240103,10:31:50,0.75,1000,186950
20240103,10:32:00,0.75,1000,186950
20240103,10:32:05,0.75,1500,186950
20240103,10:32:10,0.75,1500,186950
20240103,10:32:24,0.75,250,186950
20240103,10:33:13,0.8,750,187000
20240103,10:33:18,0.75,50,187000
20240103,10:35:03,0.8,150,187000
20240103,10:35:12,0.75,250,187000
20240103,10:35:17,0.75,50,187000
20240103,10:35:25,0.8,1050,187000
20240103,10:35:27,0.95,5050,187000
20240103,10:35:28,0.95,250,187000
20240103,10:35:31,0.95,1550,187000
20240103,10:35:34,0.95,50,187000
20240103,10:35:35,0.9,50,187000
20240103,10:35:36,0.95,2150,187000
20240103,10:35:37,0.95,350,187000
20240103,10:35:39,1.0,2500,187000
20240103,10:35:39,1.0,100,193100
20240103,10:35:40,0.9,350,193100
20240103,10:35:41,0.9,300,193100
20240103,10:35:43,0.9,300,193100
20240103,10:35:44,1.0,3400,193100
20240103,10:35:44,0.95,50,193100
20240103,10:35:45,1.0,850,193100
20240103,10:35:47,0.95,150,193100
20240103,10:35:48,0.95,2200,193100
20240103,10:35:49,0.95,50,193100
20240103,10:35:51,0.95,1350,193100
20240103,10:35:53,0.95,250,193100
20240103,10:35:54,0.95,250,193100
20240103,10:35:55,1.0,250,193100
20240103,10:35:57,0.95,1300,193100
20240103,10:35:58,0.95,250,193100
20240103,10:36:01,0.9,50,193100
20240103,10:36:02,0.9,150,193100
20240103,10:36:03,0.95,300,193100
20240103,10:36:06,0.95,50,193100
20240103,10:36:06,0.95,300,193100
20240103,10:36:07,0.95,50,193100
20240103,10:36:08,0.95,300,193100
20240103,10:36:10,0.95,300,193100
20240103,10:36:14,0.95,250,193100
20240103,10:36:15,0.95,100,193100
20240103,10:36:17,0.95,150,193100
20240103,10:36:19,0.95,200,193100
20240103,10:36:20,0.95,50,193100
20240103,10:36:22,0.95,100,193100
20240103,10:36:23,0.95,2150,193100
20240103,10:36:25,0.95,50,193100
20240103,10:36:26,0.95,350,193100
20240103,10:36:27,0.95,50,193100
20240103,10:36:28,0.95,350,193100
20240103,10:36:30,0.95,100,193100
20240103,10:36:36,0.9,50,193100
20240103,10:36:42,0.9,500,193100
20240103,10:36:49,0.9,1250,193100
20240103,10:36:50,0.9,50,193100
20240103,10:36:53,0.9,50,193100
20240103,10:36:57,0.9,50,193100
20240103,10:37:00,0.9,250,193100
20240103,10:37:02,0.9,250,193100
20240103,10:37:07,0.9,1150,193100
20240103,10:37:09,0.9,50,193100
20240103,10:37:33,0.85,750,193100
20240103,10:38:47,0.85,550,193100
20240103,10:38:48,0.85,100,205800
20240103,10:38:54,0.85,300,205800
20240103,10:39:25,0.8,50,205800
20240103,10:40:05,0.85,300,205800
20240103,10:40:38,0.85,1800,205800
20240103,10:40:42,0.85,1850,205800
20240103,10:40:49,0.85,50,205800
20240103,10:40:51,0.85,50,205800
20240103,10:40:52,0.85,50,205800
20240103,10:40:53,0.85,50,205800
20240103,10:40:55,0.85,100,205800
20240103,10:42:45,0.85,50,205800
20240103,10:43:02,0.85,1050,202150
20240103,10:46:25,0.8,1800,202150
20240103,10:46:33,0.8,800,202100
20240103,10:46:37,0.8,50,202100
20240103,10:47:01,0.8,1050,202100
20240103,10:47:59,0.8,50,202100
20240103,10:47:59,0.8,50,201750
20240103,10:48:01,0.8,100,201750
20240103,10:48:03,0.8,100,201750
20240103,10:48:04,0.8,400,201750
20240103,10:48:06,0.8,100,201750
20240103,10:48:09,0.8,50,201750
20240103,10:48:10,0.8,900,201750
20240103,10:50:50,0.75,550,200450
20240103,10:51:25,0.75,100,200450
20240103,10:51:26,0.75,400,200450
20240103,10:51:27,0.75,50,200450
20240103,10:51:50,0.75,100,200450
20240103,10:51:51,0.75,400,200450
20240103,10:51:52,0.75,200,200450
20240103,10:51:53,0.75,250,200450
20240103,10:51:54,0.75,250,200450
20240103,10:51:55,0.75,650,200450
20240103,10:52:10,0.75,50,200450
20240103,10:52:11,0.75,50,200450
20240103,10:52:16,0.75,50,200450
20240103,10:52:17,0.75,50,200450
20240103,10:52:18,0.75,50,200450
20240103,10:52:27,0.75,50,200450
20240103,10:52:28,0.75,50,200450
20240103,10:52:30,0.75,50,200450
20240103,10:52:31,0.75,50,200450
20240103,10:52:33,0.75,50,200450
20240103,10:52:36,0.75,50,200450
20240103,10:52:37,0.75,50,200450
20240103,10:52:42,0.7,50,200450
20240103,10:52:43,0.75,50,200450
20240103,10:52:44,0.75,100,200450
20240103,10:52:45,0.75,50,200450
20240103,10:52:46,0.75,50,200450
20240103,10:52:48,0.75,50,200450
20240103,10:52:49,0.75,50,200450
20240103,10:52:51,0.75,50,200450
20240103,10:52:54,0.75,50,200450
20240103,10:52:56,0.75,400,200450
20240103,10:52:58,0.75,50,200450
20240103,10:52:59,0.75,50,200450
20240103,10:53:03,0.75,50,200450
20240103,10:53:04,0.75,50,200450
20240103,10:53:05,0.75,50,200450
20240103,10:53:06,0.75,50,200450
20240103,10:53:08,0.75,50,200450
20240103,10:53:09,0.75,50,200450
20240103,10:53:09,0.75,300,200450
20240103,10:53:12,0.8,100,200450
20240103,10:53:22,0.75,250,200450
20240103,10:53:24,0.75,600,200450
20240103,10:54:23,0.7,50,200450
20240103,10:55:01,0.7,50,199850
20240103,10:55:02,0.7,50,199850
20240103,10:55:06,0.7,50,199850
20240103,10:56:05,0.7,50,199850
20240103,10:56:06,0.7,50,199850
20240103,10:56:07,0.7,100,199850
20240103,10:56:08,0.7,100,199850
20240103,10:56:10,0.7,100,199850
20240103,10:57:39,0.7,250,200300
20240103,10:57:40,0.7,300,200300
20240103,10:57:41,0.7,150,200300
20240103,10:57:54,0.7,200,200300
20240103,10:57:54,0.7,50,200300
20240103,10:57:55,0.7,200,200300
20240103,10:57:56,0.7,250,200300
20240103,10:57:57,0.7,350,200300
20240103,10:57:58,0.7,250,200300
20240103,10:57:59,0.7,300,200300
20240103,10:58:00,0.7,250,200300
20240103,10:58:01,0.7,300,200300
20240103,10:58:02,0.7,250,200300
20240103,10:58:03,0.7,250,200300
20240103,10:58:04,0.7,250,200300
20240103,10:58:05,0.7,250,200300
20240103,10:58:06,0.7,300,200300
20240103,10:58:07,0.7,250,200300
20240103,10:58:08,0.7,250,200300
20240103,10:58:09,0.7,250,200300
20240103,10:58:10,0.7,300,200300
20240103,10:58:11,0.7,250,200300
20240103,10:58:12,0.7,250,200300
20240103,10:58:13,0.7,250,200300
20240103,10:58:14,0.7,1750,200300
20240103,10:58:15,0.7,250,200300
20240103,10:58:16,0.7,200,200300
20240103,10:58:17,0.7,250,200300
20240103,10:58:18,0.7,250,200300
20240103,10:58:19,0.7,850,200300
20240103,10:58:21,0.7,100,200300
20240103,10:58:36,0.75,1000,200300
20240103,10:59:02,0.75,2650,200300
20240103,10:59:46,0.75,600,200300
20240103,11:00:03,0.75,700,199750
20240103,11:04:07,0.75,50,199750
20240103,11:04:25,0.7,250,199750
20240103,11:07:47,0.75,300,199800
20240103,11:10:49,0.7,150,199800
20240103,11:12:46,0.7,50,199800
20240103,11:16:19,0.7,50,199750
20240103,11:18:51,0.75,1800,199700
20240103,11:18:56,0.75,750,199700
20240103,11:18:56,0.75,50,199700
20240103,11:19:00,0.75,50,199700
20240103,11:19:07,0.8,1800,199700
20240103,11:19:08,0.85,4300,199700
20240103,11:19:09,0.8,3250,199700
20240103,11:19:10,0.85,2550,199700
20240103,11:19:12,0.8,700,199700
20240103,11:19:13,0.8,50,199700
20240103,11:20:03,0.8,750,199700
20240103,11:21:46,0.8,50,212100
20240103,11:22:44,0.85,1900,212100
20240103,11:22:45,0.85,250,212100
20240103,11:22:46,0.85,100,212100
20240103,11:22:47,0.85,50,212100
20240103,11:22:48,0.85,50,212100
20240103,11:22:50,0.85,100,212100
20240103,11:22:51,0.85,100,212100
20240103,11:22:52,0.85,100,212100
20240103,11:22:56,0.85,500,212100
20240103,11:22:59,0.85,500,212100
20240103,11:23:06,0.9,2650,212100
20240103,11:23:07,0.85,250,212100
20240103,11:23:46,0.9,750,215750
20240103,11:23:48,0.9,50,215750
20240103,11:23:49,0.9,50,215750
20240103,11:23:50,0.9,50,215750
20240103,11:23:51,0.9,50,215750
20240103,11:23:53,0.9,50,215750
20240103,11:23:54,0.9,300,215750
20240103,11:23:57,0.9,250,215750
20240103,11:23:59,0.9,250,215750
20240103,11:24:22,0.9,50,215750
20240103,11:24:57,0.9,300,215750
20240103,11:24:59,0.9,100,215750
20240103,11:25:07,0.95,2200,215750
20240103,11:25:13,0.9,1400,215750
20240103,11:25:15,0.9,50,215750
20240103,11:25:17,0.9,50,215750
20240103,11:25:18,0.9,50,215750
20240103,11:25:19,0.9,50,215750
20240103,11:25:20,0.9,50,215750
20240103,11:25:21,0.9,50,215750
20240103,11:25:23,0.9,50,215750
20240103,11:25:24,0.9,50,215750
20240103,11:25:25,0.9,50,215750
20240103,11:25:26,0.9,50,215750
20240103,11:25:28,0.9,50,215750
20240103,11:25:29,0.9,50,215750
20240103,11:25:31,0.95,2200,215750
20240103,11:25:33,0.9,150,215750
20240103,11:25:34,0.9,300,215750
20240103,11:25:36,0.9,300,215750
20240103,11:25:36,0.9,100,215750
20240103,11:25:39,0.9,300,215750
20240103,11:25:41,0.9,100,215750
20240103,11:25:43,0.9,50,215750
20240103,11:25:44,0.9,50,215750
20240103,11:25:46,0.9,300,215750
20240103,11:25:47,0.9,100,215750
20240103,11:25:48,0.9,300,215750
20240103,11:25:49,0.9,100,215750
20240103,11:25:50,0.9,300,215750
20240103,11:25:51,0.9,300,215750
20240103,11:25:52,0.9,100,215750
20240103,11:26:13,0.9,950,215750
20240103,11:26:14,0.9,1900,215750
20240103,11:26:15,0.9,50,215750
20240103,11:26:16,0.9,100,215750
20240103,11:26:19,0.9,100,215750
20240103,11:26:20,0.9,100,215750
20240103,11:26:21,0.95,3850,215750
20240103,11:26:22,0.9,100,215750
20240103,11:26:23,0.9,1950,215750
20240103,11:26:25,0.9,550,215750
20240103,11:26:26,0.9,400,215750
20240103,11:26:29,0.9,800,215750
20240103,11:26:30,0.9,100,215750
20240103,11:26:32,0.9,100,215750
20240103,11:26:34,0.9,100,215750
20240103,11:26:36,0.9,2250,215750
20240103,11:28:04,0.85,1000,228800
20240103,11:28:08,0.85,600,228800
20240103,11:28:14,0.85,400,228800
20240103,11:28:19,0.85,50,228800
20240103,11:28:25,0.85,950,228800
20240103,11:28:33,0.85,400,228800
20240103,11:28:40,0.85,100,228800
20240103,11:28:54,0.85,50,228800
20240103,11:28:55,0.85,50,228800
20240103,11:28:57,0.85,50,228800
20240103,11:28:58,0.85,250,228800
20240103,11:28:59,0.85,50,228800
20240103,11:29:00,0.85,50,228800
20240103,11:29:02,0.85,50,228800
20240103,11:29:09,0.85,600,228800
20240103,11:29:14,0.85,50,228800
20240103,11:29:15,0.85,50,228800
20240103,11:29:27,0.85,50,228800
20240103,11:29:29,0.85,50,228800
20240103,11:29:30,0.85,50,228800
20240103,11:29:32,0.85,50,228800
20240103,11:29:34,0.85,250,228800
20240103,11:29:35,0.85,50,228800
20240103,11:29:37,0.85,50,228800
20240103,11:29:38,0.85,50,228800
20240103,11:29:39,0.85,50,228800
20240103,11:29:51,0.85,50,230450
20240103,11:29:52,0.85,50,230450
20240103,11:29:53,0.85,50,230450
20240103,11:29:54,0.85,50,230450
20240103,11:29:55,0.85,50,230450
20240103,11:29:57,0.85,50,230450
20240103,11:29:58,0.85,50,230450
20240103,11:29:58,0.85,500,230450
20240103,11:29:59,0.85,50,230450
20240103,11:30:00,0.85,50,230450
20240103,11:30:02,0.85,50,230450
20240103,11:30:14,0.8,1000,230450
20240103,11:32:07,0.85,250,230450
20240103,11:32:30,0.85,50,230450
20240103,11:32:36,0.85,50,230450
20240103,11:32:37,0.85,50,230450
20240103,11:32:38,0.85,50,230450
20240103,11:32:40,0.85,50,230450
20240103,11:32:41,0.85,50,230450
20240103,11:32:46,0.85,50,230450
20240103,11:32:47,0.85,50,230450
20240103,11:33:23,0.9,1000,230450
20240103,11:33:42,0.85,250,230450
20240103,11:34:51,0.85,1650,230450
20240103,11:37:56,0.85,650,230950
20240103,11:43:12,0.85,350,230950
20240103,11:48:24,0.8,1800,230450
20240103,11:48:26,0.8,1800,230450
20240103,11:48:29,0.8,1800,230450
20240103,11:48:30,0.8,50,230450
20240103,11:48:34,0.8,4950,230450
20240103,11:48:35,0.8,100,230450
20240103,11:48:41,0.8,1900,230450
20240103,11:48:42,0.8,50,230450
20240103,11:48:48,0.8,1800,230450
20240103,11:48:54,0.8,1700,230450
20240103,11:49:14,0.8,1000,230450
20240103,11:49:28,0.8,250,230450
20240103,11:49:30,0.8,250,230450
20240103,11:49:37,0.8,250,230450
20240103,11:49:40,0.8,700,230450
20240103,11:49:55,0.8,1800,230450
20240103,11:51:03,0.9,4100,234450
20240103,11:51:17,0.9,1600,234450
20240103,11:51:18,0.9,1850,234450
20240103,11:51:19,0.95,1850,234450
20240103,11:51:21,0.95,1850,234450
20240103,11:51:50,0.95,1050,234450
20240103,11:51:56,0.95,200,234450
20240103,11:54:00,0.9,500,234450
20240103,11:54:02,0.9,50,235950
20240103,11:54:03,0.9,50,235950
20240103,11:55:07,0.9,50,235950
20240103,11:55:10,0.85,300,235950
20240103,11:56:24,0.85,1000,235950
20240103,11:56:26,0.85,50,235950
20240103,11:58:21,0.85,250,235950
20240103,11:58:25,0.85,250,235950
20240103,11:58:32,0.85,250,235950
20240103,11:58:58,0.85,250,235950
20240103,12:02:07,0.8,500,235950
20240103,12:02:11,0.8,1600,235900
20240103,12:02:11,0.8,100,235900
20240103,12:02:14,0.8,100,235900
20240103,12:02:16,0.8,50,235900
20240103,12:02:19,0.8,100,235900
20240103,12:02:21,0.8,50,235900
20240103,12:02:21,0.8,150,235900
20240103,12:03:47,0.8,200,235900
20240103,12:03:51,0.8,100,235900
20240103,12:03:56,0.8,600,235900
20240103,12:04:02,0.8,500,235900
20240103,12:04:07,0.8,550,235900
20240103,12:04:40,0.8,900,235900
20240103,12:04:40,0.8,50,235900
20240103,12:06:05,0.8,50,235900
20240103,12:06:07,0.8,50,236400
20240103,12:06:08,0.8,50,236400
20240103,12:06:10,0.8,50,236400
20240103,12:06:11,0.8,50,236400
20240103,12:06:13,0.8,50,236400
20240103,12:06:14,0.8,50,236400
20240103,12:06:15,0.8,50,236400
20240103,12:06:16,0.8,50,236400
20240103,12:06:18,0.8,50,236400
20240103,12:06:19,0.8,50,236400
20240103,12:06:20,0.8,50,236400
20240103,12:06:21,0.8,50,236400
20240103,12:06:23,0.8,50,236400
20240103,12:06:24,0.8,50,236400
20240103,12:06:25,0.8,50,236400
20240103,12:06:26,0.8,50,236400
20240103,12:12:21,0.75,100,235900
20240103,12:13:20,0.75,100,235900
20240103,12:13:25,0.75,100,235900
20240103,12:13:30,0.75,100,235900
20240103,12:14:00,0.75,200,235900
20240103,12:14:07,0.75,250,235900
20240103,12:14:18,0.75,250,235900
20240103,12:14:38,0.75,50,235900
20240103,12:15:01,0.75,450,236700
20240103,12:15:28,0.75,50,236700
20240103,12:15:31,0.75,50,236700
20240103,12:15:34,0.75,50,236700
20240103,12:15:36,0.75,50,236700
20240103,12:15:38,0.75,50,236700
20240103,12:16:15,0.75,150,236700
20240103,12:16:20,0.75,150,236700
20240103,12:16:25,0.7,150,236700
20240103,12:16:36,0.75,50,236700
20240103,12:16:46,0.75,50,236700
20240103,12:16:50,0.75,50,236700
20240103,12:16:52,0.75,50,236700
20240103,12:17:03,0.75,300,236700
20240103,12:17:04,0.75,50,236700
20240103,12:17:05,0.75,50,236700
20240103,12:17:07,0.75,50,236700
20240103,12:19:58,0.75,50,237350
20240103,12:20:00,0.75,50,237350
20240103,12:20:01,0.75,50,237350
20240103,12:20:03,0.75,50,237350
20240103,12:20:05,0.75,50,237350
20240103,12:20:08,0.75,50,237350
20240103,12:22:04,0.75,850,237100
20240103,12:22:20,0.75,450,237100
20240103,12:22:24,0.75,300,237100
20240103,12:22:58,0.8,200,237100
20240103,12:27:24,0.7,1800,235900
20240103,12:27:26,0.7,1800,235900
20240103,12:27:27,0.7,1850,235900
20240103,12:27:32,0.7,500,235900
20240103,12:27:33,0.7,100,235900
20240103,12:27:36,0.7,50,235900
20240103,12:27:37,0.7,50,235900
20240103,12:27:39,0.7,100,235900
20240103,12:27:42,0.65,1900,235900
20240103,12:27:43,0.7,50,235900
20240103,12:27:44,0.7,50,235900
20240103,12:27:51,0.7,250,235900
20240103,12:27:52,0.7,400,235900
20240103,12:28:17,0.65,1000,235900
20240103,12:28:20,0.65,1000,235900
20240103,12:28:29,0.65,1000,235900
20240103,12:29:16,0.7,1600,235900
20240103,12:29:17,0.7,3600,235900
20240103,12:29:21,0.7,1000,235900
20240103,12:29:26,0.7,600,235900
20240103,12:30:02,0.65,500,235900
20240103,12:30:05,0.65,2300,243300
20240103,12:30:06,0.65,500,243300
20240103,12:30:08,0.65,2050,243300
20240103,12:30:09,0.65,100,243300
20240103,12:30:10,0.6,1700,243300
20240103,12:30:11,0.65,100,243300
20240103,12:30:12,0.65,350,243300
20240103,12:30:13,0.65,50,243300
20240103,12:30:24,0.65,500,243300
20240103,12:30:28,0.65,550,243300
20240103,12:30:32,0.65,50,243300
20240103,12:31:12,0.65,550,243300
20240103,12:31:13,0.65,3750,243300
20240103,12:31:14,0.65,50,243300
20240103,12:31:15,0.65,50,243300
20240103,12:31:17,0.65,50,243300
20240103,12:31:18,0.65,50,243300
20240103,12:31:19,0.65,50,243300
20240103,12:31:20,0.65,50,243300
20240103,12:31:22,0.65,50,243300
20240103,12:31:23,0.65,50,243300
20240103,12:31:25,0.65,100,243300
20240103,12:32:04,0.65,50,243300
20240103,12:32:05,0.65,50,243300
20240103,12:32:07,0.65,50,243300
20240103,12:32:10,0.65,50,243300
20240103,12:32:12,0.65,50,243300
20240103,12:32:13,0.65,50,243300
20240103,12:32:14,0.65,50,243300
20240103,12:32:15,0.65,50,243300
20240103,12:32:17,0.65,50,243300
20240103,12:32:18,0.65,50,243300
20240103,12:32:19,0.65,50,243300
20240103,12:32:21,0.65,50,243300
20240103,12:32:22,0.65,50,243300
20240103,12:32:23,0.65,50,243300
20240103,12:32:30,0.7,50,243300
20240103,12:32:42,0.65,50,243300
20240103,12:32:43,0.65,50,243300
20240103,12:32:45,0.65,50,243300
20240103,12:32:47,0.65,50,243300
20240103,12:32:48,0.65,50,243300
20240103,12:32:50,0.65,50,243300
20240103,12:32:51,0.65,50,243300
20240103,12:32:52,0.65,50,243300
20240103,12:32:53,0.65,50,243300
20240103,12:32:55,0.65,50,243300
20240103,12:33:14,0.65,50,243300
20240103,12:34:55,0.65,200,239200
20240103,12:35:01,0.65,200,239200
20240103,12:35:10,0.65,250,239200
20240103,12:35:11,0.6,100,239200
20240103,12:35:15,0.65,50,239200
20240103,12:39:58,0.65,200,239200
20240103,12:39:59,0.65,50,239550
20240103,12:40:46,0.65,1050,239550
20240103,12:40:47,0.65,50,239550
20240103,12:40:48,0.65,50,239550
20240103,12:40:49,0.65,50,239550
20240103,12:40:50,0.65,50,239550
20240103,12:40:52,0.65,50,239550
20240103,12:40:53,0.65,50,239550
20240103,12:40:54,0.65,50,239550
20240103,12:40:55,0.65,50,239550
20240103,12:40:57,0.65,50,239550
20240103,12:40:58,0.65,50,239550
20240103,12:40:59,0.65,50,239550
20240103,12:41:00,0.65,50,239550
20240103,12:41:02,0.65,50,239550
20240103,12:41:03,0.65,50,239550
20240103,12:41:04,0.65,50,239550
20240103,12:41:05,0.65,50,239550
20240103,12:41:07,0.65,50,239550
20240103,12:41:08,0.65,50,239550
20240103,12:41:09,0.65,50,239550
20240103,12:41:10,0.65,50,239550
20240103,12:41:12,0.65,50,239550
20240103,12:41:13,0.65,50,239550
20240103,12:41:14,0.65,50,239550
20240103,12:41:15,0.65,50,239550
20240103,12:41:17,0.65,50,239550
20240103,12:41:18,0.65,50,239550
20240103,12:41:19,0.65,50,239550
20240103,12:41:21,0.65,50,239550
20240103,12:41:22,0.65,50,239550
20240103,12:41:23,0.65,50,239550
20240103,12:41:24,0.65,50,239550
20240103,12:48:42,0.65,50,239550
20240103,12:48:44,0.65,50,239450
20240103,12:48:46,0.65,50,239450
20240103,12:48:48,0.65,50,239450
20240103,12:49:16,0.7,1800,239450
20240103,12:49:35,0.7,1800,239450
20240103,12:49:38,0.75,3600,239450
20240103,12:49:45,0.75,1800,239450
20240103,12:50:11,0.75,50,239450
20240103,12:50:25,0.75,950,239450
20240103,12:54:29,0.7,650,237450
20240103,12:54:38,0.75,1800,237450
20240103,12:54:43,0.75,400,237450
20240103,12:54:53,0.75,1000,237450
20240103,12:55:13,0.75,100,237450
20240103,12:55:22,0.75,1800,237450
20240103,12:55:24,0.75,1800,237450
20240103,12:55:37,0.75,3350,237450
20240103,12:55:59,0.75,250,237450
20240103,12:56:00,0.75,50,237450
20240103,12:56:10,0.75,150,237450
20240103,12:56:28,0.75,250,237450
20240103,12:56:46,0.8,2650,237450
20240103,12:56:46,0.85,2700,237450
20240103,12:56:49,0.85,450,237450
20240103,12:56:51,0.85,250,237450
20240103,12:57:09,0.85,50,237150
20240103,12:57:10,0.85,50,237150
20240103,12:57:12,0.85,700,237150
20240103,12:57:54,0.85,250,237150
20240103,12:58:07,0.8,50,237150
20240103,12:58:20,0.8,550,237150
20240103,12:58:23,0.8,50,237150
20240103,12:58:29,0.8,100,237150
20240103,12:58:34,0.8,500,237150
20240103,12:58:45,0.8,300,237150
20240103,12:59:11,0.8,100,237150
20240103,12:59:21,0.8,400,237150
20240103,13:00:00,0.8,250,236250
20240103,13:00:19,0.8,50,236250
20240103,13:00:52,0.75,1300,236250
20240103,13:01:15,0.8,1100,236250
20240103,13:03:00,0.85,100,236250
20240103,13:03:40,0.85,100,236250
20240103,13:05:59,0.85,50,237400
20240103,13:06:46,0.8,700,237300
20240103,13:06:53,0.8,900,237300
20240103,13:08:15,0.8,400,237300
20240103,13:08:19,0.8,750,237300
20240103,13:09:28,0.8,250,237300
20240103,13:14:08,0.85,1700,237150
20240103,13:15:27,0.8,500,237150
20240103,13:15:31,0.8,700,236550
20240103,13:15:32,0.8,50,236550
20240103,13:15:45,0.8,50,236550
20240103,13:16:06,0.8,1800,236550
20240103,13:16:29,0.9,1800,236550
20240103,13:16:30,0.85,50,236550
20240103,13:16:31,0.85,250,236550
20240103,13:17:00,0.8,50,236550
20240103,13:17:01,0.8,50,236550
20240103,13:17:34,0.9,1800,236550
20240103,13:17:35,0.85,50,236550
20240103,13:19:53,0.8,50,236550
20240103,13:19:53,0.8,50,241950
20240103,13:19:55,0.8,100,241950
20240103,13:19:58,0.8,100,241950
20240103,13:20:00,0.8,100,241950
20240103,13:20:03,0.8,100,241950
20240103,13:20:05,0.8,100,241950
20240103,13:20:08,0.8,100,241950
20240103,13:20:10,0.8,100,241950
20240103,13:20:13,0.8,100,241950
20240103,13:20:15,0.8,50,241950
20240103,13:21:23,0.8,100,241950
20240103,13:21:26,0.8,100,241950
20240103,13:21:28,0.8,100,241950
20240103,13:24:27,0.85,1800,241950
20240103,13:25:42,0.8,900,241950
20240103,13:27:26,0.8,250,243750
20240103,13:27:47,0.8,850,243750
20240103,13:32:15,0.8,100,243750
20240103,13:39:12,0.8,450,243750
20240103,13:40:22,0.85,50,243750
20240103,13:40:24,0.85,50,243750
20240103,13:41:13,0.8,50,243750
20240103,13:41:15,0.8,50,243750
20240103,13:41:16,0.8,50,243750
20240103,13:41:18,0.8,50,243750
20240103,13:41:21,0.8,100,243750
20240103,13:41:23,0.8,50,243750
20240103,13:41:25,0.8,50,243750
20240103,13:41:26,0.8,50,243750
20240103,13:41:28,0.8,50,243750
20240103,13:41:30,0.8,50,243750
20240103,13:41:31,0.8,50,243750
20240103,13:41:33,0.8,50,243750
20240103,13:41:35,0.8,50,243750
20240103,13:41:36,0.8,50,243750
20240103,13:41:38,0.8,50,243750
20240103,13:41:40,0.8,50,243750
20240103,13:41:41,0.8,50,243750
20240103,13:41:43,0.8,50,243750
20240103,13:41:45,0.8,50,243750
20240103,13:41:46,0.8,50,243750
20240103,13:41:48,0.8,50,243750
20240103,13:41:50,0.8,50,243750
20240103,13:41:51,0.8,50,243750
