date,time,tick_price,volume,open_interest
20231228,09:15:51,35.6,200,5100
20231228,09:15:58,35.3,150,5100
20231228,09:16:06,35.75,2850,5100
20231228,09:16:06,33.55,2850,5100
20231228,09:16:16,35.75,1350,5100
20231228,09:16:26,35.85,900,5100
20231228,09:16:34,35.9,1000,5100
20231228,09:16:43,35.9,100,5100
20231228,09:16:52,36.0,100,5100
20231228,09:17:00,36.2,250,5100
20231228,09:17:17,36.6,50,5100
20231228,09:17:33,36.6,50,5100
20231228,09:17:42,36.9,100,5100
20231228,09:17:50,37.0,200,5100
20231228,09:17:58,37.0,100,5100
20231228,09:18:06,37.3,150,5100
20231228,09:18:14,37.5,100,5100
20231228,09:18:31,37.8,150,5100
20231228,09:18:39,37.8,750,5100
20231228,09:18:48,37.95,50,5100
20231228,09:19:04,38.05,200,5100
20231228,09:19:12,38.1,100,5100
20231228,09:19:21,38.15,50,5100
20231228,09:19:29,38.25,950,5100
20231228,09:19:38,38.8,250,5100
20231228,09:19:47,38.8,100,5100
20231228,09:19:55,38.4,250,5100
20231228,09:20:03,38.4,50,5100
20231228,09:20:12,38.75,50,5100
20231228,09:20:21,38.65,50,5100
20231228,09:20:30,39.3,150,5100
20231228,09:20:40,39.6,100,5100
20231228,09:20:50,39.65,50,5100
20231228,09:21:00,40.05,1000,5100
20231228,09:21:09,40.05,100,6450
20231228,09:21:38,41.35,100,6450
20231228,09:21:47,41.5,450,6450
20231228,09:21:56,41.6,350,6450
20231228,09:22:07,41.95,850,6450
20231228,09:22:18,42.4,150,6450
20231228,09:22:29,42.4,400,6450
20231228,09:22:59,42.95,1250,6450
20231228,09:23:19,42.7,200,6450
20231228,09:23:31,42.7,700,6450
20231228,09:23:41,42.65,50,6450
20231228,09:23:51,43.15,700,6450
20231228,09:24:27,43.15,50,6800
20231228,09:24:45,43.45,200,6800
20231228,09:24:54,43.45,50,6800
20231228,09:25:03,43.0,50,6800
20231228,09:25:21,42.95,250,6800
20231228,09:25:39,43.0,50,6800
20231228,09:26:24,42.8,300,6800
20231228,09:27:09,42.15,50,6750
20231228,09:27:19,42.0,50,6750
20231228,09:27:28,42.05,100,6750
20231228,09:27:47,42.5,250,6750
20231228,09:28:08,42.2,50,6750
20231228,09:28:28,42.15,300,6750
20231228,09:29:23,41.75,100,6750
20231228,09:29:41,41.3,400,6750
20231228,09:29:51,41.75,150,6750
20231228,09:30:18,41.6,50,7250
20231228,09:30:28,41.75,300,7250
20231228,09:30:38,42.05,600,7250
20231228,09:32:00,42.0,100,7250
20231228,09:32:18,42.0,100,7250
20231228,09:32:27,42.05,300,7250
20231228,09:32:55,42.45,50,7250
20231228,09:33:03,42.35,50,7650
20231228,09:33:13,42.6,200,7650
20231228,09:33:56,42.6,500,7650
20231228,09:34:14,42.4,50,7650
20231228,09:34:34,41.7,50,7650
20231228,09:34:44,41.3,50,7650
20231228,09:35:51,40.95,400,7650
20231228,09:36:37,40.6,500,8300
20231228,09:37:14,39.8,50,8300
20231228,09:37:41,39.3,50,8300
20231228,09:38:26,39.1,50,8300
20231228,09:38:44,39.1,50,8300
20231228,09:39:30,39.95,150,8650
20231228,09:39:39,40.15,50,8650
20231228,09:39:48,40.3,50,8650
20231228,09:40:07,40.2,50,8650
20231228,09:40:25,40.2,100,8650
20231228,09:40:34,40.3,50,8650
20231228,09:41:01,40.0,5000,8650
20231228,09:41:37,40.05,50,8650
20231228,09:42:31,40.35,50,12050
20231228,09:42:58,41.0,1050,12050
20231228,09:43:50,41.35,350,12050
20231228,09:43:59,41.2,150,12050
20231228,09:44:09,41.35,450,12050
20231228,09:44:36,41.6,50,12050
20231228,09:45:40,41.9,300,13200
20231228,09:46:07,42.0,1850,13200
20231228,09:46:16,41.7,100,13200
20231228,09:46:25,41.5,5400,13200
20231228,09:46:34,41.35,7750,13200
20231228,09:46:43,41.3,750,13200
20231228,09:46:52,41.55,150,13200
20231228,09:47:10,41.2,150,13200
20231228,09:47:20,40.95,50,13200
20231228,09:47:29,41.1,50,13200
20231228,09:47:39,41.65,1100,13200
20231228,09:47:50,41.7,2300,13200
20231228,09:48:02,41.8,500,28050
20231228,09:48:13,42.35,200,28050
20231228,09:48:23,42.55,50,28050
20231228,09:49:00,42.5,100,28050
20231228,09:49:19,42.6,200,28050
20231228,09:49:37,42.55,50,28050
20231228,09:50:42,42.5,500,28050
20231228,09:51:01,42.9,650,28050
20231228,09:51:10,43.0,500,28950
20231228,09:51:30,42.85,250,28950
20231228,09:51:58,42.5,200,28950
20231228,09:52:07,42.6,550,28950
20231228,09:52:35,42.55,50,28950
20231228,09:52:44,42.6,1100,28950
20231228,09:53:22,42.7,200,28950
20231228,09:53:50,42.9,250,28950
20231228,09:54:09,42.7,100,30800
20231228,09:54:27,42.85,100,30800
20231228,09:55:02,42.85,50,30800
20231228,09:55:11,42.75,100,30800
20231228,09:55:38,42.7,100,30800
20231228,09:55:48,41.65,850,30800
20231228,09:55:59,40.85,450,30800
20231228,09:56:10,41.45,50,30800
20231228,09:56:20,41.45,1600,30800
20231228,09:56:30,41.45,550,30800
20231228,09:56:39,41.35,300,30800
20231228,09:56:58,41.4,100,30800
20231228,09:57:07,41.1,100,31950
20231228,09:57:16,41.0,250,31950
20231228,09:57:34,41.0,150,31950
20231228,09:57:43,41.0,100,31950
20231228,09:58:10,40.5,150,31950
20231228,09:58:19,40.65,200,31950
20231228,09:58:28,40.6,50,31950
20231228,09:58:37,40.85,250,31950
20231228,09:58:46,40.55,5250,31950
20231228,09:58:54,40.35,4300,31950
20231228,09:59:03,40.55,1950,31950
20231228,09:59:11,40.25,6100,31950
20231228,09:59:29,40.0,3600,31950
20231228,09:59:38,40.15,1750,31950
20231228,09:59:56,40.4,450,31950
20231228,10:01:09,40.0,300,51700
20231228,10:01:27,40.1,400,51700
20231228,10:01:36,40.3,200,51700
20231228,10:01:45,40.4,50,51700
20231228,10:01:54,40.3,100,51700
20231228,10:02:29,40.1,450,51700
20231228,10:03:04,39.55,250,51800
20231228,10:03:23,38.3,250,51800
20231228,10:03:35,38.1,950,51800
20231228,10:03:46,37.9,350,51800
20231228,10:03:57,38.15,400,51800
20231228,10:04:07,38.15,50,51800
20231228,10:04:17,38.05,100,51800
20231228,10:04:26,38.05,100,51800
20231228,10:04:36,38.0,550,51800
20231228,10:04:45,37.75,50,51800
20231228,10:04:55,38.1,50,51800
20231228,10:05:05,37.8,600,51800
20231228,10:05:15,38.15,200,51800
20231228,10:05:25,38.5,300,51800
20231228,10:05:35,39.1,1150,51800
20231228,10:05:44,39.9,1500,51800
20231228,10:05:53,40.45,550,51800
20231228,10:06:03,40.2,250,51800
20231228,10:06:12,40.0,200,52900
20231228,10:06:22,40.2,400,52900
20231228,10:06:41,40.1,350,52900
20231228,10:06:52,39.9,150,52900
20231228,10:07:02,39.0,400,52900
20231228,10:07:13,38.85,200,52900
20231228,10:07:23,38.2,250,52900
20231228,10:07:34,37.35,250,52900
20231228,10:07:44,36.95,150,52900
20231228,10:07:54,37.05,200,52900
20231228,10:08:04,36.85,1200,52900
20231228,10:08:15,37.2,5250,52900
20231228,10:08:26,37.45,1300,52900
20231228,10:08:36,37.1,300,52900
20231228,10:08:46,37.1,1250,52900
20231228,10:08:55,37.4,50,52900
20231228,10:09:05,37.4,50,52900
20231228,10:09:14,37.65,700,59600
20231228,10:09:24,37.8,800,59600
20231228,10:09:52,37.75,50,59600
20231228,10:10:01,38.0,200,59600
20231228,10:10:11,38.0,50,59600
20231228,10:10:21,38.35,650,59600
20231228,10:10:44,38.6,1950,59600
20231228,10:10:54,38.8,1650,59600
20231228,10:11:04,38.75,100,59600
20231228,10:11:14,37.9,550,59600
20231228,10:11:54,37.4,250,59600
20231228,10:12:04,37.4,550,59600
20231228,10:12:14,37.25,250,61100
20231228,10:12:23,37.4,50,61100
20231228,10:12:33,37.65,100,61100
20231228,10:12:51,37.65,500,61100
20231228,10:13:46,37.6,50,61100
20231228,10:14:05,37.25,3000,61100
20231228,10:14:14,37.65,900,61100
20231228,10:14:33,37.8,50,61100
20231228,10:15:19,37.8,100,64500
20231228,10:16:05,37.95,50,64500
20231228,10:16:15,38.5,100,64500
20231228,10:16:44,38.5,300,64500
20231228,10:17:02,38.15,250,64500
20231228,10:17:21,38.55,150,64500
20231228,10:17:49,38.5,150,64500
20231228,10:18:09,39.5,1100,64350
20231228,10:18:19,39.4,550,64350
20231228,10:18:29,39.0,400,64350
20231228,10:18:38,39.25,50,64350
20231228,10:19:05,38.95,100,64350
20231228,10:19:33,39.05,100,64350
20231228,10:19:51,38.95,50,64350
20231228,10:20:08,38.8,350,64350
20231228,10:20:56,38.55,250,64350
20231228,10:21:15,38.35,300,64300
20231228,10:21:52,38.0,300,64300
20231228,10:22:11,37.75,250,64300
20231228,10:22:56,37.5,750,64300
20231228,10:23:15,37.75,200,64300
20231228,10:23:24,38.05,350,64300
20231228,10:23:43,37.95,50,64300
20231228,10:23:53,38.35,100,64300
20231228,10:24:21,38.05,300,64700
20231228,10:24:30,38.05,50,64700
20231228,10:24:39,38.45,200,64700
20231228,10:24:48,38.45,100,64700
20231228,10:24:57,38.55,100,64700
20231228,10:25:06,38.35,150,64700
20231228,10:25:25,38.9,200,64700
20231228,10:25:35,38.35,250,64700
20231228,10:25:44,38.35,50,64700
20231228,10:26:04,37.7,400,64700
20231228,10:26:13,38.05,700,64700
20231228,10:26:23,37.95,250,64700
20231228,10:26:32,37.7,50,64700
20231228,10:26:42,37.4,550,64700
20231228,10:26:51,37.45,200,64700
20231228,10:27:00,37.35,150,64700
20231228,10:27:46,38.0,150,65100
20231228,10:28:14,38.0,250,65100
20231228,10:28:23,37.85,50,65100
20231228,10:28:32,37.8,150,65100
20231228,10:28:51,38.1,200,65100
20231228,10:29:00,38.1,50,65100
20231228,10:29:10,37.95,50,65100
20231228,10:29:29,37.85,100,65100
20231228,10:30:07,38.65,250,65100
20231228,10:30:46,38.95,100,65250
20231228,10:30:56,38.8,550,65250
20231228,10:31:05,39.0,150,65250
20231228,10:31:15,38.75,50,65250
20231228,10:31:24,38.6,400,65250
20231228,10:32:01,38.35,400,65250
20231228,10:32:10,38.55,550,65250
20231228,10:32:29,38.5,200,65250
20231228,10:32:38,38.55,100,65250
20231228,10:32:47,38.1,1650,65250
20231228,10:32:57,37.9,5100,65250
20231228,10:33:06,37.95,100,65250
20231228,10:33:25,37.8,2800,70300
20231228,10:33:34,38.1,300,70300
20231228,10:33:43,38.4,100,70300
20231228,10:34:19,38.2,500,70300
20231228,10:34:37,38.05,100,70300
20231228,10:35:21,38.0,600,70300
20231228,10:35:37,38.05,100,70300
20231228,10:36:38,37.2,1100,72750
20231228,10:36:47,37.4,400,72750
20231228,10:37:14,37.6,50,72750
20231228,10:37:22,37.35,100,72750
20231228,10:37:31,37.45,150,72750
20231228,10:38:34,37.3,400,72750
20231228,10:38:43,37.2,100,72750
20231228,10:38:51,37.05,300,72750
20231228,10:39:00,37.15,1100,72750
20231228,10:39:09,36.85,700,72750
20231228,10:39:18,36.75,500,74400
20231228,10:39:26,36.8,700,74400
20231228,10:39:35,36.8,2100,74400
20231228,10:39:43,36.9,100,74400
20231228,10:40:01,36.7,150,74400
20231228,10:40:10,36.75,200,74400
20231228,10:40:37,36.1,1900,74400
20231228,10:40:47,36.25,100,74400
20231228,10:40:56,36.05,50,74400
20231228,10:41:05,36.3,700,74400
20231228,10:41:33,36.4,50,74400
20231228,10:41:42,36.4,50,74400
20231228,10:41:51,36.5,100,74400
20231228,10:42:09,36.45,400,74400
20231228,10:42:18,36.5,50,78500
20231228,10:42:27,36.45,50,78500
20231228,10:42:45,36.65,50,78500
20231228,10:42:55,36.35,100,78500
20231228,10:43:04,36.7,100,78500
20231228,10:43:14,36.5,100,78500
20231228,10:43:23,36.55,400,78500
20231228,10:43:41,36.35,700,78500
20231228,10:43:50,36.15,1850,78500
20231228,10:44:08,36.0,250,78500
20231228,10:44:43,36.5,850,78500
20231228,10:45:53,36.85,100,80300
20231228,10:46:02,36.75,50,80300
20231228,10:46:19,36.6,350,80300
20231228,10:46:28,36.85,150,80300
20231228,10:47:05,36.85,50,80300
20231228,10:47:32,36.6,500,80300
20231228,10:47:59,36.8,250,80300
20231228,10:48:17,36.8,150,80650
20231228,10:48:54,36.55,50,80650
20231228,10:49:11,36.45,50,80650
20231228,10:49:46,36.3,400,80650
20231228,10:50:04,36.55,350,80650
20231228,10:50:13,36.7,100,80650
20231228,10:50:23,36.5,100,80650
20231228,10:50:32,36.3,100,80650
20231228,10:50:50,36.5,400,80650
20231228,10:50:59,36.4,300,80650
20231228,10:51:18,36.15,250,81950
20231228,10:51:26,36.35,1250,81950
20231228,10:51:53,36.2,50,81950
20231228,10:52:37,36.2,50,81950
20231228,10:54:06,35.6,50,81950
20231228,10:54:24,35.65,100,82600
20231228,10:54:34,35.45,250,82600
20231228,10:54:43,35.55,150,82600
20231228,10:54:52,35.55,50,82600
20231228,10:55:01,35.6,200,82600
20231228,10:55:10,35.6,50,82600
20231228,10:55:19,35.7,150,82600
20231228,10:56:50,35.75,250,82600
20231228,10:57:08,36.1,50,82600
20231228,10:58:11,35.65,300,82350
20231228,10:58:20,35.7,250,82350
20231228,10:58:31,35.3,300,82350
20231228,10:58:41,35.55,100,82350
20231228,10:58:59,35.8,50,82350
20231228,10:59:37,35.8,100,82350
20231228,11:00:14,35.4,250,81950
20231228,11:00:23,35.4,300,81950
20231228,11:00:33,35.4,100,81950
20231228,11:00:51,35.2,250,81950
20231228,11:01:00,35.4,200,81950
20231228,11:01:09,35.55,50,81950
20231228,11:01:46,35.65,50,81950
20231228,11:02:22,35.8,50,81950
20231228,11:02:31,35.65,50,81950
20231228,11:03:08,35.5,200,81950
20231228,11:03:54,35.7,100,81750
20231228,11:04:04,35.55,100,81750
20231228,11:05:25,35.5,100,81750
20231228,11:05:43,35.7,200,81750
20231228,11:05:52,35.7,200,81750
20231228,11:06:29,35.65,200,82100
20231228,11:06:56,35.55,350,82100
20231228,11:07:23,35.55,100,82100
20231228,11:08:02,35.8,50,82100
20231228,11:08:12,36.2,50,82100
20231228,11:08:22,35.85,150,82100
20231228,11:08:42,36.4,100,82100
20231228,11:09:15,37.1,650,82100
20231228,11:09:25,37.0,350,82350
20231228,11:10:05,36.15,400,82350
20231228,11:11:12,37.3,50,82350
20231228,11:11:58,37.35,50,82350
20231228,11:12:08,37.45,100,82350
20231228,11:12:26,37.3,150,81800
20231228,11:12:36,37.65,400,81800
20231228,11:12:45,37.35,550,81800
20231228,11:12:54,37.4,100,81800
20231228,11:13:03,37.25,150,81800
20231228,11:13:12,37.25,300,81800
20231228,11:13:31,37.25,250,81800
20231228,11:13:40,37.45,50,81800
20231228,11:14:08,37.4,200,81800
20231228,11:14:56,37.05,200,81800
20231228,11:15:05,36.75,1050,81800
20231228,11:15:25,36.75,150,81500
20231228,11:15:35,36.35,600,81500
20231228,11:16:05,36.85,50,81500
20231228,11:16:14,36.75,100,81500
20231228,11:16:24,36.6,250,81500
20231228,11:16:43,36.95,550,81500
20231228,11:17:58,36.2,150,81500
20231228,11:18:07,36.2,200,81500
20231228,11:18:17,36.3,100,81500
20231228,11:18:26,36.55,650,81350
20231228,11:18:44,36.65,150,81350
20231228,11:18:54,36.75,950,81350
20231228,11:19:02,36.7,500,81350
20231228,11:19:57,36.85,150,81350
20231228,11:20:24,36.9,100,81350
20231228,11:20:32,36.95,100,81350
20231228,11:20:41,36.9,50,81350
20231228,11:20:50,36.6,750,81350
20231228,11:21:08,36.7,150,81350
20231228,11:21:26,36.85,100,82650
20231228,11:21:55,36.6,100,82650
20231228,11:22:04,36.65,100,82650
20231228,11:22:14,36.8,250,82650
20231228,11:22:23,36.8,50,82650
20231228,11:22:41,36.8,200,82650
20231228,11:22:58,36.75,50,82650
20231228,11:23:25,36.75,100,82650
20231228,11:23:34,36.5,200,82650
20231228,11:23:54,36.9,250,82650
20231228,11:24:13,36.65,50,82650
20231228,11:24:22,36.85,1050,83150
20231228,11:25:18,36.7,1500,83150
20231228,11:25:36,36.7,50,83150
20231228,11:25:44,36.7,1000,83150
20231228,11:25:53,36.8,800,83150
20231228,11:26:11,36.95,1750,83150
20231228,11:26:21,37.0,150,83150
20231228,11:26:40,36.85,200,83150
20231228,11:28:10,36.9,200,87200
20231228,11:28:29,36.8,50,87200
20231228,11:28:38,36.75,300,87200
20231228,11:29:06,36.7,300,87200
20231228,11:30:29,36.65,50,87350
20231228,11:30:48,36.5,750,87350
20231228,11:30:58,36.75,100,87350
20231228,11:31:07,37.0,200,87350
20231228,11:31:17,37.15,50,87350
20231228,11:31:36,36.85,150,87350
20231228,11:31:45,36.85,50,87350
20231228,11:32:11,36.95,400,87350
20231228,11:32:37,37.05,50,87350
20231228,11:32:46,37.05,50,87350
20231228,11:32:55,37.0,150,87350
20231228,11:33:41,36.9,100,87250
20231228,11:33:59,36.8,50,87250
20231228,11:34:08,36.85,50,87250
20231228,11:35:12,36.8,50,87250
20231228,11:35:23,36.85,100,87250
20231228,11:35:33,36.75,50,87250
20231228,11:35:41,36.85,200,87250
20231228,11:35:50,36.75,50,87250
20231228,11:35:58,36.75,250,87250
20231228,11:36:08,36.7,750,87250
20231228,11:36:19,36.85,50,87250
20231228,11:36:30,36.65,200,87550
20231228,11:36:58,36.35,450,87550
20231228,11:37:07,36.4,200,87550
20231228,11:37:43,36.75,50,87550
20231228,11:39:01,36.75,50,87550
20231228,11:39:44,36.4,250,87900
20231228,11:40:27,36.2,50,87900
20231228,11:40:36,36.15,250,87900
20231228,11:40:45,36.4,50,87900
20231228,11:41:11,36.55,100,87900
20231228,11:41:56,36.55,200,87900
20231228,11:42:31,36.55,50,87800
20231228,11:42:47,36.55,650,87800
20231228,11:42:56,36.4,50,87800
20231228,11:43:04,36.2,50,87800
20231228,11:43:29,36.2,50,87800
20231228,11:43:56,36.25,50,87800
20231228,11:44:04,36.1,100,87800
20231228,11:44:13,36.3,250,87800
20231228,11:44:39,36.5,50,87800
20231228,11:44:47,36.5,50,87800
20231228,11:44:55,36.5,50,87800
20231228,11:45:12,36.55,50,87800
20231228,11:45:20,36.55,50,87850
20231228,11:45:29,36.7,100,87850
20231228,11:46:13,36.65,50,87850
20231228,11:46:39,36.75,50,87850
20231228,11:47:04,36.6,150,87850
20231228,11:47:12,36.5,150,87850
20231228,11:47:20,36.25,200,87850
20231228,11:47:45,35.95,150,87850
20231228,11:47:54,35.9,50,87850
20231228,11:50:29,35.9,50,87550
20231228,11:50:37,36.2,200,87550
20231228,11:50:45,36.2,800,87550
20231228,11:52:51,35.95,250,88600
20231228,11:53:00,36.15,100,88600
20231228,11:53:09,36.15,200,88600
20231228,11:53:25,36.1,350,88600
20231228,11:53:42,36.1,250,88600
20231228,11:54:14,36.25,50,88600
20231228,11:55:54,36.1,400,88350
20231228,11:56:20,36.4,50,88350
20231228,11:56:46,36.5,50,88350
20231228,11:57:51,36.7,50,88950
20231228,11:58:08,36.7,200,88950
20231228,11:58:50,36.8,400,88950
20231228,12:00:02,36.85,100,88950
20231228,12:00:10,36.8,950,88950
20231228,12:00:19,36.7,50,88950
20231228,12:00:28,36.65,450,90050
20231228,12:00:36,36.65,900,90050
20231228,12:01:18,36.55,50,90050
20231228,12:02:15,36.8,100,90050
20231228,12:02:23,37.05,50,90050
20231228,12:02:33,37.4,500,90050
20231228,12:02:42,37.45,100,90050
20231228,12:03:08,37.3,50,90050
20231228,12:04:41,37.3,100,89800
20231228,12:05:15,37.35,50,89800
20231228,12:05:41,37.6,200,89800
20231228,12:06:31,37.6,100,90100
20231228,12:07:05,37.6,50,90100
20231228,12:07:30,37.5,250,90100
20231228,12:07:38,37.6,100,90100
20231228,12:08:12,37.5,50,90100
20231228,12:08:28,37.25,50,90100
20231228,12:08:45,37.45,50,90100
20231228,12:09:27,37.3,650,90050
20231228,12:10:48,37.05,100,90050
20231228,12:11:13,36.95,50,90050
20231228,12:11:38,37.3,100,90050
20231228,12:12:05,37.3,50,90050
20231228,12:12:13,37.05,50,90050
20231228,12:12:21,37.25,50,90050
20231228,12:13:53,36.9,100,90550
20231228,12:14:51,37.25,50,90550
20231228,12:15:16,37.4,200,90550
20231228,12:15:41,37.35,50,90200
20231228,12:17:25,37.35,300,90200
20231228,12:17:41,37.4,50,90200
20231228,12:17:49,37.35,150,90200
20231228,12:18:13,37.35,50,90200
20231228,12:19:24,37.4,150,90050
20231228,12:19:31,37.5,200,90050
20231228,12:19:53,37.55,50,90050
20231228,12:20:09,37.35,200,90050
20231228,12:21:32,37.35,500,90250
20231228,12:22:00,37.5,50,90250
20231228,12:22:36,37.65,250,90250
20231228,12:22:45,37.6,50,90250
20231228,12:22:53,37.6,50,90250
20231228,12:23:19,37.5,50,90250
20231228,12:23:44,37.55,50,90250
20231228,12:24:42,37.7,50,90750
20231228,12:25:27,37.5,200,90750
20231228,12:28:14,38.4,250,90600
20231228,12:30:10,39.75,200,90600
20231228,12:30:29,39.6,400,90550
20231228,12:30:38,39.55,3250,90550
20231228,12:30:47,39.55,50,90550
20231228,12:30:56,39.35,50,90550
20231228,12:31:22,39.5,50,90550
20231228,12:32:07,39.45,1700,90550
20231228,12:32:16,39.35,250,90550
20231228,12:32:25,39.45,50,90550
20231228,12:32:34,39.55,50,90550
20231228,12:32:43,39.5,1850,90550
20231228,12:32:52,39.4,100,90550
20231228,12:33:44,39.4,100,88450
20231228,12:34:09,39.35,50,88450
20231228,12:34:26,39.2,550,88450
20231228,12:34:44,39.0,100,88450
20231228,12:34:52,38.95,500,88450
20231228,12:35:10,39.0,300,88450
20231228,12:35:30,38.55,350,88450
20231228,12:35:40,38.4,200,88450
20231228,12:35:50,38.2,500,88450
20231228,12:35:59,38.15,250,88450
20231228,12:36:34,38.0,200,89400
20231228,12:36:43,38.1,100,89400
20231228,12:37:01,38.5,250,89400
20231228,12:37:19,38.5,100,89400
20231228,12:37:28,38.45,150,89400
20231228,12:37:47,38.35,900,89400
20231228,12:38:14,38.3,50,89400
20231228,12:38:23,38.15,2350,89400
20231228,12:38:31,38.25,1200,89400
20231228,12:38:48,38.7,300,89400
20231228,12:39:49,38.4,100,92200
20231228,12:40:06,38.3,850,92200
20231228,12:40:50,38.2,100,92200
20231228,12:40:59,38.2,50,92200
20231228,12:41:16,38.2,50,92200
20231228,12:41:25,38.1,50,92200
20231228,12:41:42,38.1,50,92200
20231228,12:41:51,38.1,150,92200
20231228,12:42:08,38.15,100,92200
20231228,12:42:16,38.2,100,92200
20231228,12:42:48,38.3,100,92550
20231228,12:43:55,38.45,50,92550
20231228,12:44:21,38.5,250,92550
20231228,12:45:04,38.5,150,92550
20231228,12:46:05,38.45,100,92700
20231228,12:46:14,38.55,50,92700
20231228,12:46:59,39.0,50,92700
20231228,12:47:08,38.75,50,92700
20231228,12:47:54,38.95,50,92700
20231228,12:48:39,38.95,100,92850
20231228,12:48:47,39.1,50,92850
20231228,12:48:56,38.95,150,92850
20231228,12:49:05,38.7,450,92850
20231228,12:49:38,38.35,150,92850
20231228,12:50:04,38.55,350,92850
20231228,12:50:21,38.4,200,92850
20231228,12:50:31,37.25,1100,92850
20231228,12:50:43,37.25,350,92850
20231228,12:50:52,36.9,500,92850
20231228,12:51:02,36.0,750,92850
20231228,12:51:12,36.15,200,92850
20231228,12:51:30,36.65,300,94500
20231228,12:51:39,36.55,200,94500
20231228,12:52:07,36.5,200,94500
20231228,12:52:34,36.55,100,94500
20231228,12:52:43,36.65,150,94500
20231228,12:53:09,36.75,300,94500
20231228,12:53:27,36.9,100,94500
20231228,12:53:36,36.9,50,94500
20231228,12:54:02,36.9,650,94500
20231228,12:54:11,36.9,350,94500
20231228,12:54:54,36.95,50,94250
20231228,12:55:28,36.75,150,94250
20231228,12:56:02,36.9,450,94250
20231228,12:56:11,36.75,100,94250
20231228,12:56:20,36.8,150,94250
20231228,12:56:54,36.7,550,94250
20231228,12:57:02,36.65,100,94250
20231228,12:57:11,36.7,50,94250
20231228,12:57:28,36.7,250,94250
20231228,12:57:45,36.55,100,94050
20231228,12:57:54,36.6,50,94050
20231228,12:58:03,36.65,200,94050
20231228,12:58:12,36.55,150,94050
20231228,12:58:37,36.5,200,94050
20231228,12:59:10,36.6,150,94050
20231228,12:59:20,36.55,50,94050
20231228,12:59:38,36.6,350,94050
20231228,12:59:46,36.65,250,94050
20231228,12:59:55,36.55,400,94050
20231228,13:00:04,36.65,100,94050
20231228,13:00:13,36.35,300,94050
20231228,13:00:42,36.3,1000,94000
20231228,13:00:50,36.3,150,94000
20231228,13:00:59,36.3,100,94000
20231228,13:01:07,36.5,100,94000
20231228,13:01:16,36.5,250,94000
20231228,13:01:34,36.35,400,94000
20231228,13:01:59,36.4,200,94000
20231228,13:02:34,36.5,150,94000
20231228,13:02:51,36.35,350,94000
20231228,13:03:08,36.35,50,94000
20231228,13:03:16,36.35,400,94000
20231228,13:05:37,36.35,50,94650
20231228,13:06:34,36.45,100,94650
20231228,13:07:36,37.0,400,94650
20231228,13:07:44,36.65,150,94650
20231228,13:08:42,36.95,50,94650
20231228,13:10:25,37.55,50,94800
20231228,13:10:34,37.7,100,94800
20231228,13:11:15,37.75,100,94800
20231228,13:11:30,37.5,50,94800
20231228,13:12:19,37.65,100,94800
20231228,13:12:54,38.05,550,95000
20231228,13:13:03,38.1,150,95000
20231228,13:14:17,38.2,50,95000
20231228,13:14:26,38.1,800,95000
20231228,13:14:44,38.25,100,95000
20231228,13:14:54,37.95,50,95000
20231228,13:15:02,37.95,50,95000
20231228,13:18:10,37.15,50,94900
20231228,13:18:19,37.05,300,94900
20231228,13:19:02,37.2,50,95200
20231228,13:19:10,37.3,150,95200
20231228,13:19:43,37.35,50,95200
20231228,13:19:52,37.5,200,95200
20231228,13:20:25,37.5,100,95200
20231228,13:20:32,37.5,100,95200
20231228,13:20:48,37.35,550,95200
20231228,13:22:08,37.8,750,95250
20231228,13:22:47,37.85,150,95250
20231228,13:22:55,37.85,50,95250
20231228,13:23:59,37.85,1900,95250
20231228,13:24:34,37.65,250,95250
20231228,13:26:15,38.15,50,97500
20231228,13:26:23,38.15,200,97500
20231228,13:26:31,38.15,800,97500
20231228,13:27:30,37.4,750,97500
20231228,13:27:39,37.1,350,98250
20231228,13:27:48,37.4,500,98250
20231228,13:28:08,36.5,1100,98250
20231228,13:28:19,36.65,150,98250
20231228,13:28:28,36.25,250,98250
20231228,13:29:05,36.5,300,98250
20231228,13:30:28,36.65,1100,98250
20231228,13:30:46,36.7,50,100250
20231228,13:31:15,37.05,400,100250
20231228,13:31:23,36.45,1850,100250
20231228,13:31:31,36.6,250,100250
20231228,13:32:05,36.25,350,100250
20231228,13:33:21,35.85,200,100250
20231228,13:33:29,36.0,350,100250
20231228,13:33:56,35.75,50,101450
20231228,13:34:22,35.55,500,101450
20231228,13:34:39,35.65,250,101450
20231228,13:35:38,35.25,50,101450
20231228,13:35:46,35.4,50,101450
20231228,13:35:55,35.0,100,101450
20231228,13:36:03,35.1,250,101450
20231228,13:36:28,35.1,100,101450
20231228,13:36:45,35.0,650,102400
20231228,13:36:55,34.9,100,102400
20231228,13:37:04,35.05,150,102400
20231228,13:37:38,35.0,400,102400
20231228,13:37:55,35.55,250,102400
20231228,13:38:12,35.5,250,102400
20231228,13:38:20,35.3,150,102400
20231228,13:38:28,35.55,350,102400
20231228,13:39:03,35.15,50,102400
20231228,13:39:44,35.25,100,103750
20231228,13:39:52,35.1,1400,103750
20231228,13:40:00,34.95,500,103750
20231228,13:40:08,35.3,50,103750
20231228,13:40:16,35.35,50,103750
20231228,13:42:02,35.4,150,103750
20231228,13:42:53,35.3,200,104000
20231228,13:43:27,35.2,100,104000
20231228,13:43:35,35.3,50,104000
20231228,13:44:17,35.35,250,104000
20231228,13:45:04,35.4,250,104000
20231228,13:45:54,35.1,100,104750
20231228,13:46:30,35.5,100,104750
20231228,13:50:12,35.95,50,104200
20231228,13:50:21,35.8,50,104200
20231228,13:52:40,35.95,200,104250
20231228,13:52:48,35.95,400,104250
20231228,13:52:56,36.1,150,104250
20231228,13:53:27,36.35,50,104250
20231228,13:54:13,36.5,50,104250
20231228,13:54:53,36.9,400,104500
20231228,13:55:10,36.55,50,104500
20231228,13:55:27,36.8,500,104500
20231228,13:57:54,36.15,400,104700
20231228,13:58:02,36.3,100,104700
20231228,13:58:35,36.2,200,104700
20231228,13:58:51,36.0,50,104700
20231228,13:58:59,36.2,400,104700
20231228,13:59:57,36.4,650,104700
20231228,14:00:06,36.45,200,104700
20231228,14:00:15,36.15,150,104700
20231228,14:00:24,36.15,100,104700
20231228,14:00:33,36.1,100,104700
20231228,14:00:42,36.15,50,105100
20231228,14:00:58,36.2,400,105100
20231228,14:01:24,36.2,50,105100
20231228,14:01:33,36.2,50,105100
20231228,14:01:58,36.4,50,105100
20231228,14:02:07,36.4,200,105100
20231228,14:02:23,36.4,50,105100
20231228,14:04:13,37.75,100,105050
20231228,14:04:22,37.85,450,105050
20231228,14:04:58,37.85,50,105050
20231228,14:05:07,37.75,50,105050
20231228,14:06:55,37.1,150,104650
20231228,14:09:06,37.55,200,104650
20231228,14:10:08,37.25,250,104900
20231228,14:10:50,36.55,600,104900
20231228,14:10:59,36.45,150,104900
20231228,14:11:08,36.3,100,104900
20231228,14:11:16,36.25,300,104900
20231228,14:11:25,36.3,200,104900
20231228,14:11:50,36.3,50,104900
20231228,14:11:58,36.15,100,104900
20231228,14:13:21,36.35,100,106450
20231228,14:13:29,36.1,200,106450
20231228,14:13:54,36.25,100,106450
20231228,14:15:47,36.0,50,106300
20231228,14:16:19,36.0,150,106300
20231228,14:16:35,35.7,100,106300
20231228,14:17:17,35.9,100,106300
20231228,14:17:25,35.9,150,106300
20231228,14:18:25,35.0,450,106300
20231228,14:19:00,35.0,50,106300
20231228,14:20:22,34.8,250,106650
20231228,14:20:31,35.0,150,106650
20231228,14:20:39,35.0,50,106650
20231228,14:20:56,34.95,200,106650
20231228,14:21:30,35.5,50,106650
20231228,14:21:38,35.5,700,106650
20231228,14:22:02,35.75,100,107400
20231228,14:22:44,36.3,50,107400
20231228,14:23:25,36.45,50,107400
20231228,14:23:41,36.7,200,107400
20231228,14:24:29,36.5,50,107400
20231228,14:25:51,36.65,50,107700
20231228,14:26:23,36.6,100,107700
20231228,14:26:31,36.7,500,107700
20231228,14:29:05,37.0,50,108500
20231228,14:29:30,36.8,200,108500
20231228,14:29:39,36.85,50,108500
20231228,14:29:47,36.65,1600,108500
20231228,14:29:56,36.5,100,108500
20231228,14:30:22,36.1,150,108500
20231228,14:30:31,36.2,150,108500
20231228,14:30:39,36.55,1000,108500
20231228,14:31:36,36.15,200,109600
20231228,14:32:02,36.55,400,109600
20231228,14:32:11,36.55,50,109600
20231228,14:33:00,36.5,150,109600
20231228,14:33:34,36.2,50,109600
20231228,14:33:50,36.0,1000,109000
20231228,14:34:58,36.65,700,109000
20231228,14:35:06,36.5,750,109000
20231228,14:35:48,36.4,550,109000
20231228,14:35:56,36.2,300,109000
20231228,14:36:30,36.45,500,109000
20231228,14:37:28,36.3,150,110400
20231228,14:38:53,35.6,100,110400
20231228,14:39:01,35.6,2000,110400
20231228,14:39:10,35.85,100,110400
20231228,14:39:18,35.9,100,110400
20231228,14:40:27,34.95,400,112450
20231228,14:40:35,34.9,150,112450
20231228,14:40:44,34.85,100,112450
20231228,14:41:01,34.75,150,112450
20231228,14:41:26,34.5,50,112450
20231228,14:41:35,34.5,50,112450
20231228,14:41:52,34.75,50,112450
20231228,14:42:16,34.75,50,112450
20231228,14:42:33,34.9,50,112450
20231228,14:42:41,34.9,50,112450
20231228,14:42:50,34.95,400,113050
20231228,14:43:07,34.8,100,113050
20231228,14:43:31,34.8,150,113050
20231228,14:43:49,34.8,50,113050
20231228,14:44:23,34.6,100,113050
20231228,14:45:13,34.65,100,113050
20231228,14:45:45,34.5,200,113350
20231228,14:46:10,34.45,50,113350
20231228,14:46:18,34.45,50,113350
20231228,14:46:27,34.35,300,113350
20231228,14:46:35,34.35,700,113350
20231228,14:46:43,34.25,850,113350
20231228,14:47:10,34.2,100,113350
20231228,14:47:26,33.85,550,113350
20231228,14:47:35,34.25,150,113350
20231228,14:47:51,33.95,100,113350
20231228,14:48:00,34.1,100,113350
20231228,14:48:08,33.95,150,113350
20231228,14:48:27,33.55,250,113350
20231228,14:48:37,33.5,350,113350
20231228,14:48:59,32.6,200,115800
20231228,14:49:09,32.45,5050,115800
20231228,14:49:20,32.5,650,115800
20231228,14:49:40,32.7,100,115800
20231228,14:49:48,32.75,50,115800
20231228,14:49:58,32.7,50,115800
20231228,14:50:16,32.85,350,115800
20231228,14:50:24,32.75,50,115800
20231228,14:51:08,32.5,450,115800
20231228,14:51:35,32.65,300,115800
20231228,14:51:52,32.65,200,121550
20231228,14:52:32,32.7,200,121550
20231228,14:53:06,32.5,300,121550
20231228,14:53:14,32.55,150,121550
20231228,14:53:48,32.25,150,121550
20231228,14:53:56,32.25,250,121550
20231228,14:54:39,32.4,450,121550
20231228,14:54:56,32.55,250,121850
20231228,14:55:04,32.5,350,121850
20231228,14:55:12,32.35,100,121850
20231228,14:55:22,32.95,200,121850
20231228,14:55:32,32.95,100,121850
20231228,14:55:58,33.15,50,121850
20231228,14:56:59,33.4,200,121850
20231228,14:57:26,33.3,300,121850
20231228,14:57:36,33.1,200,121850
20231228,14:57:45,33.4,50,121850
20231228,14:58:03,33.2,50,122250
20231228,14:58:22,33.45,50,122250
20231228,14:58:58,33.4,300,122250
20231228,14:59:15,33.55,7250,122250
20231228,14:59:24,33.5,900,122250
20231228,14:59:32,33.45,3000,122250
20231228,15:00:07,33.95,150,122250
20231228,15:00:16,34.25,300,122250
20231228,15:00:26,34.3,950,122250
20231228,15:00:35,34.3,550,122250
20231228,15:00:54,33.8,500,118750
20231228,15:01:04,33.65,250,118750
20231228,15:01:14,33.9,350,118750
20231228,15:01:23,34.05,200,118750
20231228,15:01:32,33.5,400,118750
20231228,15:01:41,34.05,500,118750
20231228,15:01:51,33.75,150,118750
20231228,15:02:01,33.1,900,118750
20231228,15:02:11,33.55,300,118750
20231228,15:02:20,33.85,3300,118750
20231228,15:02:30,33.55,200,118750
20231228,15:02:39,33.8,100,118750
20231228,15:02:47,33.95,50,118750
20231228,15:02:56,33.85,450,118750
20231228,15:03:04,33.65,200,118750
20231228,15:03:13,33.5,150,118750
20231228,15:03:47,33.5,100,118750
20231228,15:04:05,33.85,50,117450
20231228,15:04:15,33.65,300,117450
20231228,15:04:24,33.85,250,117450
20231228,15:04:41,33.75,750,117450
20231228,15:04:50,33.8,250,117450
20231228,15:05:17,33.75,850,117450
20231228,15:05:28,33.75,300,117450
20231228,15:05:39,34.0,150,117450
20231228,15:05:49,34.15,50,117450
20231228,15:05:58,34.05,50,117450
20231228,15:06:17,34.05,550,117450
20231228,15:06:26,33.75,200,117450
20231228,15:07:01,33.85,100,116250
20231228,15:07:55,33.75,50,116250
20231228,15:08:04,33.65,100,116250
20231228,15:08:23,33.75,50,116250
20231228,15:08:42,33.55,100,116250
20231228,15:08:51,33.55,500,116250
20231228,15:09:00,33.0,11050,116250
20231228,15:09:20,33.0,3900,116250
20231228,15:09:30,32.75,4700,116250
20231228,15:09:39,32.7,1100,116250
20231228,15:09:48,32.5,2100,116250
20231228,15:09:59,32.1,150,132150
20231228,15:10:09,32.0,200,132150
20231228,15:10:20,31.75,1350,132150
20231228,15:10:29,31.5,2450,132150
20231228,15:10:38,31.45,1650,132150
20231228,15:10:47,31.45,200,132150
20231228,15:10:55,31.0,5800,132150
20231228,15:11:04,31.1,300,132150
20231228,15:11:13,31.3,1450,132150
20231228,15:11:22,31.1,400,132150
20231228,15:11:40,30.8,350,132150
20231228,15:11:49,30.8,400,132150
20231228,15:11:57,30.75,2550,132150
20231228,15:12:06,30.8,100,132150
20231228,15:12:15,30.7,400,132150
20231228,15:12:24,30.45,750,132150
20231228,15:12:33,30.45,50,132150
20231228,15:12:42,30.3,50,132150
20231228,15:12:51,30.2,100,132150
20231228,15:12:59,30.2,50,143400
20231228,15:13:08,30.05,900,143400
20231228,15:13:17,29.95,350,143400
20231228,15:13:26,29.8,100,143400
20231228,15:13:36,29.65,100,143400
20231228,15:13:45,29.6,500,143400
20231228,15:14:02,29.6,100,143400
20231228,15:14:11,29.6,250,143400
20231228,15:14:23,29.55,50,143400
20231228,15:14:32,29.55,150,143400
20231228,15:14:42,29.55,150,143400
20231228,15:14:51,29.6,550,143400
20231228,15:15:00,29.8,200,143400
20231228,15:15:09,30.0,200,143400
20231228,15:15:18,30.35,50,143400
20231228,15:15:28,30.35,200,143400
20231228,15:15:37,30.25,300,143400
20231228,15:15:47,30.05,250,143400
20231228,15:15:56,30.1,200,143950
20231228,15:16:05,30.1,400,143950
20231228,15:16:14,30.05,150,143950
20231228,15:16:23,30.1,200,143950
20231228,15:16:52,30.15,50,143950
20231228,15:17:04,30.1,500,143950
20231228,15:17:14,30.1,100,143950
20231228,15:17:23,30.1,50,143950
20231228,15:17:33,29.9,150,143950
20231228,15:17:42,29.8,350,143950
20231228,15:18:00,30.1,200,143950
20231228,15:18:09,29.95,450,143950
20231228,15:18:39,29.8,250,143950
20231228,15:19:07,30.05,950,145300
20231228,15:19:28,30.15,250,145300
20231228,15:20:05,30.15,1000,145300
20231228,15:20:27,30.15,50,145300
20231228,15:20:38,30.1,200,145300
20231228,15:20:46,30.15,150,145300
20231228,15:20:55,30.1,750,145300
20231228,15:21:03,29.85,1500,145300
20231228,15:21:11,29.75,1050,145300
20231228,15:21:22,29.75,850,145300
20231228,15:21:43,29.4,2000,145300
20231228,15:21:53,29.55,150,145300
20231228,15:22:03,29.65,1000,147650
20231228,15:22:13,29.65,50,147650
20231228,15:22:36,29.55,150,147650
20231228,15:22:47,29.55,50,147650
20231228,15:22:59,29.35,50,147650
20231228,15:23:09,29.35,100,147650
20231228,15:23:56,29.5,300,147650
20231228,15:24:18,29.2,150,147650
20231228,15:24:29,29.0,1900,147650
20231228,15:24:39,29.3,100,147650
20231228,15:24:51,29.15,250,147900
20231228,15:25:02,30.1,1050,147900
20231228,15:25:13,30.25,200,147900
20231228,15:25:25,30.0,500,147900
20231228,15:25:44,29.95,500,147900
20231228,15:26:03,29.25,1500,147900
20231228,15:26:14,28.6,5350,147900
20231228,15:26:24,29.55,4950,147900
20231228,15:26:34,28.25,6700,147900
20231228,15:26:45,28.0,3800,147900
20231228,15:27:05,29.35,100,147900
20231228,15:27:16,29.3,400,147900
20231228,15:27:27,29.1,1800,147900
20231228,15:27:39,28.2,6500,147900
20231228,15:27:51,29.05,1250,147900
20231228,15:28:01,28.9,400,166150
20231228,15:28:10,28.55,800,166150
20231228,15:28:39,28.65,100,166150
20231228,15:28:49,28.95,150,166150
20231228,15:28:59,28.95,150,166150
20231228,15:29:09,28.95,100,166150
20231228,15:29:29,29.1,50,166150
20231228,15:29:38,29.1,100,166150
20231228,15:29:46,29.4,150,166150
20231229,09:15:08,33.0,1,166750
20231229,09:15:08,40.1,1,166750
20231229,09:15:08,29.5,1,166750
20231229,09:15:08,29.75,700,166750
20231229,09:15:15,27.05,100,166750
20231229,09:15:21,27.35,350,166750
20231229,09:15:26,26.8,1000,166750
20231229,09:15:31,26.35,450,166750
20231229,09:15:45,26.35,200,166750
20231229,09:15:54,27.25,1750,166750
20231229,09:16:04,27.0,100,166750
20231229,09:16:19,27.05,50,166750
20231229,09:16:24,27.4,100,166750
20231229,09:16:40,27.2,450,166750
20231229,09:16:46,27.0,50,166750
20231229,09:16:51,27.2,50,166750
20231229,09:16:57,27.0,650,166750
20231229,09:17:06,27.15,700,166750
20231229,09:17:11,26.75,200,167800
20231229,09:17:16,26.85,100,167800
20231229,09:17:22,26.65,1250,167800
20231229,09:17:32,26.6,500,167800
20231229,09:17:37,26.6,50,167800
20231229,09:17:42,26.6,100,167800
20231229,09:17:46,26.6,900,167800
20231229,09:17:52,26.6,450,167800
20231229,09:17:59,26.35,300,167800
20231229,09:18:07,26.35,100,167800
20231229,09:18:15,26.35,50,167800
20231229,09:18:37,25.8,1000,167800
20231229,09:18:45,25.8,900,167800
20231229,09:18:59,26.05,50,167800
20231229,09:19:06,25.9,500,167800
20231229,09:19:13,26.0,50,167800
20231229,09:19:20,26.2,350,167800
20231229,09:19:27,26.15,200,167800
20231229,09:19:33,26.15,100,167800
20231229,09:19:40,26.15,100,167800
20231229,09:19:54,26.0,350,167800
20231229,09:20:01,26.0,250,167800
20231229,09:20:15,25.95,300,170650
20231229,09:20:21,26.1,100,170650
20231229,09:20:57,27.0,450,170650
20231229,09:21:04,26.75,250,170650
20231229,09:21:18,27.1,150,170650
20231229,09:21:31,26.8,800,170650
20231229,09:21:38,26.9,100,170650
20231229,09:21:45,26.25,300,170650
20231229,09:21:52,25.75,1200,170650
20231229,09:21:59,25.75,450,170650
20231229,09:22:08,25.95,750,170650
20231229,09:22:17,25.9,500,170650
20231229,09:22:26,25.9,50,170650
20231229,09:22:33,25.75,50,170650
20231229,09:23:00,25.9,250,170650
20231229,09:23:14,25.85,350,172150
20231229,09:23:35,26.0,50,172150
20231229,09:23:42,26.0,100,172150
20231229,09:23:56,26.25,50,172150
20231229,09:24:03,26.3,200,172150
20231229,09:24:11,26.4,100,172150
20231229,09:24:33,26.4,50,172150
20231229,09:24:40,26.4,50,172150
20231229,09:24:47,26.3,50,172150
20231229,09:25:09,26.25,650,172150
20231229,09:25:37,26.6,200,172150
20231229,09:26:06,26.4,500,172150
20231229,09:26:13,26.6,50,172150
20231229,09:26:20,26.55,350,172800
20231229,09:26:28,26.5,150,172800
20231229,09:26:42,26.7,550,172800
20231229,09:26:49,26.7,100,172800
20231229,09:26:57,26.85,350,172800
20231229,09:27:05,26.9,750,172800
20231229,09:27:13,26.95,1100,172800
20231229,09:27:20,26.9,400,172800
20231229,09:27:27,26.95,200,172800
20231229,09:27:35,27.15,1650,172800
20231229,09:27:43,27.25,950,172800
20231229,09:27:50,27.15,250,172800
20231229,09:27:58,27.45,350,172800
20231229,09:28:05,27.3,850,172800
20231229,09:28:13,27.5,300,172800
20231229,09:28:21,27.35,400,172800
20231229,09:28:36,27.25,100,172800
20231229,09:28:43,27.25,100,172800
20231229,09:28:51,27.4,550,172800
20231229,09:28:58,27.6,50,172800
20231229,09:29:05,27.3,100,172800
20231229,09:29:19,27.6,150,171200
20231229,09:29:27,27.6,350,171200
20231229,09:29:34,27.6,100,171200
20231229,09:29:41,27.6,1250,171200
20231229,09:29:48,27.7,500,171200
20231229,09:29:56,27.55,450,171200
20231229,09:30:03,27.6,550,171200
20231229,09:30:11,27.55,50,171200
20231229,09:30:18,27.7,300,171200
20231229,09:30:40,28.05,150,171200
20231229,09:30:55,27.85,350,171200
20231229,09:31:03,27.7,100,171200
20231229,09:31:25,27.7,150,171200
20231229,09:31:33,27.45,50,171200
20231229,09:31:41,27.45,250,171200
20231229,09:32:31,27.3,500,172200
20231229,09:32:46,27.1,150,172200
20231229,09:33:09,27.3,50,172200
20231229,09:33:18,27.3,200,172200
20231229,09:33:26,27.25,100,172200
20231229,09:33:41,26.9,900,172200
20231229,09:33:48,27.0,1750,172200
20231229,09:33:56,27.0,400,172200
20231229,09:34:04,27.2,1100,172200
20231229,09:34:29,27.25,100,172200
20231229,09:34:37,27.5,300,172200
20231229,09:35:03,27.6,700,172200
20231229,09:35:10,27.6,350,172200
20231229,09:35:19,27.8,50,174300
20231229,09:35:49,28.15,200,174300
20231229,09:35:57,27.8,150,174300
20231229,09:36:04,27.8,350,174300
20231229,09:36:12,27.7,100,174300
20231229,09:36:27,28.3,50,174300
20231229,09:36:56,28.15,50,174300
20231229,09:37:11,27.9,300,174300
20231229,09:37:18,28.05,50,174300
20231229,09:37:33,27.9,50,174300
20231229,09:38:10,27.65,250,174300
20231229,09:38:47,27.6,200,173900
20231229,09:39:02,27.3,200,173900
20231229,09:39:23,27.2,200,173900
20231229,09:39:38,27.1,500,173900
20231229,09:39:46,27.05,50,173900
20231229,09:39:54,27.0,50,173900
20231229,09:40:08,26.9,400,173900
20231229,09:40:16,26.6,2250,173900
20231229,09:40:24,26.7,250,173900
20231229,09:40:32,26.8,500,173900
20231229,09:40:53,26.55,200,173900
20231229,09:41:01,26.8,100,173900
20231229,09:41:15,26.95,50,175950
20231229,09:41:30,27.0,100,175950
20231229,09:41:38,26.75,150,175950
20231229,09:41:45,26.8,50,175950
20231229,09:42:00,26.55,2500,175950
20231229,09:42:08,26.75,50,175950
20231229,09:42:25,26.9,1050,175950
20231229,09:42:39,27.0,50,175950
20231229,09:42:53,27.25,50,175950
20231229,09:43:01,27.5,350,175950
20231229,09:43:09,27.4,50,175950
20231229,09:43:24,27.45,50,175950
20231229,09:43:31,27.25,150,175950
20231229,09:43:39,26.95,50,175950
20231229,09:43:54,27.15,600,175950
20231229,09:44:01,27.05,50,175950
20231229,09:44:09,27.05,600,175950
20231229,09:44:29,27.0,250,177750
20231229,09:44:44,27.15,550,177750
20231229,09:45:05,26.9,1050,177750
20231229,09:45:46,27.0,400,177750
20231229,09:46:21,27.0,1400,177750
20231229,09:46:42,26.85,600,177750
20231229,09:46:49,26.85,250,177750
20231229,09:47:17,26.8,300,180050
20231229,09:47:38,26.9,1150,180050
20231229,09:47:45,26.8,50,180050
20231229,09:48:05,26.7,1500,180050
20231229,09:48:11,26.85,600,180050
20231229,09:48:18,26.95,50,180050
20231229,09:48:26,27.1,900,180050
20231229,09:48:39,27.25,200,180050
20231229,09:48:46,27.4,200,180050
20231229,09:48:53,27.35,50,180050
20231229,09:49:00,27.35,250,180050
20231229,09:49:08,27.3,50,180050
20231229,09:49:15,27.35,150,180050
20231229,09:49:22,27.4,1800,180050
20231229,09:49:30,27.5,300,180050
20231229,09:50:12,27.3,300,180050
20231229,09:50:25,27.1,500,181250
20231229,09:50:40,27.25,100,181250
20231229,09:50:47,27.2,100,181250
20231229,09:51:01,27.1,100,181250
20231229,09:51:22,27.0,550,181250
20231229,09:51:29,27.15,450,181250
20231229,09:51:50,27.4,200,181250
20231229,09:51:57,27.4,150,181250
20231229,09:52:19,27.25,50,181250
20231229,09:52:26,27.2,800,181250
20231229,09:52:33,27.3,300,181250
20231229,09:52:47,27.2,100,181250
20231229,09:52:54,27.15,1050,181250
20231229,09:53:01,27.2,100,181250
20231229,09:53:09,27.1,500,181250
20231229,09:53:16,27.15,1550,181850
20231229,09:53:24,26.95,400,181850
20231229,09:53:31,27.0,150,181850
20231229,09:54:15,27.0,50,181850
20231229,09:54:54,27.2,200,181850
20231229,09:55:01,27.0,100,181850
20231229,09:55:09,26.85,100,181850
20231229,09:55:23,26.85,100,181850
20231229,09:55:44,26.7,650,181850
20231229,09:55:59,26.4,750,181850
20231229,09:56:07,26.55,1050,181850
20231229,09:56:21,26.55,50,183700
20231229,09:56:59,26.85,50,183700
20231229,09:57:22,26.7,50,183700
20231229,09:58:45,26.4,300,183700
20231229,09:59:31,26.1,750,183550
20231229,09:59:38,25.9,100,183550
20231229,09:59:46,25.65,150,183550
20231229,09:59:54,25.55,2050,183550
20231229,10:00:02,25.75,500,183550
20231229,10:00:10,25.7,100,183550
20231229,10:00:27,25.95,50,183550
20231229,10:00:59,25.65,200,183550
20231229,10:01:07,25.55,450,183550
20231229,10:01:14,25.7,650,183550
20231229,10:01:21,25.9,700,183550
20231229,10:01:29,25.75,50,183550
20231229,10:01:36,25.9,650,183550
20231229,10:01:43,25.9,50,183550
20231229,10:01:51,25.8,50,183550
20231229,10:01:58,25.75,100,183550
20231229,10:02:06,25.8,600,183550
20231229,10:02:13,25.95,100,183550
20231229,10:03:03,26.15,50,185500
20231229,10:03:33,26.25,400,185500
20231229,10:03:39,26.3,50,185500
20231229,10:04:09,26.7,50,185500
20231229,10:04:17,26.6,100,185500
20231229,10:04:31,26.55,50,185500
20231229,10:04:38,26.45,50,185500
20231229,10:05:06,26.25,600,185500
20231229,10:05:28,26.05,50,184600
20231229,10:05:57,26.3,250,184600
20231229,10:06:17,26.45,150,184600
20231229,10:06:25,26.35,300,184600
20231229,10:07:46,25.4,200,184600
20231229,10:07:55,25.25,200,184600
20231229,10:08:05,25.05,350,184600
20231229,10:08:41,24.6,700,184800
20231229,10:08:50,24.5,1200,184800
20231229,10:08:58,24.5,50,184800
20231229,10:09:06,24.3,150,184800
20231229,10:09:14,24.3,450,184800
20231229,10:09:22,24.35,50,184800
20231229,10:09:44,24.15,400,184800
20231229,10:09:51,24.0,200,184800
20231229,10:09:59,23.75,850,184800
20231229,10:10:08,23.6,100,184800
20231229,10:10:16,23.5,100,184800
20231229,10:10:50,23.5,500,184800
20231229,10:11:14,23.5,150,184800
20231229,10:11:23,23.35,50,183250
20231229,10:11:31,23.35,400,183250
20231229,10:11:47,23.65,50,183250
20231229,10:11:54,23.6,50,183250
20231229,10:12:24,23.35,250,183250
20231229,10:13:03,23.5,100,183250
20231229,10:14:18,23.1,500,183250
20231229,10:14:25,23.1,100,182950
20231229,10:14:43,22.6,150,182950
20231229,10:14:53,22.4,350,182950
20231229,10:15:03,22.3,900,182950
20231229,10:15:22,22.4,400,182950
20231229,10:15:38,22.5,100,182950
20231229,10:16:10,22.6,50,182950
20231229,10:16:18,22.65,50,182950
20231229,10:16:42,22.85,450,182950
20231229,10:16:57,22.8,50,182950
20231229,10:19:02,22.95,150,182900
20231229,10:19:10,22.9,50,182900
20231229,10:19:42,23.2,300,182900
20231229,10:19:50,23.25,650,182900
20231229,10:19:58,23.05,50,182900
20231229,10:20:15,23.3,900,182900
20231229,10:20:31,23.2,600,181800
20231229,10:20:39,23.2,100,181800
20231229,10:20:47,23.15,350,181800
20231229,10:20:55,23.25,100,181800
20231229,10:21:02,23.2,500,181800
20231229,10:21:25,23.35,50,181800
20231229,10:21:33,23.35,100,181800
20231229,10:21:49,23.45,50,181800
20231229,10:22:43,23.4,450,181800
20231229,10:22:58,23.4,100,181800
20231229,10:23:12,23.3,100,181800
20231229,10:23:34,23.4,450,182150
20231229,10:24:20,23.8,300,182150
20231229,10:24:36,23.55,250,182150
20231229,10:25:00,24.1,50,182150
20231229,10:25:08,24.1,50,182150
20231229,10:25:52,24.0,100,182150
20231229,10:25:59,23.95,50,182150
20231229,10:27:21,23.95,50,181550
20231229,10:27:44,23.95,50,181550
20231229,10:28:18,23.85,50,181550
20231229,10:28:33,23.75,100,181550
20231229,10:28:54,23.6,200,181550
20231229,10:29:02,23.4,200,181550
20231229,10:29:17,23.65,50,181550
20231229,10:30:35,23.55,700,180950
20231229,10:30:43,23.4,250,180950
20231229,10:30:51,23.3,100,180950
20231229,10:30:59,23.5,150,180950
20231229,10:31:14,23.55,100,180950
20231229,10:31:37,23.4,250,180950
20231229,10:31:52,23.35,50,180950
20231229,10:32:22,23.45,200,180700
20231229,10:32:38,23.7,350,180700
20231229,10:32:46,23.5,200,180700
20231229,10:33:01,23.5,450,180700
20231229,10:33:09,23.6,50,180700
20231229,10:33:17,23.6,100,180700
20231229,10:33:55,23.6,50,180700
20231229,10:34:10,23.65,100,180700
20231229,10:34:24,23.7,600,180700
20231229,10:34:38,23.75,100,180700
20231229,10:34:52,23.8,100,180700
20231229,10:34:59,23.8,200,180700
20231229,10:35:07,23.7,600,180700
20231229,10:35:22,23.85,100,180700
20231229,10:35:36,23.85,100,179750
20231229,10:35:58,23.7,150,179750
20231229,10:36:33,23.7,100,179750
20231229,10:36:48,23.8,50,179750
20231229,10:36:55,24.0,650,179750
20231229,10:37:03,24.15,100,179750
20231229,10:37:11,24.2,100,179750
20231229,10:38:38,23.9,150,180150
20231229,10:38:46,23.9,50,180150
20231229,10:39:00,23.9,100,180150
20231229,10:39:15,23.95,200,180150
20231229,10:39:36,24.0,100,180150
20231229,10:39:43,24.15,250,180150
20231229,10:39:51,24.15,50,180150
20231229,10:40:05,24.1,50,180150
20231229,10:40:55,23.85,50,180150
20231229,10:41:02,23.8,300,180150
20231229,10:41:16,23.6,200,180150
20231229,10:41:25,23.7,200,179650
20231229,10:41:32,23.8,100,179650
20231229,10:41:40,23.75,100,179650
20231229,10:42:03,23.7,250,179650
20231229,10:42:18,23.8,50,179650
20231229,10:42:26,23.8,300,179650
20231229,10:42:33,23.9,100,179650
20231229,10:42:41,23.95,100,179650
20231229,10:42:48,23.95,100,179650
20231229,10:42:56,24.05,50,179650
20231229,10:43:19,24.0,100,179650
20231229,10:43:34,24.0,400,179650
20231229,10:43:41,24.0,950,179650
20231229,10:44:04,23.95,100,179650
20231229,10:44:18,24.0,100,179650
20231229,10:44:26,24.05,50,180250
20231229,10:44:41,23.9,50,180250
20231229,10:44:48,23.9,50,180250
20231229,10:44:56,23.9,350,180250
20231229,10:45:12,23.9,100,180250
20231229,10:45:20,23.9,100,180250
20231229,10:45:35,23.95,350,180250
20231229,10:45:50,24.1,50,180250
20231229,10:45:58,24.2,150,180250
20231229,10:46:21,24.3,50,180250
20231229,10:46:38,24.5,500,180250
20231229,10:46:47,24.65,5300,180250
20231229,10:46:56,24.7,550,180250
20231229,10:47:05,24.45,300,180250
20231229,10:47:13,24.35,750,180250
20231229,10:47:22,24.5,500,180250
20231229,10:47:30,24.65,300,182900
20231229,10:47:47,24.4,200,182900
20231229,10:47:55,24.5,150,182900
20231229,10:48:03,24.55,50,182900
20231229,10:48:18,24.55,250,182900
20231229,10:49:04,24.25,100,182900
20231229,10:49:21,23.95,1800,182900
20231229,10:49:29,24.15,400,182900
20231229,10:49:37,24.25,100,182900
20231229,10:49:53,24.2,450,182900
20231229,10:50:18,24.3,50,182900
20231229,10:50:35,24.0,400,183450
20231229,10:51:07,24.35,100,183450
20231229,10:51:54,24.0,400,183450
20231229,10:52:41,24.0,50,183450
20231229,10:52:57,24.1,100,183450
20231229,10:53:44,23.85,900,183950
20231229,10:54:01,24.0,900,183950
20231229,10:54:10,23.75,200,183950
20231229,10:54:29,23.5,950,183950
20231229,10:54:37,23.45,50,183950
20231229,10:54:55,23.6,3200,183950
20231229,10:55:03,23.5,150,183950
20231229,10:55:45,23.6,200,183950
20231229,10:56:09,23.5,50,183950
20231229,10:57:45,23.5,50,186750
20231229,10:57:53,23.5,100,186750
20231229,10:58:00,23.4,100,186750
20231229,10:58:08,23.4,100,186750
20231229,10:58:15,23.4,150,186750
20231229,10:58:23,23.35,150,186750
20231229,10:58:31,23.35,150,186750
20231229,10:58:39,23.4,100,186750
20231229,10:58:47,23.35,100,186750
20231229,10:58:55,23.45,50,186750
20231229,10:59:20,23.35,50,186750
20231229,10:59:44,23.2,250,187800
20231229,10:59:52,23.25,100,187800
20231229,11:00:00,23.35,100,187800
20231229,11:00:08,23.45,50,187800
20231229,11:00:24,23.35,50,187800
20231229,11:01:28,23.1,50,187800
20231229,11:04:07,23.4,50,187750
20231229,11:04:23,23.45,50,187750
20231229,11:04:47,23.45,200,187750
20231229,11:04:55,23.6,100,187750
20231229,11:05:03,23.55,300,187750
20231229,11:05:57,23.6,3000,187650
20231229,11:06:04,23.65,3000,187650
20231229,11:06:13,23.3,350,187650
20231229,11:06:37,23.45,700,187650
20231229,11:06:53,23.45,50,187650
20231229,11:07:08,23.45,50,187650
20231229,11:07:45,23.55,5000,187650
20231229,11:08:16,23.55,200,187650
20231229,11:08:54,23.45,50,192050
20231229,11:09:35,23.25,150,192050
20231229,11:09:43,23.25,150,192050
20231229,11:09:51,23.5,1500,192050
20231229,11:11:15,23.35,50,192050
20231229,11:13:25,23.4,550,192200
20231229,11:14:41,23.5,100,192250
20231229,11:14:49,23.5,100,192250
20231229,11:15:19,23.75,350,192250
20231229,11:15:36,23.7,100,192250
20231229,11:15:44,23.7,100,192250
20231229,11:16:00,23.75,800,192250
20231229,11:16:08,23.9,50,192250
20231229,11:16:24,24.0,1000,192250
20231229,11:17:05,24.4,500,192250
20231229,11:17:30,24.25,1300,193150
20231229,11:17:39,24.25,500,193150
20231229,11:17:48,24.15,600,193150
20231229,11:17:56,24.0,50,193150
20231229,11:18:04,23.9,1500,193150
20231229,11:19:18,24.3,200,193150
20231229,11:19:50,24.15,2850,193150
20231229,11:19:59,24.5,1500,193150
20231229,11:20:16,24.5,50,193150
20231229,11:20:49,24.4,250,193800
20231229,11:21:05,24.45,3000,193800
20231229,11:21:22,24.4,50,193800
20231229,11:21:30,24.3,650,193800
20231229,11:21:54,24.0,250,193800
20231229,11:22:02,24.15,150,193800
20231229,11:22:10,24.0,50,193800
20231229,11:23:20,24.0,50,193800
20231229,11:23:58,23.95,100,196400
20231229,11:24:21,24.0,450,196400
20231229,11:24:29,24.1,50,196400
20231229,11:24:38,24.35,200,196400
20231229,11:24:55,24.45,50,196400
20231229,11:25:11,24.45,150,196400
20231229,11:25:19,24.4,400,196400
20231229,11:25:35,24.4,50,196400
20231229,11:26:47,24.4,350,196250
20231229,11:27:03,24.45,100,196250
20231229,11:28:42,24.55,50,196250
20231229,11:29:07,24.4,650,196250
20231229,11:29:24,24.05,200,196250
20231229,11:29:32,24.15,400,196300
20231229,11:29:40,24.1,800,196300
20231229,11:30:11,24.1,100,196300
20231229,11:30:19,24.45,50,196300
20231229,11:30:35,24.3,150,196300
20231229,11:30:43,24.35,100,196300
20231229,11:31:05,24.45,50,196300
20231229,11:31:20,24.25,200,196300
20231229,11:31:42,24.45,50,196300
20231229,11:31:50,24.25,250,196300
20231229,11:32:13,24.45,550,196300
20231229,11:32:28,24.2,250,196300
20231229,11:33:15,24.1,50,196700
20231229,11:33:23,24.25,450,196700
20231229,11:33:30,24.2,250,196700
20231229,11:33:38,24.2,1250,196700
20231229,11:34:32,24.5,150,196700
20231229,11:34:52,24.85,350,196700
20231229,11:35:09,24.85,50,196700
20231229,11:35:18,24.9,200,196700
20231229,11:35:34,25.0,100,198450
20231229,11:35:58,25.25,300,198450
20231229,11:36:07,25.35,250,198450
20231229,11:37:13,24.85,100,198450
20231229,11:39:05,25.35,150,198300
20231229,11:39:20,25.35,100,198300
20231229,11:39:36,25.05,50,198300
20231229,11:40:01,25.1,200,198300
20231229,11:40:18,25.1,50,198300
20231229,11:40:43,25.0,100,198300
20231229,11:40:53,24.85,50,198300
20231229,11:41:03,24.85,50,198300
20231229,11:41:21,24.9,1000,198300
20231229,11:41:31,24.95,350,198200
20231229,11:41:40,25.15,50,198200
20231229,11:41:48,25.05,50,198200
20231229,11:41:56,25.1,50,198200
20231229,11:42:05,24.95,250,198200
20231229,11:42:52,24.9,100,198200
20231229,11:45:03,24.25,50,198500
20231229,11:45:20,24.4,100,198500
20231229,11:45:43,24.4,200,198500
20231229,11:45:51,24.4,500,198500
20231229,11:46:07,24.3,150,198500
20231229,11:46:23,24.25,200,198500
20231229,11:47:02,24.15,100,198500
20231229,11:47:17,24.15,200,198500
20231229,11:47:24,24.2,100,198500
20231229,11:47:32,24.2,100,198500
20231229,11:50:26,24.0,100,199400
20231229,11:50:48,24.0,50,199400
20231229,11:51:12,24.2,150,199400
20231229,11:51:27,24.2,50,199400
20231229,11:53:39,24.05,50,199400
20231229,11:56:29,24.3,50,199400
20231229,11:59:09,24.75,50,199400
20231229,12:01:18,24.55,50,199400
20231229,12:01:26,24.15,500,199400
20231229,12:01:42,24.15,600,199400
20231229,12:01:58,24.05,150,199400
20231229,12:02:05,24.1,100,199400
20231229,12:02:13,24.15,50,199400
20231229,12:02:51,23.9,300,199100
20231229,12:03:29,24.1,250,199100
20231229,12:03:45,24.4,50,199100
20231229,12:04:01,24.45,50,199100
20231229,12:05:19,24.2,500,199100
20231229,12:06:18,24.2,400,200100
20231229,12:07:49,24.3,900,200100
20231229,12:08:35,24.2,500,200500
20231229,12:09:29,24.45,300,200500
20231229,12:10:10,24.4,500,200500
20231229,12:16:40,24.4,200,201350
20231229,12:19:02,24.5,250,201550
20231229,12:19:18,24.5,650,201550
20231229,12:20:27,24.7,100,201550
20231229,12:22:15,24.75,50,202350
20231229,12:22:59,24.65,100,202350
20231229,12:23:07,24.65,50,202350
20231229,12:23:29,24.8,100,202350
20231229,12:25:03,24.95,50,202350
20231229,12:26:32,24.95,50,202350
20231229,12:26:40,24.8,150,202350
20231229,12:26:48,24.8,50,202350
20231229,12:28:11,24.55,50,202350
20231229,12:28:27,24.5,50,202350
20231229,12:29:41,24.3,50,202350
20231229,12:30:07,24.0,50,202350
20231229,12:30:16,23.85,800,202350
20231229,12:30:25,23.85,100,202350
20231229,12:30:33,23.85,50,202350
20231229,12:30:42,23.85,350,202350
20231229,12:30:50,23.65,600,202350
20231229,12:31:00,23.5,900,202350
20231229,12:31:18,23.65,300,202350
20231229,12:31:43,23.45,150,202350
20231229,12:32:24,23.75,50,202350
20231229,12:32:40,23.65,300,203050
20231229,12:35:09,23.95,100,203050
20231229,12:37:12,23.7,650,203250
20231229,12:37:35,23.8,500,203250
20231229,12:37:42,23.7,450,203250
20231229,12:39:13,23.45,250,203250
20231229,12:39:47,23.15,200,203250
20231229,12:39:56,23.2,50,203250
20231229,12:40:04,23.1,100,203250
20231229,12:40:13,23.25,100,203250
20231229,12:41:09,23.2,500,203250
20231229,12:41:25,23.15,50,203250
20231229,12:41:48,22.9,200,202950
20231229,12:41:56,22.8,50,202950
20231229,12:42:21,22.85,300,202950
20231229,12:42:47,23.0,150,202950
20231229,12:44:15,22.85,50,202950
20231229,12:44:24,22.8,100,202950
20231229,12:45:13,23.1,150,202750
20231229,12:45:21,23.1,100,202750
20231229,12:45:53,22.7,200,202750
20231229,12:46:25,22.8,50,202750
20231229,12:46:33,22.75,100,202750
20231229,12:51:34,22.3,100,202550
20231229,12:51:42,22.1,50,202550
20231229,12:52:35,22.1,100,202550
20231229,12:52:50,22.05,100,202550
20231229,12:53:30,22.05,50,202550
20231229,12:53:38,22.35,50,202550
20231229,12:54:01,22.3,50,202650
20231229,12:54:46,22.5,200,202650
20231229,12:55:01,22.5,150,202650
20231229,12:55:16,22.5,350,202650
20231229,12:56:25,22.5,50,202650
20231229,12:56:39,22.5,50,202650
20231229,12:57:10,22.4,850,201950
20231229,12:57:24,22.3,200,201950
20231229,12:58:32,22.5,300,201950
20231229,12:59:24,22.1,1500,201950
20231229,13:00:01,21.85,100,203300
20231229,13:00:17,21.85,1000,203300
20231229,13:00:49,22.0,1000,203300
20231229,13:01:21,22.1,50,203300
20231229,13:01:29,22.2,100,203300
20231229,13:02:00,22.15,250,203300
20231229,13:03:14,21.8,100,204150
20231229,13:03:39,21.8,100,204150
20231229,13:04:12,22.35,50,204150
20231229,13:04:20,22.1,250,204150
20231229,13:05:01,22.25,250,204150
20231229,13:05:26,22.25,100,204150
20231229,13:05:34,22.2,100,204150
20231229,13:05:57,22.25,200,204050
20231229,13:06:05,22.25,100,204050
20231229,13:08:26,22.3,50,204050
20231229,13:08:34,22.35,50,204050
20231229,13:09:19,22.5,50,204100
20231229,13:09:27,22.5,100,204100
20231229,13:09:58,22.1,450,204100
20231229,13:10:21,22.15,200,204100
20231229,13:10:44,22.1,250,204100
20231229,13:10:52,22.1,250,204100
20231229,13:11:16,22.0,400,204100
20231229,13:11:39,22.05,200,204100
20231229,13:12:49,22.3,100,204450
20231229,13:12:56,22.25,900,204450
20231229,13:13:12,22.3,200,204450
20231229,13:13:35,22.45,50,204450
20231229,13:13:42,22.55,50,204450
20231229,13:13:50,22.55,100,204450
20231229,13:15:17,22.75,100,204250
20231229,13:15:25,22.9,50,204250
20231229,13:15:41,22.85,50,204250
20231229,13:16:59,22.7,500,204250
20231229,13:17:39,22.95,500,204250
20231229,13:19:28,22.6,50,204350
20231229,13:20:21,22.2,50,204350
20231229,13:21:29,22.3,100,204400
20231229,13:22:13,22.5,50,204400
20231229,13:22:52,22.15,250,204400
20231229,13:23:00,22.15,250,204400
20231229,13:23:23,22.2,200,204400
20231229,13:23:37,22.2,1000,204400
20231229,13:24:30,22.3,350,205950
20231229,13:24:44,22.25,100,205950
20231229,13:24:59,22.3,200,205950
20231229,13:25:21,22.45,100,205950
20231229,13:25:29,22.5,450,205950
20231229,13:25:37,22.45,50,205950
20231229,13:26:45,22.25,50,205950
20231229,13:27:01,22.3,50,206200
20231229,13:27:57,22.15,400,206200
20231229,13:28:20,22.15,200,206200
20231229,13:30:04,21.7,50,206200
20231229,13:30:13,21.6,50,206200
20231229,13:30:47,21.6,500,206200
20231229,13:30:55,21.6,500,206200
20231229,13:31:12,21.5,100,206200
20231229,13:31:36,21.3,1000,206200
20231229,13:32:01,21.3,1100,206200
20231229,13:32:09,21.35,100,206200
20231229,13:34:50,21.3,400,206250
20231229,13:35:13,21.6,50,206250
20231229,13:35:29,21.5,100,206250
20231229,13:35:37,21.6,900,206250
20231229,13:36:20,21.85,1200,206650
20231229,13:36:28,21.85,50,206650
20231229,13:36:35,21.95,200,206650
20231229,13:36:57,21.7,50,206650
20231229,13:38:00,21.6,400,206650
20231229,13:39:10,21.65,500,206000
20231229,13:40:11,21.4,200,206000
20231229,13:40:54,21.55,300,206000
20231229,13:41:25,21.55,450,206000
20231229,13:41:42,21.4,200,206000
20231229,13:41:58,21.4,1500,204400
20231229,13:42:15,21.6,200,204400
20231229,13:42:30,21.55,150,204400
20231229,13:43:50,21.85,50,204400
20231229,13:44:56,21.95,550,203500
20231229,13:45:50,22.0,50,203500
20231229,13:46:05,22.2,200,203500
20231229,13:46:21,22.1,200,203500
20231229,13:46:53,22.3,400,203500
20231229,13:47:09,22.35,50,203500
20231229,13:47:49,21.95,50,203500
20231229,13:48:51,22.05,200,202600
20231229,13:50:01,22.4,50,202600
20231229,13:50:17,22.4,50,202600
20231229,13:50:49,22.35,600,202450
20231229,13:51:52,22.1,100,202450
20231229,13:52:07,22.3,200,202450
20231229,13:52:30,22.35,100,202450
20231229,13:52:46,22.5,50,202450
20231229,13:53:24,22.5,50,202450
20231229,13:53:31,22.5,150,202450
20231229,13:54:33,22.25,100,201850
20231229,13:54:40,22.1,50,201850
20231229,13:56:58,22.15,100,201850
20231229,13:57:37,22.15,200,201850
20231229,13:58:06,22.1,50,201850
20231229,13:59:05,22.0,200,201850
20231229,14:00:05,22.0,50,201600
20231229,14:00:13,22.05,200,201600
20231229,14:00:51,21.9,50,201600
20231229,14:00:58,21.9,100,201600
20231229,14:01:52,22.0,200,201600
20231229,14:02:22,21.9,200,201600
20231229,14:04:25,21.9,50,201350
20231229,14:05:20,22.0,100,201350
20231229,14:06:06,21.85,200,201250
20231229,14:07:31,21.6,50,201250
20231229,14:08:42,21.4,50,201250
20231229,14:09:29,20.95,50,201300
20231229,14:09:46,20.95,50,201300
20231229,14:09:54,20.9,300,201300
20231229,14:10:56,20.7,250,201300
20231229,14:12:39,20.65,50,201800
20231229,14:12:56,20.55,500,201800
20231229,14:13:54,20.3,50,201800
20231229,14:14:03,20.0,350,201800
20231229,14:14:13,20.0,150,201800
20231229,14:15:32,19.6,600,201200
20231229,14:16:06,19.6,250,201200
20231229,14:16:16,19.55,250,201200
20231229,14:17:17,19.5,600,201200
20231229,14:17:26,19.5,400,201200
20231229,14:17:42,19.4,300,201200
20231229,14:17:59,19.55,100,201450
20231229,14:18:07,19.35,200,201450
20231229,14:18:47,19.35,300,201450
20231229,14:19:21,19.1,1500,201450
20231229,14:20:10,18.95,350,201450
20231229,14:20:19,18.9,100,201450
20231229,14:20:36,18.9,500,201450
20231229,14:21:51,19.2,400,200800
20231229,14:22:49,19.0,100,200800
20231229,14:23:06,19.15,5450,200800
20231229,14:23:22,19.05,100,200800
20231229,14:23:31,19.2,250,200800
20231229,14:23:47,19.15,50,200800
20231229,14:23:56,19.05,100,205300
20231229,14:24:06,18.95,100,205300
20231229,14:24:31,18.9,350,205300
20231229,14:24:39,18.8,350,205300
20231229,14:24:48,18.7,350,205300
20231229,14:24:59,18.7,50,205300
20231229,14:25:08,18.7,150,205300
20231229,14:25:17,18.75,50,205300
20231229,14:25:26,18.65,50,205300
20231229,14:26:00,18.65,50,205300
20231229,14:26:09,18.75,400,205300
20231229,14:26:17,18.8,300,205300
20231229,14:26:25,18.7,750,205300
20231229,14:26:34,18.8,50,205300
20231229,14:26:42,18.9,250,205300
20231229,14:26:59,18.8,50,205300
20231229,14:27:56,18.9,50,204650
20231229,14:28:13,18.9,50,204650
20231229,14:28:30,18.85,50,204650
20231229,14:29:19,19.0,150,204650
20231229,14:30:23,19.05,250,203700
20231229,14:30:31,19.3,50,203700
20231229,14:30:48,19.15,100,203700
20231229,14:30:56,19.25,50,203700
20231229,14:31:12,19.4,50,203700
20231229,14:32:44,19.45,300,203700
20231229,14:32:52,19.5,150,203700
20231229,14:33:00,19.55,150,203750
20231229,14:33:08,19.7,350,203750
20231229,14:33:26,19.7,150,203750
20231229,14:33:34,19.7,150,203750
20231229,14:34:06,19.65,500,203750
20231229,14:34:45,20.0,150,203750
20231229,14:35:48,20.25,150,203750
20231229,14:36:05,20.55,50,204150
20231229,14:36:14,20.35,200,204150
20231229,14:36:22,20.4,50,204150
20231229,14:36:39,20.5,100,204150
20231229,14:36:47,20.55,100,204150
20231229,14:36:56,20.65,400,204150
20231229,14:37:05,21.0,850,204150
20231229,14:37:14,21.15,200,204150
20231229,14:37:23,21.3,50,204150
20231229,14:37:32,21.45,250,204150
20231229,14:37:41,21.4,50,204150
20231229,14:37:49,21.35,200,204150
20231229,14:38:15,21.25,50,204150
20231229,14:38:32,21.1,250,204150
20231229,14:38:39,21.0,250,204150
20231229,14:38:47,20.9,250,204150
20231229,14:38:56,20.9,250,204150
20231229,14:39:27,20.85,250,205300
20231229,14:39:43,20.65,300,205300
20231229,14:40:07,20.7,50,205300
20231229,14:40:23,20.75,200,205300
20231229,14:40:31,20.75,500,205300
20231229,14:41:12,21.0,250,205300
20231229,14:41:52,20.9,400,205300
20231229,14:42:00,20.9,300,205900
20231229,14:42:08,20.9,250,205900
20231229,14:42:23,20.95,50,205900
20231229,14:43:10,20.95,50,205900
20231229,14:44:04,20.7,150,205900
20231229,14:44:13,20.8,50,205900
20231229,14:44:20,20.8,200,205900
20231229,14:44:28,20.75,50,205900
20231229,14:44:44,20.7,150,205900
20231229,14:44:52,20.65,250,205900
20231229,14:45:00,20.7,250,206100
20231229,14:45:55,20.75,100,206100
20231229,14:46:03,20.8,50,206100
20231229,14:46:12,20.8,300,206100
20231229,14:46:20,20.8,50,206100
20231229,14:46:28,20.8,250,206100
20231229,14:46:51,20.75,50,206100
20231229,14:47:55,20.8,100,206100
20231229,14:48:03,20.8,100,205950
20231229,14:48:11,20.85,50,205950
20231229,14:48:59,20.85,100,205950
20231229,14:49:39,21.05,50,205950
20231229,14:49:48,20.8,100,205950
20231229,14:50:03,20.9,250,205950
20231229,14:50:27,20.8,50,205950
20231229,14:50:43,20.95,250,205950
20231229,14:50:51,20.85,100,205950
20231229,14:50:59,20.95,250,205750
20231229,14:51:15,20.9,250,205750
20231229,14:51:31,20.9,300,205750
20231229,14:52:40,21.55,50,205750
20231229,14:52:49,21.7,50,205750
20231229,14:52:57,21.75,50,205750
20231229,14:53:06,21.7,50,205750
20231229,14:53:14,22.0,100,205750
20231229,14:53:31,21.9,300,205750
20231229,14:53:48,21.7,50,205750
20231229,14:53:56,21.75,500,205750
20231229,14:54:21,21.9,50,205550
20231229,14:54:46,22.0,100,205550
20231229,14:55:12,22.2,150,205550
20231229,14:55:20,22.15,50,205550
20231229,14:55:38,22.6,250,205550
20231229,14:55:47,22.55,50,205550
20231229,14:55:55,22.6,150,205550
20231229,14:56:10,22.8,300,205550
20231229,14:56:19,22.65,50,205550
20231229,14:56:27,22.65,100,205550
20231229,14:56:50,22.7,50,205550
20231229,14:57:07,22.6,150,205850
20231229,14:57:30,22.6,300,205850
20231229,14:58:21,22.9,900,205850
20231229,14:59:05,22.9,250,205850
20231229,14:59:39,23.1,150,205850
20231229,15:00:03,23.0,250,205850
20231229,15:00:13,23.45,50,207000
20231229,15:00:22,23.6,1150,207000
20231229,15:00:32,23.0,450,207000
20231229,15:00:41,23.3,450,207000
20231229,15:02:01,23.95,250,207000
20231229,15:02:11,23.8,500,207000
20231229,15:02:30,22.8,450,207000
20231229,15:02:40,22.95,900,207000
20231229,15:02:49,22.95,50,207000
20231229,15:03:07,22.7,200,207600
20231229,15:03:16,23.0,50,207600
20231229,15:03:33,23.05,150,207600
20231229,15:03:59,23.3,100,207600
20231229,15:04:07,23.0,100,207600
20231229,15:04:56,23.0,500,207600
20231229,15:05:05,22.8,400,207600
20231229,15:05:13,22.8,50,207600
20231229,15:05:22,22.7,50,207600
20231229,15:05:30,22.8,250,207600
20231229,15:05:38,22.75,50,207600
20231229,15:05:47,22.6,150,207600
20231229,15:05:55,22.45,200,207600
20231229,15:06:04,22.55,400,207950
20231229,15:06:12,22.6,50,207950
20231229,15:06:22,22.1,400,207950
20231229,15:06:32,22.25,100,207950
20231229,15:06:41,22.25,50,207950
20231229,15:07:08,22.35,200,207950
20231229,15:07:17,22.4,450,207950
20231229,15:07:53,22.4,200,207950
20231229,15:08:19,22.7,50,207950
20231229,15:08:45,22.25,200,207950
20231229,15:08:54,22.45,250,207950
20231229,15:09:03,22.4,250,208650
20231229,15:09:12,22.15,150,208650
20231229,15:09:21,21.55,500,208650
20231229,15:09:31,21.55,50,208650
20231229,15:09:41,22.0,150,208650
20231229,15:09:49,21.85,400,208650
20231229,15:09:58,21.85,200,208650
20231229,15:10:15,22.05,50,208650
20231229,15:10:33,21.8,1000,208650
20231229,15:10:42,21.85,50,208650
20231229,15:10:50,22.05,200,208650
20231229,15:10:59,22.15,400,208650
20231229,15:11:15,22.2,50,208650
20231229,15:11:33,22.3,1100,208650
20231229,15:12:15,21.9,1050,210600
20231229,15:12:33,21.85,250,210600
20231229,15:12:42,21.55,500,210600
20231229,15:13:11,21.1,200,210600
20231229,15:13:20,21.35,550,210600
20231229,15:13:29,21.45,200,210600
20231229,15:13:56,21.4,50,210600
20231229,15:14:21,21.4,800,210600
20231229,15:14:30,21.45,900,210600
20231229,15:14:38,21.6,50,210600
20231229,15:15:04,21.5,100,210600
20231229,15:15:13,21.6,400,213100
20231229,15:15:22,21.6,100,213100
20231229,15:15:39,21.6,200,213100
20231229,15:15:48,21.75,50,213100
20231229,15:16:05,21.65,50,213100
20231229,15:16:14,21.7,600,213100
20231229,15:16:22,21.75,1200,213100
20231229,15:16:30,21.7,1000,213100
20231229,15:17:29,21.6,750,213100
20231229,15:17:45,21.6,350,213100
20231229,15:17:53,21.55,250,213100
20231229,15:18:02,21.55,150,213100
20231229,15:18:10,21.55,450,217800
20231229,15:18:19,21.7,650,217800
20231229,15:18:28,21.7,400,217800
20231229,15:19:09,21.5,50,217800
20231229,15:19:18,21.35,50,217800
20231229,15:19:26,21.35,700,217800
20231229,15:19:34,21.35,400,217800
20231229,15:19:43,21.4,200,217800
20231229,15:19:51,21.25,100,217800
20231229,15:19:59,21.3,100,217800
20231229,15:20:21,21.3,100,217800
20231229,15:20:40,21.25,800,217800
20231229,15:20:49,21.15,200,217800
20231229,15:20:58,21.1,500,217800
20231229,15:21:07,21.15,50,219050
20231229,15:21:24,21.3,450,219050
20231229,15:21:49,21.3,400,219050
20231229,15:22:30,21.5,150,219050
20231229,15:22:39,21.5,350,219050
20231229,15:22:47,21.45,100,219050
20231229,15:23:12,21.2,500,219050
20231229,15:23:37,21.2,50,219050
20231229,15:23:46,21.05,500,219050
20231229,15:23:54,21.05,250,219050
20231229,15:24:02,20.9,200,219050
20231229,15:24:11,20.8,500,218750
20231229,15:24:20,20.75,100,218750
20231229,15:24:29,20.8,500,218750
20231229,15:24:45,20.65,50,218750
20231229,15:25:03,20.55,50,218750
20231229,15:25:37,20.3,100,218750
20231229,15:25:46,20.4,100,218750
20231229,15:25:55,20.2,550,218750
20231229,15:26:04,20.15,350,218750
20231229,15:26:12,20.15,750,218750
20231229,15:26:21,20.15,450,218750
20231229,15:26:29,20.1,2000,218750
20231229,15:26:37,20.15,700,218750
20231229,15:26:45,20.25,50,218750
20231229,15:26:53,20.2,200,218750
20231229,15:27:01,20.2,300,218750
20231229,15:27:10,20.25,150,215650
20231229,15:27:18,20.25,800,215650
20231229,15:27:35,20.4,500,215650
20231229,15:27:44,20.6,150,215650
20231229,15:27:52,20.65,450,215650
20231229,15:28:01,20.7,500,215650
20231229,15:28:09,20.85,50,215650
20231229,15:28:18,21.0,500,215650
20231229,15:28:52,21.15,50,215650
20231229,15:29:01,21.1,500,215650
20231229,15:29:10,21.05,200,215650
20231229,15:29:19,21.1,1100,215650
20231229,15:29:28,20.65,100,215650
20231229,15:29:40,20.45,500,215650
20231229,15:29:52,20.55,350,215650
20231229,15:30:02,19.95,150,215650
20240101,09:15:09,19.95,1,211600
20240101,09:15:09,21.6,350,211600
20240101,09:15:20,22.25,2250,211600
20240101,09:15:20,17.8,2250,211600
20240101,09:15:29,19.85,2300,211600
20240101,09:15:44,20.7,50,211600
20240101,09:15:51,19.85,200,211600
20240101,09:16:07,19.8,2100,211600
20240101,09:16:15,18.9,2700,211600
20240101,09:16:22,18.75,250,211600
20240101,09:16:45,18.25,3600,211600
20240101,09:16:53,19.35,4050,211600
20240101,09:17:02,19.3,50,211600
20240101,09:17:18,19.05,500,211600
20240101,09:17:26,19.1,100,223400
20240101,09:17:35,18.9,200,223400
20240101,09:17:43,18.9,950,223400
20240101,09:18:00,18.65,400,223400
20240101,09:18:10,18.65,450,223400
20240101,09:18:19,18.6,500,223400
20240101,09:18:29,18.35,300,223400
20240101,09:18:38,18.3,1800,223400
20240101,09:18:57,18.0,200,223400
20240101,09:19:06,18.0,50,223400
20240101,09:19:24,17.9,50,223400
20240101,09:19:32,17.8,100,223400
20240101,09:20:00,17.5,700,223400
20240101,09:20:18,17.2,700,223400
20240101,09:20:28,17.1,700,225000
20240101,09:20:38,17.1,100,225000
20240101,09:20:47,17.25,400,225000
20240101,09:20:55,17.3,1250,225000
20240101,09:21:13,17.25,1950,225000
20240101,09:22:08,17.45,100,225000
20240101,09:22:29,17.6,150,225000
20240101,09:22:55,17.55,50,225000
20240101,09:23:12,17.6,2050,225000
20240101,09:23:38,17.7,50,222250
20240101,09:23:45,17.7,50,222250
20240101,09:23:54,17.65,250,222250
20240101,09:24:02,17.6,1100,222250
20240101,09:24:10,17.65,450,222250
20240101,09:24:18,17.65,50,222250
20240101,09:24:34,17.75,450,222250
20240101,09:25:32,17.65,50,222250
20240101,09:25:40,17.55,1050,222250
20240101,09:25:49,17.65,150,222250
20240101,09:25:57,17.65,150,222250
20240101,09:26:55,17.4,100,224050
20240101,09:27:12,17.4,200,224050
20240101,09:27:21,17.4,200,224050
20240101,09:27:29,17.5,250,224050
20240101,09:27:38,17.4,1400,224050
20240101,09:27:55,17.4,150,224050
20240101,09:28:12,17.4,50,224050
20240101,09:28:28,17.4,200,224050
20240101,09:28:44,17.2,50,224050
20240101,09:29:50,16.9,150,225400
20240101,09:29:58,16.8,50,225400
20240101,09:30:06,16.75,200,225400
20240101,09:30:15,16.6,100,225400
20240101,09:30:23,16.6,350,225400
20240101,09:30:49,16.9,50,225400
20240101,09:30:57,16.85,350,225400
20240101,09:31:14,16.7,200,225400
20240101,09:31:23,16.5,250,225400
20240101,09:31:41,16.5,200,225400
20240101,09:31:49,16.5,600,225400
20240101,09:31:57,16.65,450,225400
20240101,09:33:11,16.85,100,225650
20240101,09:33:28,16.85,100,225650
20240101,09:33:36,16.8,50,225650
20240101,09:33:45,16.75,450,225650
20240101,09:34:02,16.8,900,225650
20240101,09:34:43,16.85,50,225650
20240101,09:36:07,16.85,500,224650
20240101,09:36:16,16.95,200,224650
20240101,09:36:24,16.95,200,224650
20240101,09:36:49,17.0,600,224650
20240101,09:36:58,17.05,200,224650
20240101,09:37:06,17.05,600,224650
20240101,09:37:14,17.0,550,224650
20240101,09:37:23,17.0,500,224650
20240101,09:37:30,17.0,200,224650
20240101,09:38:04,16.8,250,224650
20240101,09:38:12,16.7,250,224650
20240101,09:39:01,16.65,50,223650
20240101,09:39:10,16.5,50,223650
20240101,09:39:19,16.6,300,223650
20240101,09:39:51,16.5,1000,223650
20240101,09:40:09,16.4,650,223650
20240101,09:41:23,16.75,50,223650
20240101,09:41:31,16.7,100,223300
20240101,09:41:54,16.55,50,223300
20240101,09:42:02,16.6,200,223300
20240101,09:42:10,16.6,300,223300
20240101,09:42:18,16.65,700,223300
20240101,09:42:26,16.7,450,223300
20240101,09:42:43,16.6,350,223300
20240101,09:43:33,16.6,500,223300
20240101,09:43:49,16.6,50,223300
20240101,09:44:30,16.5,150,222500
20240101,09:44:39,16.45,200,222500
20240101,09:44:47,16.4,50,222500
20240101,09:45:29,16.5,50,222500
20240101,09:45:38,16.55,150,222500
20240101,09:46:44,16.55,250,222500
20240101,09:46:53,16.75,300,222500
20240101,09:47:11,16.7,200,222500
20240101,09:48:59,16.75,50,222650
20240101,09:49:09,16.85,50,222650
20240101,09:50:18,17.3,100,222650
20240101,09:50:34,17.25,50,222700
20240101,09:51:19,17.5,250,222700
20240101,09:51:36,17.25,50,222700
20240101,09:52:24,17.2,850,222700
20240101,09:52:32,17.2,250,222700
20240101,09:53:14,17.45,500,222700
20240101,09:53:39,17.4,300,223300
20240101,09:54:06,17.55,350,223300
20240101,09:54:15,17.45,50,223300
20240101,09:55:05,17.6,300,223300
20240101,09:55:22,17.5,50,223300
20240101,09:55:56,17.55,150,223300
20240101,09:56:04,17.5,100,223300
20240101,09:56:13,17.65,200,223300
20240101,09:56:30,17.5,250,223250
20240101,09:57:21,17.25,50,223250
20240101,09:57:55,17.5,100,223250
20240101,09:58:53,17.45,50,223250
20240101,10:00:12,17.65,50,223100
20240101,10:00:46,17.45,150,223100
20240101,10:00:54,17.4,50,223100
20240101,10:01:19,17.4,200,223100
20240101,10:01:27,17.4,50,223100
20240101,10:01:35,17.4,150,223100
20240101,10:01:44,17.4,50,223100
20240101,10:02:09,17.35,450,223100
20240101,10:03:19,17.5,50,223200
20240101,10:03:42,17.45,50,223200
20240101,10:05:08,17.6,400,223200
20240101,10:05:32,17.4,50,222900
20240101,10:05:56,17.3,200,222900
20240101,10:06:12,17.15,50,222900
20240101,10:06:37,17.2,100,222900
20240101,10:08:22,16.9,50,222900
20240101,10:09:19,16.9,50,223100
20240101,10:10:08,16.75,100,223100
20240101,10:10:41,16.8,50,223100
20240101,10:10:50,16.7,200,223100
20240101,10:10:59,16.6,50,223100
20240101,10:11:57,16.5,250,222800
20240101,10:12:21,16.55,450,222800
20240101,10:12:30,16.55,200,222800
20240101,10:13:42,16.85,400,222800
20240101,10:13:58,16.85,1000,222800
20240101,10:14:13,16.8,50,222800
20240101,10:15:15,16.7,50,221600
20240101,10:15:22,16.75,50,221600
20240101,10:15:30,16.85,50,221600
20240101,10:16:10,16.6,200,221600
20240101,10:16:18,16.7,50,221600
20240101,10:16:43,16.8,650,221600
20240101,10:17:32,16.8,300,221600
20240101,10:18:12,16.6,50,221950
20240101,10:20:32,16.45,50,221150
20240101,10:21:10,16.45,150,221150
20240101,10:21:42,16.2,100,221150
20240101,10:21:59,16.15,900,221150
20240101,10:22:08,16.1,50,221150
20240101,10:22:42,16.0,100,221150
20240101,10:23:07,16.0,550,221150
20240101,10:23:16,16.05,200,221150
20240101,10:23:39,16.1,100,221900
20240101,10:24:33,15.9,1100,221900
20240101,10:24:41,15.85,600,221900
20240101,10:24:58,15.85,300,221900
20240101,10:27:08,16.55,50,222300
20240101,10:29:55,16.4,50,222300
20240101,10:33:04,16.55,50,222300
20240101,10:33:38,16.6,200,222350
20240101,10:34:54,16.5,50,222350
20240101,10:36:21,16.35,50,222350
20240101,10:37:35,16.4,300,222350
20240101,10:37:54,16.4,100,222350
20240101,10:39:16,16.45,50,222350
20240101,10:39:24,16.35,100,222350
20240101,10:40:06,16.45,150,222350
20240101,10:41:16,16.45,50,222350
20240101,10:41:25,16.45,50,222350
20240101,10:42:16,16.45,50,222500
20240101,10:42:40,16.5,200,222500
20240101,10:43:11,16.55,300,222500
20240101,10:45:40,16.8,100,222500
20240101,10:46:48,17.0,50,222500
20240101,10:47:14,16.85,50,222500
20240101,10:48:19,16.6,100,222500
20240101,10:49:44,17.15,150,222500
20240101,10:49:53,17.1,50,222500
20240101,10:50:03,17.0,200,222500
20240101,10:50:11,17.2,250,222500
20240101,10:50:29,17.2,50,222500
20240101,10:51:56,17.2,50,222200
20240101,10:53:27,17.1,100,222200
20240101,10:53:36,17.1,100,222200
20240101,10:54:20,17.0,600,222200
20240101,10:54:28,17.0,350,222200
20240101,10:54:35,17.0,100,222200
20240101,10:54:51,17.25,300,222200
20240101,10:54:59,17.4,200,222200
20240101,10:55:38,17.4,100,222200
20240101,10:55:46,17.25,50,222200
20240101,10:57:51,17.05,1100,223400
20240101,10:57:59,17.1,1400,223400
20240101,10:58:38,17.0,50,223400
20240101,10:59:09,16.9,50,223400
20240101,10:59:25,17.0,50,223400
20240101,11:00:03,16.9,50,221150
20240101,11:00:25,17.0,100,221150
20240101,11:00:34,16.9,100,221150
20240101,11:00:50,16.9,50,221150
20240101,11:01:15,17.1,50,221150
20240101,11:03:10,16.9,50,221350
20240101,11:03:26,16.7,250,221350
20240101,11:03:35,16.6,150,221350
20240101,11:05:11,16.55,100,221350
20240101,11:11:48,17.0,50,220950
20240101,11:12:56,17.2,50,220950
20240101,11:14:03,17.15,100,220950
20240101,11:14:33,17.2,100,220950
20240101,11:15:46,17.25,100,220850
20240101,11:16:50,16.9,100,220850
20240101,11:16:58,16.9,50,220850
20240101,11:17:06,16.85,100,220850
20240101,11:18:04,16.9,100,220950
20240101,11:18:51,16.9,50,220950
20240101,11:19:07,17.0,400,220950
20240101,11:19:15,17.0,350,220950
20240101,11:19:33,17.0,1650,220950
20240101,11:19:42,17.0,300,220950
20240101,11:19:51,17.0,50,220950
20240101,11:20:07,16.95,150,220950
20240101,11:20:15,17.0,150,220950
20240101,11:22:28,17.1,50,223850
20240101,11:22:43,17.0,100,223850
20240101,11:23:14,16.9,50,223850
20240101,11:23:21,16.95,100,223850
20240101,11:23:29,16.85,2100,223850
20240101,11:23:37,16.95,1550,223850
20240101,11:23:44,16.95,950,223850
20240101,11:23:51,17.0,450,223850
20240101,11:23:59,16.9,400,223850
20240101,11:24:06,16.95,400,223850
20240101,11:24:14,16.95,200,223850
20240101,11:24:21,16.9,250,223850
20240101,11:24:36,16.95,200,223850
20240101,11:24:43,16.95,350,223850
20240101,11:24:50,16.95,100,223850
20240101,11:25:04,16.95,450,223850
20240101,11:25:19,16.95,650,223850
20240101,11:25:34,16.9,50,223850
20240101,11:25:41,16.8,1050,223850
20240101,11:26:25,16.75,50,223850
20240101,11:26:32,16.7,50,223850
20240101,11:26:39,16.8,50,223850
20240101,11:26:47,16.85,50,223800
20240101,11:27:02,16.8,150,223800
20240101,11:28:09,16.85,700,223800
20240101,11:28:16,16.9,150,223800
20240101,11:28:24,16.95,150,223800
20240101,11:28:32,16.95,850,223800
20240101,11:28:40,16.9,150,223800
20240101,11:28:55,16.8,600,223800
20240101,11:29:18,16.75,250,223800
20240101,11:30:05,16.95,200,223700
20240101,11:30:14,16.85,150,223700
20240101,11:31:02,16.95,550,223700
20240101,11:31:10,16.8,350,223700
20240101,11:31:43,16.75,800,223700
20240101,11:31:50,16.8,500,223700
20240101,11:32:05,16.7,250,223700
20240101,11:32:21,16.6,50,223700
20240101,11:32:58,16.75,500,223650
20240101,11:33:27,16.6,50,223650
20240101,11:33:35,16.5,100,223650
20240101,11:33:43,16.5,50,223650
20240101,11:33:58,16.65,250,223650
20240101,11:35:04,16.55,600,223650
20240101,11:35:19,16.5,50,223650
20240101,11:35:40,16.65,50,223500
20240101,11:35:48,16.6,650,223500
20240101,11:35:55,16.6,1000,223500
20240101,11:36:17,16.55,50,223500
20240101,11:36:25,16.55,950,223500
20240101,11:36:33,16.65,400,223500
20240101,11:36:41,16.6,700,223500
20240101,11:37:04,16.5,700,223500
20240101,11:37:12,16.45,150,223500
20240101,11:37:28,16.5,700,223500
20240101,11:38:52,16.55,50,223400
20240101,11:38:59,16.45,200,223400
20240101,11:39:21,16.5,350,223400
20240101,11:39:43,16.55,50,223400
20240101,11:40:26,16.5,550,223400
20240101,11:40:48,16.6,50,223400
20240101,11:41:32,16.6,700,223400
20240101,11:41:40,16.65,50,223400
20240101,11:42:08,16.55,250,223750
20240101,11:42:52,16.5,350,223750
20240101,11:42:59,16.5,350,223750
20240101,11:43:06,16.5,50,223750
20240101,11:43:21,16.35,650,223750
20240101,11:44:11,16.35,450,223750
20240101,11:44:25,16.4,350,223750
20240101,11:44:45,16.3,100,223750
20240101,11:44:53,16.3,50,223650
20240101,11:45:00,16.25,250,223650
20240101,11:45:08,16.25,50,223650
20240101,11:45:15,16.3,50,223650
20240101,11:45:37,16.3,250,223650
20240101,11:46:43,16.25,50,223650
20240101,11:46:57,16.2,500,223650
20240101,11:47:19,16.15,200,223650
20240101,11:47:26,16.25,50,223650
20240101,11:47:48,16.15,100,223700
20240101,11:47:56,16.15,50,223700
20240101,11:48:03,16.2,100,223700
20240101,11:48:59,16.1,100,223700
20240101,11:49:07,15.9,1650,223700
20240101,11:49:16,16.0,100,223700
20240101,11:49:48,16.15,200,223700
20240101,11:50:54,16.2,300,223800
20240101,11:52:09,16.2,50,223800
20240101,11:52:24,16.15,200,223800
20240101,11:52:38,16.05,800,223800
20240101,11:52:45,16.1,100,223800
20240101,11:53:21,16.15,200,223800
20240101,11:53:29,16.25,50,223800
20240101,11:54:36,16.0,1000,224550
20240101,11:54:50,16.0,2500,224550
20240101,11:54:58,16.0,150,224550
20240101,11:56:31,16.0,50,224550
20240101,12:00:36,15.8,50,227550
20240101,12:02:15,15.75,100,227550
20240101,12:02:31,15.75,50,227550
20240101,12:02:47,15.75,900,227550
20240101,12:03:11,15.9,400,226750
20240101,12:03:36,15.75,300,226750
20240101,12:03:44,15.75,700,226750
20240101,12:04:08,15.95,50,226750
20240101,12:05:16,15.8,400,226750
20240101,12:05:40,15.65,150,226750
20240101,12:05:56,15.65,50,228100
20240101,12:08:23,15.8,50,228100
20240101,12:09:09,15.75,300,228050
20240101,12:09:17,15.8,200,228050
20240101,12:09:58,15.85,50,228050
20240101,12:10:07,15.85,650,228050
20240101,12:10:16,15.9,150,228050
20240101,12:11:25,15.55,300,228050
20240101,12:11:59,15.55,50,227300
20240101,12:12:08,15.55,200,227300
20240101,12:12:46,15.55,50,227300
20240101,12:13:18,15.55,50,227300
20240101,12:13:25,15.65,200,227300
20240101,12:13:50,15.7,750,227300
20240101,12:13:58,15.65,250,227300
20240101,12:14:07,15.65,1700,227300
20240101,12:14:16,15.65,250,227300
20240101,12:14:24,15.7,150,227300
20240101,12:14:32,15.75,1100,227300
20240101,12:14:42,15.7,250,227300
20240101,12:14:58,15.7,50,227250
20240101,12:15:15,15.7,800,227250
20240101,12:15:41,15.65,350,227250
20240101,12:15:58,15.7,250,227250
20240101,12:16:24,15.65,750,227250
20240101,12:16:39,15.55,50,227250
20240101,12:16:47,15.6,150,227250
20240101,12:17:02,15.55,50,227250
20240101,12:17:18,15.55,350,227250
20240101,12:17:26,15.5,100,227250
20240101,12:17:33,15.5,400,227250
20240101,12:18:04,15.45,950,227250
20240101,12:18:12,15.45,300,227250
20240101,12:19:07,15.25,750,227250
20240101,12:19:24,15.2,50,227250
20240101,12:19:40,15.15,750,227250
20240101,12:19:47,15.15,750,227250
20240101,12:19:55,15.1,50,227250
20240101,12:20:03,15.1,700,227250
20240101,12:20:38,15.1,600,227250
20240101,12:20:46,15.1,200,227250
20240101,12:21:25,15.05,50,227250
20240101,12:23:18,15.0,1250,227250
20240101,12:23:27,15.0,50,227250
20240101,12:25:21,15.0,50,227200
20240101,12:25:30,14.95,50,227200
20240101,12:26:36,14.95,50,227200
20240101,12:28:12,14.75,700,227400
20240101,12:28:29,14.75,250,227400
20240101,12:29:17,14.75,50,227400
20240101,12:29:32,14.85,200,227400
20240101,12:30:01,14.8,50,227250
20240101,12:30:17,14.65,350,227250
20240101,12:30:25,14.55,350,227250
20240101,12:31:28,14.5,250,227250
20240101,12:31:51,14.5,150,227250
20240101,12:32:07,14.5,2000,227250
20240101,12:32:38,14.55,250,227250
20240101,12:32:54,14.55,700,227450
20240101,12:33:02,14.6,50,227450
20240101,12:33:10,14.6,50,227450
20240101,12:33:18,14.55,750,227450
20240101,12:34:25,14.6,200,227450
20240101,12:34:42,14.6,550,227450
20240101,12:34:58,14.6,300,227450
20240101,12:35:06,14.65,900,227450
20240101,12:36:25,14.75,150,227600
20240101,12:37:11,14.7,50,227600
20240101,12:38:15,14.5,50,227600
20240101,12:38:30,14.45,600,227600
20240101,12:38:44,14.45,50,227600
20240101,12:39:16,14.55,250,228100
20240101,12:39:24,14.5,200,228100
20240101,12:39:32,14.4,50,228100
20240101,12:40:01,14.4,200,228100
20240101,12:40:17,14.4,100,228100
20240101,12:41:32,14.35,200,228100
20240101,12:41:40,14.35,200,228100
20240101,12:42:46,14.35,450,228150
20240101,12:43:37,14.35,100,228150
20240101,12:44:45,14.5,200,228150
20240101,12:44:59,14.55,600,228150
20240101,12:45:07,14.55,50,228150
20240101,12:45:14,14.55,50,228150
20240101,12:45:21,14.55,50,228150
20240101,12:46:06,14.6,450,228150
20240101,12:46:57,14.6,50,228150
20240101,12:48:06,14.7,250,228150
20240101,12:49:02,14.75,100,228150
20240101,12:51:51,14.7,250,228200
20240101,12:53:05,14.8,300,228200
20240101,12:53:27,14.85,50,228200
20240101,12:53:41,14.9,750,228200
20240101,12:54:02,15.1,50,228250
20240101,12:55:19,15.0,50,228250
20240101,12:56:57,15.25,650,228350
20240101,12:57:41,15.3,250,228350
20240101,12:57:47,15.3,100,228350
20240101,12:57:55,15.25,250,228350
20240101,12:58:03,15.3,200,228350
20240101,12:58:56,15.2,450,228350
20240101,12:59:04,15.25,100,228350
20240101,12:59:19,15.25,300,228350
20240101,12:59:27,15.2,400,228350
20240101,13:00:20,15.2,250,227700
20240101,13:00:27,15.25,250,227700
20240101,13:00:56,15.2,700,227700
20240101,13:01:12,15.2,200,227700
20240101,13:01:51,15.3,50,227700
20240101,13:01:59,15.3,100,227700
20240101,13:02:16,15.4,100,227700
20240101,13:02:24,15.45,900,227700
20240101,13:03:28,15.45,400,226800
20240101,13:03:37,15.4,350,226800
20240101,13:03:53,15.4,1100,226800
20240101,13:04:09,15.25,50,226800
20240101,13:04:17,15.15,1250,226800
20240101,13:04:24,15.1,50,226800
20240101,13:04:39,14.9,300,226800
20240101,13:04:47,14.9,150,226800
20240101,13:05:34,15.0,150,226800
20240101,13:05:52,14.95,50,226800
20240101,13:07:51,14.85,1200,226350
20240101,13:07:59,14.8,200,226350
20240101,13:08:22,14.75,200,226350
20240101,13:11:16,14.8,1000,226350
20240101,13:11:24,14.85,50,226350
20240101,13:11:31,14.9,1000,226350
20240101,13:13:02,14.7,200,224450
20240101,13:15:26,14.9,250,223900
20240101,13:16:28,15.0,350,223900
20240101,13:16:35,15.0,200,223900
20240101,13:16:43,15.0,50,223900
20240101,13:16:58,15.1,700,223900
20240101,13:17:07,15.1,50,223900
20240101,13:17:23,15.1,50,223900
20240101,13:17:38,15.05,200,223900
20240101,13:20:01,14.8,300,223650
20240101,13:20:32,15.0,200,223650
20240101,13:20:40,15.05,50,223650
20240101,13:22:18,15.1,250,224000
20240101,13:24:07,15.05,50,224000
20240101,13:25:26,15.0,100,224000
20240101,13:26:27,15.05,50,224000
20240101,13:28:56,15.05,350,224000
20240101,13:30:09,15.1,50,223350
20240101,13:30:46,15.1,200,223350
20240101,13:30:55,15.0,200,223350
20240101,13:31:04,15.0,300,223350
20240101,13:31:37,15.0,150,223350
20240101,13:32:25,15.1,1400,223350
20240101,13:34:29,15.4,50,224850
20240101,13:34:36,15.4,150,224850
20240101,13:35:55,15.2,100,224850
20240101,13:36:09,15.2,300,224850
20240101,13:37:42,15.1,50,224850
20240101,13:37:56,15.2,100,224850
20240101,13:40:32,15.35,500,224850
20240101,13:43:52,15.2,50,224850
20240101,13:44:00,15.3,50,224850
20240101,13:44:28,15.2,150,224850
20240101,13:45:21,15.15,750,224800
20240101,13:45:28,15.1,200,224800
20240101,13:47:01,15.0,650,224800
20240101,13:48:45,15.1,50,224750
20240101,13:49:22,15.1,100,224750
20240101,13:49:30,15.1,50,224750
20240101,13:50:00,15.3,1000,224750
20240101,13:53:39,15.15,500,224800
20240101,13:54:23,15.3,50,224800
20240101,13:57:15,15.35,400,224750
20240101,13:57:35,15.5,600,224750
20240101,13:58:13,15.55,300,224750
20240101,14:00:31,15.7,150,224950
20240101,14:00:48,15.8,50,224950
20240101,14:01:15,15.9,50,224950
20240101,14:01:24,15.9,150,224950
20240101,14:01:41,16.05,700,224950
20240101,14:02:00,16.2,250,224950
20240101,14:02:12,16.55,1100,224950
20240101,14:02:23,16.65,100,224950
20240101,14:02:43,16.85,250,224950
20240101,14:02:53,16.95,1150,224950
20240101,14:03:03,17.05,1450,224950
20240101,14:03:22,16.8,250,224150
20240101,14:04:04,16.75,50,224150
20240101,14:04:13,16.7,50,224150
20240101,14:04:22,17.1,50,224150
20240101,14:04:31,17.15,50,224150
20240101,14:04:40,17.1,50,224150
20240101,14:04:48,17.1,250,224150
20240101,14:04:57,17.05,1150,224150
20240101,14:05:26,17.4,200,224150
20240101,14:05:36,17.4,950,224150
20240101,14:05:55,17.15,150,224150
20240101,14:06:03,17.2,200,224100
20240101,14:06:13,17.2,200,224100
20240101,14:06:49,17.2,100,224100
20240101,14:07:07,17.2,50,224100
20240101,14:08:25,17.2,50,224100
20240101,14:08:50,17.2,500,224100
20240101,14:09:49,17.0,50,224100
20240101,14:09:58,17.05,100,224100
20240101,14:10:15,17.05,50,224100
20240101,14:10:32,17.05,100,224100
20240101,14:10:59,17.25,1000,224100
20240101,14:11:33,17.45,50,224100
20240101,14:12:00,17.8,50,224100
20240101,14:12:28,17.55,100,224000
20240101,14:12:46,17.55,1150,224000
20240101,14:13:15,17.65,50,224000
20240101,14:13:26,17.8,250,224000
20240101,14:13:45,17.7,50,224000
20240101,14:14:04,17.7,200,224000
20240101,14:14:14,17.55,200,224000
20240101,14:14:34,17.95,50,224000
20240101,14:15:22,17.8,200,224300
20240101,14:15:48,17.85,200,224300
20240101,14:16:15,17.9,50,224300
20240101,14:16:23,17.85,600,224300
20240101,14:16:32,18.0,400,224300
20240101,14:16:41,17.9,400,224300
20240101,14:16:50,18.05,150,224300
20240101,14:16:59,17.95,150,224300
20240101,14:17:40,17.9,50,224300
20240101,14:17:50,18.3,300,224300
20240101,14:18:30,18.0,100,224900
20240101,14:18:39,18.05,100,224900
20240101,14:20:02,18.45,350,224900
20240101,14:20:11,18.35,150,224900
20240101,14:20:20,18.45,150,224900
20240101,14:20:29,18.6,200,224900
20240101,14:20:38,18.6,150,224900
20240101,14:20:47,18.65,300,224900
20240101,14:20:56,18.65,200,224900
20240101,14:21:42,18.5,700,225000
20240101,14:21:51,18.4,550,225000
20240101,14:22:18,18.3,100,225000
20240101,14:22:27,18.2,150,225000
20240101,14:22:36,18.25,50,225000
20240101,14:22:46,18.3,500,225000
20240101,14:22:55,18.3,300,225000
20240101,14:24:01,18.4,100,225000
20240101,14:24:20,18.55,250,225100
20240101,14:24:29,18.6,300,225100
20240101,14:24:39,18.55,100,225100
20240101,14:24:48,18.5,50,225100
20240101,14:25:07,18.35,200,225100
20240101,14:25:25,18.25,50,225100
20240101,14:25:44,18.35,250,225100
20240101,14:26:11,18.3,50,225100
20240101,14:26:21,18.35,50,225100
20240101,14:26:39,18.35,100,225100
20240101,14:26:47,18.3,150,225100
20240101,14:27:15,18.05,250,225600
20240101,14:27:51,18.0,200,225600
20240101,14:28:00,18.0,50,225600
20240101,14:28:52,18.1,150,225600
20240101,14:29:01,18.15,50,225600
20240101,14:29:18,18.1,300,225600
20240101,14:29:27,18.1,750,225600
20240101,14:29:36,18.1,200,225600
20240101,14:30:03,18.4,50,225600
20240101,14:30:21,18.4,1850,225650
20240101,14:30:30,18.65,3600,225650
20240101,14:30:40,18.5,2050,225650
20240101,14:30:49,18.6,500,225650
20240101,14:31:06,18.7,7450,225650
20240101,14:31:16,18.65,600,225650
20240101,14:31:25,18.65,50,225650
20240101,14:31:34,19.05,7200,225650
20240101,14:31:43,18.75,500,225650
20240101,14:31:52,18.8,150,225650
20240101,14:32:01,18.75,250,225650
20240101,14:32:10,18.7,1100,225650
20240101,14:32:19,18.7,150,225650
20240101,14:32:27,18.8,50,225650
20240101,14:33:50,18.9,750,209500
20240101,14:33:59,18.9,1000,209500
20240101,14:34:08,18.95,50,209500
20240101,14:35:40,19.0,50,209500
20240101,14:35:49,19.0,50,209500
20240101,14:35:57,19.05,50,209500
20240101,14:36:06,19.1,50,209500
20240101,14:36:23,19.15,50,207850
20240101,14:36:31,19.1,50,207850
20240101,14:36:41,19.2,50,207850
20240101,14:36:50,19.15,350,207850
20240101,14:36:59,19.2,50,207850
20240101,14:37:07,19.2,100,207850
20240101,14:37:25,19.15,50,207850
20240101,14:37:41,19.15,50,207850
20240101,14:37:50,19.0,50,207850
20240101,14:37:58,19.0,50,207850
20240101,14:38:07,19.0,450,207850
20240101,14:38:15,19.05,450,207850
20240101,14:38:23,18.9,600,207850
20240101,14:38:32,18.8,100,207850
20240101,14:38:56,18.75,100,207850
20240101,14:39:55,18.25,100,207750
20240101,14:41:00,18.4,50,207750
20240101,14:41:31,18.45,150,207750
20240101,14:42:05,18.75,250,207750
20240101,14:42:15,18.7,200,207900
20240101,14:42:27,18.85,50,207900
20240101,14:42:37,18.9,50,207900
20240101,14:43:00,19.2,100,207900
20240101,14:43:20,19.1,50,207900
20240101,14:43:29,19.3,50,207900
20240101,14:43:39,19.35,200,207900
20240101,14:43:50,19.5,50,207900
20240101,14:44:01,19.7,100,207900
20240101,14:44:12,19.7,1150,207900
20240101,14:44:23,19.5,150,207900
20240101,14:44:42,20.05,1850,207900
20240101,14:44:52,20.1,200,207900
20240101,14:45:03,20.1,450,207900
20240101,14:45:22,20.45,50,208450
20240101,14:45:32,20.5,1050,208450
20240101,14:45:41,20.4,100,208450
20240101,14:46:00,20.5,300,208450
20240101,14:46:09,20.8,150,208450
20240101,14:46:19,20.75,750,208450
20240101,14:46:28,20.9,50,208450
20240101,14:46:48,20.5,250,208450
20240101,14:47:06,20.85,600,208450
20240101,14:47:15,21.05,300,208450
20240101,14:47:24,20.85,50,208450
20240101,14:47:34,20.7,650,208450
20240101,14:47:42,20.8,100,208450
20240101,14:48:00,20.6,50,208450
20240101,14:48:09,20.75,100,208450
20240101,14:48:27,20.45,200,207600
20240101,14:49:01,20.45,50,207600
20240101,14:49:22,20.75,2250,207600
20240101,14:49:44,21.65,1400,207600
20240101,14:49:55,22.15,1600,207600
20240101,14:50:05,22.35,950,207600
20240101,14:50:15,22.65,3000,207600
20240101,14:50:26,23.15,2450,207600
20240101,14:50:37,23.45,1250,207600
20240101,14:50:47,23.2,250,207600
20240101,14:50:56,23.85,400,207600
20240101,14:51:05,23.65,550,207600
20240101,14:51:15,23.15,650,208450
20240101,14:51:24,23.45,100,208450
20240101,14:51:34,23.25,450,208450
20240101,14:51:45,23.4,1050,208450
20240101,14:51:56,23.35,750,208450
20240101,14:52:05,23.45,50,208450
20240101,14:52:15,23.35,300,208450
20240101,14:52:34,23.3,200,208450
20240101,14:53:01,23.0,50,208450
20240101,14:53:10,22.9,50,208450
20240101,14:53:28,22.7,1100,208450
20240101,14:53:38,22.8,750,208450
20240101,14:53:47,23.05,100,208450
20240101,14:53:57,22.9,300,208450
20240101,14:54:06,22.7,50,208450
20240101,14:54:26,22.65,50,208300
20240101,14:54:36,23.0,100,208300
20240101,14:54:45,23.0,50,208300
20240101,14:54:54,23.0,50,208300
20240101,14:55:04,22.8,750,208300
20240101,14:55:22,22.95,50,208300
20240101,14:55:31,22.9,900,208300
20240101,14:55:40,22.95,50,208300
20240101,14:55:49,23.0,50,208300
20240101,14:56:07,23.0,50,208300
20240101,14:56:15,22.85,250,208300
20240101,14:56:33,22.75,50,208300
20240101,14:56:50,22.55,800,208300
20240101,14:56:59,22.7,50,208300
20240101,14:57:08,22.75,150,208300
20240101,14:57:17,22.7,100,208150
20240101,14:57:25,22.65,100,208150
20240101,14:57:34,22.55,500,208150
20240101,14:58:01,22.55,100,208150
20240101,14:58:10,22.7,50,208150
20240101,14:58:18,22.55,50,208150
20240101,14:58:45,22.95,50,208150
20240101,14:59:04,22.85,100,208150
20240101,14:59:57,23.45,50,208150
20240101,15:00:06,23.7,150,208150
20240101,15:00:44,24.0,1650,207000
20240101,15:00:54,24.2,1100,207000
20240101,15:01:04,24.1,100,207000
20240101,15:01:14,23.7,200,207000
20240101,15:01:24,23.1,2350,207000
20240101,15:01:36,21.95,4600,207000
20240101,15:01:47,22.7,900,207000
20240101,15:01:58,22.7,500,207000
20240101,15:02:08,22.55,500,207000
20240101,15:02:18,21.8,150,207000
20240101,15:02:27,21.9,450,207000
20240101,15:02:37,22.0,1800,207000
20240101,15:02:47,22.1,1800,207000
20240101,15:02:56,21.9,1900,207000
20240101,15:03:06,21.55,100,207000
20240101,15:03:16,21.4,450,210350
20240101,15:03:26,21.45,150,210350
20240101,15:03:36,21.5,1000,210350
20240101,15:03:55,21.0,100,210350
20240101,15:04:05,21.05,300,210350
20240101,15:04:42,20.95,50,210350
20240101,15:04:51,21.05,50,210350
20240101,15:05:00,21.1,1100,210350
