date,time,tick_price,volume,open_interest
20240207,14:59:04,685.5,50,50
20240208,12:50:20,755.0,1,50
20240208,12:50:20,755.0,50,50
20240208,13:18:17,724.55,50,100
20240216,09:18:59,590.8,1,100
20240216,09:18:59,590.8,100,100
20240216,09:19:01,578.35,5400,100
20240216,09:19:02,577.25,16150,100
20240216,09:19:03,576.7,10250,100
20240216,09:19:04,577.05,9000,100
20240216,09:19:06,575.6,1800,100
20240216,09:19:07,575.0,300,100
20240216,09:19:09,574.0,300,100
20240216,09:19:11,573.75,600,100
20240216,09:20:16,573.75,150,100
20240216,09:20:25,582.15,150,100
20240216,09:20:27,581.2,200,100
20240216,09:20:53,579.0,50,100
20240216,09:20:58,581.85,1000,100
20240216,09:22:17,582.45,100,45450
20240216,09:22:27,580.8,200,45450
20240216,09:22:28,580.0,50,45450
20240216,09:22:29,579.95,150,45450
20240216,09:22:45,582.35,300,45450
20240216,09:23:04,587.85,450,45450
20240216,09:23:14,587.25,150,45450
20240216,09:23:21,584.95,150,45450
20240216,09:24:06,579.6,150,45450
20240216,09:26:03,589.35,200,45950
20240216,09:26:13,592.0,1200,45950
20240216,09:29:14,592.0,150,45150
20240216,09:30:01,579.6,150,45150
20240216,09:30:04,574.2,50,45150
20240216,09:30:36,577.8,150,45050
20240216,09:30:41,577.3,100,45050
20240216,09:31:18,570.85,50,45050
20240216,09:31:47,570.85,150,45050
20240216,09:32:22,573.8,150,45050
20240216,09:32:24,575.5,150,45050
20240216,09:32:31,579.5,100,45050
20240216,09:32:59,580.75,250,45050
20240216,09:33:25,589.95,150,45050
20240216,09:33:57,583.05,50,45050
20240216,09:34:02,584.25,50,45150
20240216,09:34:05,581.9,150,45150
20240216,09:34:14,582.95,100,45150
20240216,09:34:26,587.4,100,45150
20240216,09:34:27,585.6,300,45150
20240216,09:34:33,585.6,50,45150
20240216,09:38:53,579.6,50,45350
20240216,09:39:45,572.15,150,45400
20240216,09:40:44,565.0,50,45400
20240216,09:41:15,565.0,100,45400
20240216,09:41:38,566.15,50,45400
20240216,09:42:25,572.3,400,45400
20240216,09:42:34,567.6,400,45700
20240216,09:42:44,570.0,400,45700
20240216,09:42:57,570.65,400,45700
20240216,09:43:30,573.1,150,45700
20240216,09:44:02,580.0,50,45700
20240216,09:44:03,581.65,50,45700
20240216,09:44:53,580.35,200,45700
20240216,09:45:07,584.2,200,45700
20240216,09:45:14,582.0,150,45700
20240216,09:45:21,582.5,50,45700
20240216,09:46:28,592.2,1550,46950
20240216,09:46:42,592.2,50,46950
20240216,09:46:52,587.65,100,46950
20240216,09:47:36,594.35,50,46950
20240216,09:47:48,601.4,200,46950
20240216,09:48:28,601.4,50,46950
20240216,09:48:59,595.65,50,47100
20240216,09:53:18,589.0,50,47150
20240216,09:55:02,575.0,50,47100
20240216,09:55:20,575.0,150,47100
20240216,09:55:24,574.0,50,47100
20240216,09:55:55,566.0,50,47100
20240216,09:56:39,574.0,50,47100
20240216,09:56:50,572.0,150,47100
20240216,09:57:09,565.0,50,47100
20240216,09:57:29,564.0,50,47100
20240216,09:59:49,564.0,150,47150
20240216,10:00:00,565.4,150,47150
20240216,10:01:16,560.4,50,47000
20240216,10:01:18,560.4,50,47000
20240216,10:03:49,557.7,150,47100
20240216,10:04:00,557.7,150,47100
20240216,10:04:08,554.0,50,47100
20240216,10:05:14,554.0,50,47100
20240216,10:05:15,563.2,50,47100
20240216,10:06:33,555.0,50,47100
20240216,10:07:08,553.05,300,47050
20240216,10:08:03,550.0,50,47050
20240216,10:09:00,550.0,500,47050
20240216,10:09:03,547.95,50,47050
20240216,10:09:08,547.3,100,47050
20240216,10:09:30,545.55,50,47050
20240216,10:09:46,545.55,50,47650
20240216,10:09:50,544.8,50,47650
20240216,10:10:07,540.0,50,47650
20240216,10:10:23,540.0,50,47650
20240216,10:11:03,545.0,100,47650
20240216,10:11:22,546.45,50,47650
20240216,10:11:35,548.1,150,47650
20240216,10:13:03,542.0,50,47600
20240216,10:13:39,545.15,100,47600
20240216,10:14:02,540.0,50,47600
20240216,10:14:25,537.6,50,47600
20240216,10:14:32,537.6,100,47600
20240216,10:14:39,537.6,50,47600
20240216,10:14:43,537.6,400,47600
20240216,10:15:02,530.0,50,47600
20240216,10:15:25,530.0,50,47600
20240216,10:16:20,539.7,50,47900
20240216,10:16:25,539.05,50,47900
20240216,10:17:44,544.05,500,47900
20240216,10:18:42,540.05,50,47400
20240216,10:18:49,541.75,100,47400
20240216,10:20:21,550.0,500,47400
20240216,10:20:30,551.8,100,47400
20240216,10:20:44,549.1,100,47400
20240216,10:21:01,544.4,50,47400
20240216,10:21:25,545.35,200,47400
20240216,10:21:38,541.5,50,47400
20240216,10:21:40,540.75,50,47050
20240216,10:23:25,544.4,100,47050
20240216,10:24:28,550.8,50,47050
20240216,10:26:33,540.6,50,47150
20240216,10:29:38,535.4,100,47200
20240216,10:30:15,535.5,150,47200
20240216,10:30:27,535.05,200,47200
20240216,10:30:31,534.0,50,47200
20240216,10:30:40,531.7,100,47000
20240216,10:30:42,531.95,100,47000
20240216,10:31:16,540.75,200,47000
20240216,10:33:56,547.75,50,47000
20240216,10:34:05,543.9,100,47000
20240216,10:36:56,540.85,100,47050
20240216,10:37:54,550.0,100,47050
20240216,10:38:03,553.4,50,47050
20240216,10:38:25,551.7,50,47050
20240216,10:41:52,553.55,50,47050
20240216,10:42:39,553.6,100,46900
20240216,10:45:04,538.9,50,46900
20240216,10:46:31,546.9,50,47050
20240216,10:51:06,552.8,50,47000
20240216,10:51:10,555.0,100,47000
20240216,10:53:03,548.0,100,46900
20240216,10:55:25,544.15,50,46900
20240216,10:56:10,542.35,100,46900
20240216,10:56:20,543.75,50,46900
20240216,10:57:03,546.85,50,46900
20240216,10:57:53,547.6,50,46900
20240216,10:59:37,545.55,50,46900
20240216,11:01:39,558.0,100,46850
20240216,11:02:17,555.35,50,46850
20240216,11:06:11,542.0,50,46750
20240216,11:07:42,542.0,50,46800
20240216,11:08:17,537.9,100,46800
20240216,11:08:19,536.9,50,46800
20240216,11:14:47,547.35,100,47000
20240216,11:20:56,540.85,50,47050
20240216,11:21:03,539.0,50,47050
20240216,11:22:04,545.0,50,47100
20240216,11:25:18,543.0,50,47100
20240216,11:31:37,546.55,50,47050
20240216,11:32:58,550.65,50,47050
20240216,11:33:36,550.0,500,47050
20240216,11:34:39,550.0,50,47500
20240216,11:36:04,555.5,50,47500
20240216,11:36:14,559.75,100,47500
20240216,11:36:17,563.3,100,47500
20240216,11:36:18,562.0,50,47500
20240216,11:37:43,564.0,50,47450
20240216,11:38:02,566.9,50,47450
20240216,11:38:27,560.85,100,47450
20240216,11:40:06,566.0,50,47500
20240216,11:42:11,568.0,250,47500
20240216,11:43:02,575.0,50,47750
20240216,11:43:16,573.85,50,47750
20240216,11:44:47,554.0,50,47750
20240216,11:44:47,555.95,50,47750
20240216,11:45:44,562.0,50,47750
20240216,11:47:01,569.0,50,47800
20240216,11:47:40,566.75,100,47800
20240216,11:48:32,566.75,100,47800
20240216,11:49:26,561.0,50,47800
20240216,11:49:55,567.0,50,47800
20240216,11:50:58,556.0,50,47800
20240216,11:52:14,551.5,250,47750
20240216,11:55:45,555.3,100,47600
20240216,12:01:02,551.65,50,47700
20240216,12:03:54,546.6,50,47750
20240216,12:04:49,545.85,50,47750
20240216,12:05:14,546.8,50,47750
20240216,12:05:44,547.0,250,47750
20240216,12:09:05,536.5,50,48000
20240216,12:09:52,547.0,50,48050
20240216,12:10:37,547.0,50,48050
20240216,12:11:50,540.0,50,48050
20240216,12:15:13,540.0,100,48100
20240216,12:18:02,548.0,50,48100
20240216,12:18:27,548.0,50,48000
20240216,12:19:02,550.0,250,48000
20240216,12:23:58,556.8,50,47700
20240216,12:26:40,559.8,50,47700
20240216,12:26:57,563.9,50,47700
20240216,12:27:13,563.95,50,47700
20240216,12:28:00,564.55,50,47700
20240216,12:28:08,568.2,50,47600
20240216,12:28:11,565.95,50,47600
20240216,12:29:41,565.6,50,47600
20240216,12:31:03,565.0,150,47650
20240216,12:33:52,567.05,50,47650
20240216,12:34:11,564.0,900,47600
20240216,12:34:28,563.7,50,47600
20240216,12:35:07,562.5,50,47600
20240216,12:38:28,556.6,50,47950
20240216,12:41:33,558.65,150,47950
20240216,12:42:16,558.0,50,47950
20240216,12:45:01,552.95,50,48000
20240216,12:46:34,554.9,50,48050
20240216,12:46:56,553.6,50,48050
20240216,12:53:21,544.15,50,48050
20240216,12:54:02,543.6,50,48050
20240216,12:55:17,534.6,50,48150
20240216,12:55:57,531.35,150,48150
20240216,12:58:31,536.0,50,48150
20240216,13:00:05,536.15,100,48150
20240216,13:00:07,535.95,50,48150
20240216,13:00:08,536.15,300,48150
20240216,13:00:09,536.1,100,48150
20240216,13:00:13,536.1,200,48150
20240216,13:00:29,539.15,50,48150
20240216,13:00:37,537.25,300,48150
20240216,13:00:38,537.1,100,48150
20240216,13:00:40,535.75,50,48150
20240216,13:00:41,535.6,100,48150
20240216,13:00:43,533.75,50,48150
20240216,13:00:54,528.0,350,48150
20240216,13:01:43,539.3,500,48950
20240216,13:02:01,540.95,50,48950
20240216,13:03:04,542.85,150,48950
20240216,13:05:13,539.7,150,48950
20240216,13:05:54,539.45,50,49500
20240216,13:08:04,539.35,50,49500
20240216,13:08:31,538.9,50,49550
20240216,13:11:56,536.05,50,49650
20240216,13:12:13,535.0,50,49650
20240216,13:13:15,538.3,50,49750
20240216,13:17:23,535.0,100,49700
20240216,13:19:57,547.0,100,49700
20240216,13:26:15,544.65,50,49700
20240216,13:26:41,544.5,1500,49700
20240216,13:26:50,545.25,500,49700
20240216,13:28:02,550.0,50,49800
20240216,13:31:07,559.6,50,49800
20240216,13:32:56,556.65,550,49800
20240216,13:33:37,555.0,50,49800
20240216,13:33:45,555.2,250,49800
20240216,13:34:03,557.3,50,49750
20240216,13:35:31,544.9,50,49750
20240216,13:37:07,545.95,50,49750
20240216,13:38:22,546.95,100,49750
20240216,13:38:28,545.45,100,49750
20240216,13:41:10,554.9,50,49850
20240216,13:46:46,542.85,50,49850
20240216,13:50:05,543.35,50,49900
20240216,13:50:34,542.15,50,49900
20240216,13:50:50,544.2,100,49900
20240216,13:51:24,547.05,50,49900
20240216,13:51:42,550.0,100,49900
20240216,13:52:05,552.2,50,49900
20240216,13:53:58,549.0,50,49800
20240216,13:54:21,548.0,50,49800
20240216,14:01:03,563.65,100,49850
20240216,14:01:05,562.75,50,49850
20240216,14:02:36,548.0,100,49800
20240216,14:02:40,548.0,50,49800
20240216,14:08:33,544.3,50,49750
20240216,14:09:23,549.0,50,49750
20240216,14:09:54,551.0,50,49750
20240216,14:13:10,554.2,50,49700
20240216,14:13:25,557.2,50,49700
20240216,14:13:51,570.0,50,49700
20240216,14:15:42,561.6,150,49700
20240216,14:16:03,558.55,100,49700
20240216,14:18:41,560.0,50,49900
20240216,14:20:13,562.25,50,49950
20240216,14:20:17,563.0,100,49950
20240216,14:25:06,559.65,200,49950
20240216,14:25:24,559.0,50,49950
20240216,14:25:26,558.95,100,49950
20240216,14:26:28,559.85,50,49950
20240216,14:28:57,555.0,50,49850
20240216,14:31:41,544.95,150,49850
20240216,14:32:38,544.95,150,49850
20240216,14:35:19,542.9,100,49950
20240216,14:37:41,539.45,100,49950
20240216,14:37:44,539.3,100,49950
20240216,14:38:22,537.3,50,49950
20240216,14:39:17,530.0,1050,49950
20240216,14:39:21,527.6,150,49950
20240216,14:39:24,529.55,50,49950
20240216,14:39:50,526.5,250,49950
20240216,14:40:00,524.9,50,49950
20240216,14:40:41,522.35,50,51250
20240216,14:41:10,522.35,50,51250
20240216,14:41:39,522.0,500,51250
20240216,14:41:46,521.65,50,51250
20240216,14:44:16,521.65,100,51850
20240216,14:45:02,531.3,150,51850
20240216,14:46:53,526.65,50,51950
20240216,14:48:22,533.0,1000,51950
20240216,14:48:37,534.65,50,51950
20240216,14:51:14,537.65,50,51950
20240216,14:51:19,538.0,50,51950
20240216,14:57:17,537.9,50,51950
20240216,14:59:39,534.0,850,51950
20240216,15:01:57,535.0,50,52000
20240216,15:02:01,537.7,100,51350
20240216,15:03:16,525.5,500,51350
20240216,15:03:40,526.9,50,51350
20240216,15:04:08,529.8,500,51350
20240216,15:04:49,542.95,50,50550
20240216,15:05:15,538.65,150,50550
20240216,15:05:18,538.7,500,50550
20240216,15:05:26,536.7,50,50550
20240216,15:05:31,537.65,500,50550
20240216,15:05:46,538.4,50,50550
20240216,15:06:21,542.95,50,50550
20240216,15:06:26,542.55,50,50550
20240216,15:06:43,545.55,50,50550
20240216,15:07:00,545.55,100,50550
20240216,15:07:06,543.95,150,50550
20240216,15:07:08,544.05,150,50550
20240216,15:07:13,545.15,150,50550
20240216,15:07:17,546.45,150,49250
20240216,15:07:21,546.75,150,49250
20240216,15:07:36,550.2,100,49250
20240216,15:07:42,551.3,50,49250
20240216,15:07:43,551.45,100,49250
20240216,15:07:44,552.15,100,49250
20240216,15:07:50,551.55,50,49250
20240216,15:08:00,548.0,100,49250
20240216,15:08:07,545.65,50,49250
20240216,15:09:30,550.75,50,49250
20240216,15:09:33,548.2,100,49250
20240216,15:11:55,550.3,50,48600
20240216,15:12:33,555.35,100,48600
20240216,15:12:41,557.15,50,48600
20240216,15:19:43,560.85,50,48450
20240216,15:19:57,563.25,50,48450
20240216,15:20:05,563.5,100,48450
20240216,15:20:06,563.85,50,48450
20240216,15:20:24,567.1,50,48450
20240216,15:20:28,567.35,100,48450
20240216,15:20:29,567.7,100,48450
20240216,15:20:30,568.5,150,48450
20240216,15:20:36,572.7,300,48450
20240216,15:20:38,571.75,100,48450
20240216,15:20:42,573.25,200,48450
20240216,15:20:43,573.45,200,48450
20240216,15:20:45,573.8,50,48450
20240216,15:20:48,574.7,100,48450
20240216,15:23:38,567.0,50,47600
20240216,15:24:20,569.9,150,47600
20240216,15:25:38,569.85,900,47750
20240216,15:26:15,569.85,50,47750
20240216,15:26:23,569.5,150,47750
20240216,15:27:10,565.05,100,47750
20240216,15:27:15,564.95,100,47750
20240216,15:27:35,563.85,50,47750
20240216,15:27:39,563.15,50,47750
20240216,15:27:44,560.95,200,47750
20240216,15:27:55,559.55,250,47750
20240216,15:28:14,559.0,250,47750
20240216,15:29:14,558.8,100,46450
20240219,09:20:34,533.0,1,46350
20240219,09:20:34,533.0,50,46350
20240219,09:21:49,531.0,300,46350
20240219,09:22:00,531.0,50,46350
20240219,09:24:02,537.0,50,46350
20240219,09:24:12,530.0,50,46350
20240219,09:24:30,532.45,50,46350
20240219,09:25:31,538.4,50,46100
20240219,09:25:49,538.4,50,46100
20240219,09:25:53,539.95,150,46100
20240219,09:27:06,544.0,50,46100
20240219,09:27:50,544.0,400,46050
20240219,09:28:48,545.0,550,46050
20240219,09:28:57,546.0,400,46050
20240219,09:29:07,547.95,50,46050
20240219,09:29:11,547.95,50,46050
20240219,09:30:07,550.0,50,46050
20240219,09:31:08,560.35,500,46150
20240219,09:31:16,560.35,250,46150
20240219,09:33:49,537.8,50,46900
20240219,09:34:01,539.35,50,46900
20240219,09:34:36,540.0,50,46900
20240219,09:36:39,538.0,50,46950
20240219,09:37:00,536.0,50,46950
20240219,09:37:26,535.8,50,46950
20240219,09:38:20,535.8,50,46950
20240219,09:40:03,545.65,600,47050
20240219,09:40:05,552.35,50,47050
20240219,09:40:11,550.8,50,47050
20240219,09:40:58,548.5,50,47050
20240219,09:40:59,547.05,400,47050
20240219,09:41:35,548.6,50,47050
20240219,09:42:09,549.1,50,47050
20240219,09:42:31,552.05,100,47050
20240219,09:43:53,555.0,100,46950
20240219,09:44:01,552.05,50,46950
20240219,09:44:07,555.75,150,46950
20240219,09:44:23,560.0,500,46950
20240219,09:44:36,569.05,150,46950
20240219,09:45:06,578.55,50,46950
20240219,09:45:14,584.0,50,46950
20240219,09:45:26,584.0,100,46950
20240219,09:45:34,577.45,600,46450
20240219,09:45:37,575.0,50,46450
20240219,09:45:41,575.25,50,46450
20240219,09:47:04,576.5,50,46450
20240219,09:49:01,574.25,50,46400
20240219,09:50:42,582.25,1100,46400
20240219,09:50:43,582.65,250,46400
20240219,09:50:55,592.0,350,46400
20240219,09:51:08,600.7,50,46400
20240219,09:51:14,600.7,50,46400
20240219,09:51:22,600.05,50,46400
20240219,09:51:33,602.15,50,46400
20240219,09:52:00,602.15,650,45750
20240219,09:53:12,602.0,100,45750
20240219,09:53:46,600.75,100,45750
20240219,09:53:53,597.45,1350,45750
20240219,09:57:05,610.0,50,45250
20240219,09:57:44,610.0,50,45200
20240219,09:58:18,599.35,50,45200
20240219,09:59:15,592.35,50,45200
20240219,10:00:06,595.0,50,45200
20240219,10:01:00,591.2,300,45300
20240219,10:01:47,591.8,50,45300
20240219,10:02:04,586.05,100,45300
20240219,10:02:05,584.4,50,45300
20240219,10:02:51,581.55,50,45300
20240219,10:02:53,581.15,50,45300
20240219,10:05:05,579.1,50,45450
20240219,10:05:27,571.6,150,45450
20240219,10:08:25,559.85,150,45500
20240219,10:09:05,550.0,250,45500
20240219,10:09:32,551.15,100,45500
20240219,10:10:17,555.4,50,45900
20240219,10:13:48,550.0,100,45900
20240219,10:15:03,545.75,50,45900
20240219,10:15:34,543.35,500,45900
20240219,10:15:43,539.3,50,46550
20240219,10:15:47,539.6,50,46550
20240219,10:15:48,539.6,100,46550
20240219,10:16:07,545.35,100,46550
20240219,10:17:13,550.0,600,46550
20240219,10:17:52,547.95,100,46550
20240219,10:19:36,549.0,50,46100
20240219,10:21:15,540.95,50,46100
20240219,10:21:40,533.4,50,46100
20240219,10:21:53,533.5,50,46100
20240219,10:22:07,529.0,50,46100
20240219,10:22:25,529.0,150,46100
20240219,10:22:37,529.4,50,46100
20240219,10:23:01,530.0,100,46100
20240219,10:23:03,532.25,150,46100
20240219,10:23:27,531.4,500,46100
20240219,10:23:30,525.0,150,46100
20240219,10:23:31,524.15,50,46100
20240219,10:23:42,520.0,50,46100
20240219,10:23:48,518.3,300,46100
20240219,10:24:20,514.2,50,46100
20240219,10:24:23,514.2,200,46100
20240219,10:25:04,510.0,50,46200
20240219,10:25:06,505.0,50,46200
20240219,10:25:07,505.0,350,46200
20240219,10:25:08,502.0,100,46200
20240219,10:25:16,502.85,50,46200
20240219,10:25:52,506.95,50,46200
20240219,10:26:02,511.0,100,46200
20240219,10:26:03,509.0,150,46200
20240219,10:26:04,508.3,50,46200
20240219,10:26:12,507.15,100,46200
20240219,10:26:24,508.7,50,46200
20240219,10:26:29,509.0,50,46200
20240219,10:27:10,509.0,150,46200
20240219,10:27:11,509.0,100,46200
20240219,10:27:14,509.0,100,46200
20240219,10:27:15,509.0,150,46200
20240219,10:27:16,509.0,50,46200
20240219,10:27:17,509.0,50,46200
20240219,10:27:18,509.0,50,46200
20240219,10:27:24,509.0,900,46200
20240219,10:27:28,509.75,150,46200
20240219,10:29:12,515.0,50,47700
20240219,10:29:16,512.45,50,47700
20240219,10:29:26,513.05,50,47700
20240219,10:30:30,518.0,50,47700
20240219,10:30:37,522.0,50,47700
20240219,10:30:43,518.9,1800,47650
20240219,10:30:45,515.95,50,47650
20240219,10:30:46,515.0,50,47650
20240219,10:30:46,516.0,100,47650
20240219,10:31:21,518.0,50,47650
20240219,10:31:53,522.0,50,47650
20240219,10:33:05,522.0,50,47650
20240219,10:34:59,522.0,50,47050
20240219,10:36:15,536.5,50,47050
20240219,10:36:21,537.2,50,47050
20240219,10:36:49,530.25,50,47050
20240219,10:36:55,528.4,50,47000
20240219,10:39:18,525.0,50,47000
20240219,10:40:08,520.65,250,47000
20240219,10:41:12,533.05,50,47000
20240219,10:41:13,532.4,50,47000
20240219,10:44:35,528.15,150,47200
20240219,10:47:26,529.6,50,47350
20240219,10:54:56,518.8,50,47350
20240219,10:55:33,518.8,100,47350
20240219,10:55:49,515.0,50,47350
20240219,10:56:32,511.0,50,47350
20240219,10:57:01,509.0,150,47350
20240219,10:57:28,498.75,200,47350
20240219,10:57:48,496.85,50,47650
20240219,10:58:07,496.85,50,47650
20240219,10:58:09,497.2,1750,47650
20240219,10:58:14,496.3,50,47650
20240219,10:58:31,491.05,100,47650
20240219,10:58:44,491.1,100,47650
20240219,10:59:06,491.1,200,47650
20240219,10:59:07,491.1,250,47650
20240219,10:59:08,493.65,100,47650
20240219,10:59:12,491.1,50,47650
20240219,11:00:00,490.0,50,47650
20240219,11:00:05,488.3,150,47650
20240219,11:01:27,488.3,50,49550
20240219,11:01:46,496.85,50,49550
20240219,11:07:55,498.9,100,49600
20240219,11:09:53,495.55,50,49500
20240219,11:09:59,495.0,50,49500
20240219,11:10:22,491.85,50,49500
20240219,11:12:55,497.4,50,49550
20240219,11:13:23,500.8,50,49550
20240219,11:13:30,497.0,50,49550
20240219,11:14:20,480.7,250,49550
20240219,11:14:43,479.75,300,49550
20240219,11:14:45,480.25,50,49550
20240219,11:14:48,478.9,100,49550
20240219,11:14:51,478.9,50,49550
20240219,11:15:01,478.9,50,49550
20240219,11:15:06,470.0,100,49550
20240219,11:15:08,470.0,350,49550
20240219,11:15:09,470.2,650,49550
20240219,11:15:41,473.85,100,49550
20240219,11:16:08,469.05,250,49550
20240219,11:16:37,467.15,100,49550
20240219,11:17:18,452.05,50,49550
20240219,11:17:31,452.05,100,49550
20240219,11:18:10,465.65,100,49550
20240219,11:18:30,462.0,50,49550
20240219,11:18:46,457.5,500,49550
20240219,11:18:50,459.0,50,50250
20240219,11:18:59,457.5,50,50250
20240219,11:19:08,459.15,50,50250
20240219,11:19:24,455.65,50,50250
20240219,11:20:00,454.15,100,50250
20240219,11:20:07,453.4,350,50250
20240219,11:21:08,460.0,50,50250
20240219,11:22:03,465.0,50,50350
20240219,11:22:10,469.0,50,50350
20240219,11:23:03,473.6,100,50350
20240219,11:23:06,472.8,50,50350
20240219,11:23:10,472.0,100,50350
20240219,11:23:15,469.0,50,50350
20240219,11:23:31,467.75,50,50350
20240219,11:24:00,470.65,300,50350
20240219,11:24:03,470.9,150,50350
20240219,11:25:19,477.5,100,50400
20240219,11:25:21,477.7,100,50400
20240219,11:25:51,480.0,100,50400
20240219,11:26:37,470.0,100,50400
20240219,11:26:44,467.75,100,50400
20240219,11:27:04,473.5,50,50400
20240219,11:27:28,478.6,400,50400
20240219,11:27:50,481.8,100,50650
20240219,11:28:17,479.75,50,50650
20240219,11:28:50,478.8,150,50650
20240219,11:30:27,475.5,50,50650
20240219,11:31:22,481.0,300,50750
20240219,11:31:57,485.25,50,50750
20240219,11:32:44,488.0,500,50750
20240219,11:34:45,481.1,100,51150
20240219,11:34:58,482.2,50,51150
20240219,11:34:59,482.7,400,51150
20240219,11:35:36,489.55,50,51150
20240219,11:35:50,486.25,50,51150
20240219,11:35:56,484.25,500,51150
20240219,11:36:18,479.1,50,51150
20240219,11:36:27,476.6,100,51150
20240219,11:37:28,484.05,50,50550
20240219,11:38:17,483.65,50,50550
20240219,11:39:14,483.0,1950,50550
20240219,11:40:03,485.0,100,52450
20240219,11:40:24,481.1,50,52450
20240219,11:40:28,481.95,50,52450
20240219,11:41:00,479.65,250,52450
20240219,11:41:01,480.6,300,52450
20240219,11:41:40,479.55,100,52450
20240219,11:42:43,475.0,50,52450
20240219,11:43:40,473.15,100,52450
20240219,11:43:47,474.2,100,52450
20240219,11:44:30,476.1,100,52450
20240219,11:44:55,470.0,300,52450
20240219,11:45:01,468.3,300,52450
20240219,11:45:11,470.45,50,52450
20240219,11:47:12,472.5,50,52300
20240219,11:49:20,470.45,50,52300
20240219,11:49:51,470.45,50,52300
20240219,11:50:32,471.85,700,52300
20240219,11:50:50,469.05,150,52300
20240219,11:52:53,464.25,50,52400
20240219,11:52:58,464.05,50,52400
20240219,11:53:11,464.0,50,52400
20240219,11:53:23,463.35,50,52400
20240219,11:53:37,463.45,300,52400
20240219,11:54:11,460.55,400,52400
20240219,11:55:10,460.15,50,52400
20240219,11:55:19,460.15,50,52400
20240219,11:55:56,456.75,150,52400
20240219,11:56:00,455.55,100,52400
20240219,11:56:01,455.8,50,52400
20240219,11:56:07,453.0,50,52400
20240219,11:56:45,450.75,50,52400
20240219,11:57:05,443.1,250,52400
20240219,11:57:06,443.1,350,52400
20240219,11:57:13,440.0,150,52400
20240219,11:57:14,438.35,50,52400
20240219,11:57:25,438.35,100,52400
20240219,11:57:29,442.45,150,52400
20240219,11:57:43,440.15,50,52400
20240219,11:57:46,440.35,50,52400
20240219,11:57:48,438.0,550,52400
20240219,11:57:54,437.8,600,52400
20240219,11:58:22,437.8,100,52600
20240219,11:58:37,445.8,150,52600
20240219,11:59:04,440.0,300,52600
20240219,12:00:18,448.2,50,52600
20240219,12:01:13,450.05,100,52800
20240219,12:02:34,455.8,50,52800
20240219,12:02:37,459.0,300,52800
20240219,12:02:45,460.0,100,52800
20240219,12:03:00,458.2,50,52800
20240219,12:03:41,456.15,750,52800
20240219,12:04:46,452.25,50,52650
20240219,12:05:59,452.75,100,52650
20240219,12:09:11,447.55,50,52700
20240219,12:09:13,448.05,50,52700
20240219,12:09:53,446.1,50,52700
20240219,12:10:00,447.35,50,52700
20240219,12:10:28,445.15,50,52700
20240219,12:10:29,447.0,100,52700
20240219,12:13:41,440.0,150,52700
20240219,12:14:00,436.05,50,52650
20240219,12:15:47,436.05,150,52650
20240219,12:16:37,439.9,50,52750
20240219,12:16:51,436.05,100,52750
20240219,12:18:05,438.4,250,52750
20240219,12:18:38,441.8,50,52750
20240219,12:18:51,443.25,300,52750
20240219,12:18:53,444.0,50,52750
20240219,12:19:38,444.0,50,53350
20240219,12:20:46,444.05,50,53350
20240219,12:21:41,436.0,50,53350
20240219,12:21:52,433.0,300,53350
20240219,12:22:25,433.0,1150,53000
20240219,12:22:35,435.15,100,53000
20240219,12:22:41,433.9,100,53000
20240219,12:23:12,435.9,50,53000
20240219,12:23:59,440.95,50,53000
20240219,12:24:20,438.35,50,53000
20240219,12:26:43,445.7,250,53800
20240219,12:27:04,449.3,100,53800
20240219,12:27:14,450.8,100,53800
20240219,12:27:57,451.25,100,53800
20240219,12:27:59,451.1,100,53650
20240219,12:28:00,451.8,50,53650
20240219,12:28:08,453.75,50,53650
20240219,12:28:13,453.55,50,53650
20240219,12:28:29,451.55,200,53650
20240219,12:29:47,449.7,50,53650
20240219,12:30:00,450.2,250,53650
20240219,12:30:27,447.3,50,53650
20240219,12:30:57,448.85,50,53650
20240219,12:32:30,444.6,150,53850
20240219,12:37:09,444.6,600,53700
20240219,12:37:28,440.0,50,53700
20240219,12:37:29,438.2,150,53700
20240219,12:38:00,438.4,50,53700
20240219,12:38:44,438.0,3050,53700
20240219,12:38:46,438.0,1450,53700
20240219,12:38:47,438.0,1650,53700
20240219,12:38:48,438.0,1300,53700
20240219,12:38:49,438.0,15950,53700
20240219,12:39:34,430.2,50,53700
20240219,12:40:01,430.2,50,72950
20240219,12:41:10,436.75,50,72950
20240219,12:41:27,433.9,50,72950
20240219,12:41:45,431.85,200,72950
20240219,12:42:06,428.8,150,72950
20240219,12:42:17,428.75,50,72950
20240219,12:42:20,426.35,150,72950
20240219,12:42:23,425.0,50,72950
20240219,12:42:26,425.0,1100,72950
20240219,12:42:31,425.0,200,72950
20240219,12:42:37,426.0,50,72950
20240219,12:42:38,426.0,50,72950
20240219,12:42:42,422.95,100,72950
20240219,12:43:13,422.95,100,74300
20240219,12:43:16,430.9,250,74300
20240219,12:43:23,432.4,50,74300
20240219,12:44:07,429.55,50,74300
20240219,12:44:25,431.0,50,74300
20240219,12:44:27,431.45,50,74300
20240219,12:44:52,430.65,100,74300
20240219,12:44:55,430.45,50,74300
20240219,12:45:44,430.6,100,74300
20240219,12:46:38,436.0,250,74000
20240219,12:47:52,435.0,100,74000
20240219,12:48:12,441.45,100,74000
20240219,12:48:18,439.3,750,74000
20240219,12:48:59,440.3,50,74000
20240219,12:49:38,441.8,50,74000
20240219,12:49:53,438.15,150,74000
20240219,12:49:55,437.15,150,74000
20240219,12:51:00,435.6,50,74000
20240219,12:51:01,436.6,50,74000
20240219,12:51:28,434.6,50,74000
20240219,12:51:30,434.3,50,74000
20240219,12:52:55,440.0,50,73850
20240219,12:52:59,440.0,50,73850
20240219,12:53:40,440.0,50,73850
20240219,12:53:41,440.0,300,73850
20240219,12:56:22,437.25,50,73850
20240219,12:57:02,436.15,100,73850
20240219,12:58:43,438.2,50,73900
20240219,13:02:22,442.0,50,73900
20240219,13:02:41,443.45,50,73900
20240219,13:03:30,438.2,50,73900
20240219,13:04:33,439.3,50,73950
20240219,13:04:48,444.0,50,73950
20240219,13:04:59,445.2,50,73950
20240219,13:05:21,443.0,50,73950
20240219,13:05:46,444.55,50,73950
20240219,13:06:03,446.2,50,73950
20240219,13:06:15,443.85,50,73950
20240219,13:08:05,435.05,200,74150
20240219,13:08:06,436.2,50,74150
20240219,13:08:16,436.1,1800,74150
20240219,13:09:56,436.05,100,74150
20240219,13:11:10,433.4,250,75100
20240219,13:11:13,433.85,50,75100
20240219,13:12:08,432.2,50,75100
20240219,13:12:25,435.7,50,75100
20240219,13:12:40,430.0,50,75100
20240219,13:12:41,430.0,50,75100
20240219,13:12:53,427.0,50,75100
20240219,13:12:57,427.65,100,75100
20240219,13:13:25,429.25,50,75450
20240219,13:13:36,428.85,250,75450
20240219,13:13:52,427.25,150,75450
20240219,13:13:57,424.25,250,75450
20240219,13:14:04,423.0,50,75450
20240219,13:14:21,423.0,50,75450
20240219,13:15:08,426.6,100,75450
20240219,13:15:23,424.0,50,75450
20240219,13:15:26,421.0,50,75450
20240219,13:15:27,421.0,200,75450
20240219,13:15:40,420.55,50,75450
20240219,13:15:51,417.55,150,75450
20240219,13:16:00,417.55,150,75450
20240219,13:17:09,424.0,100,75750
20240219,13:17:20,423.7,150,75750
20240219,13:18:02,426.0,50,75750
20240219,13:19:46,428.0,50,75700
20240219,13:19:49,427.7,50,75700
20240219,13:20:32,431.0,100,75700
20240219,13:21:47,431.6,100,75700
20240219,13:22:11,432.45,50,75650
20240219,13:22:35,432.95,100,75650
20240219,13:23:31,432.7,50,75650
20240219,13:24:50,434.0,500,75650
20240219,13:25:46,438.15,250,76050
20240219,13:26:56,438.15,50,76050
20240219,13:27:58,443.0,250,76050
20240219,13:28:19,446.3,50,75850
20240219,13:28:24,448.0,250,75850
20240219,13:28:28,449.4,3400,75850
20240219,13:28:38,456.25,50,75850
20240219,13:28:40,456.8,650,75850
20240219,13:29:04,450.65,150,75850
20240219,13:29:15,455.6,100,75850
20240219,13:29:24,459.0,10050,75850
20240219,13:29:29,456.9,50,75850
20240219,13:29:59,450.0,50,75850
20240219,13:30:25,445.15,50,75850
20240219,13:30:32,452.5,50,75850
20240219,13:30:36,453.85,50,75850
20240219,13:30:41,456.45,100,75850
20240219,13:31:05,456.05,50,75850
20240219,13:31:16,455.3,50,64200
20240219,13:31:23,450.0,50,64200
20240219,13:31:24,450.35,50,64200
20240219,13:32:09,453.05,50,64200
20240219,13:32:37,457.85,100,64200
20240219,13:32:38,456.4,50,64200
20240219,13:32:55,455.2,250,64200
20240219,13:33:20,454.35,500,64200
20240219,13:33:22,453.6,50,64200
20240219,13:34:11,447.65,100,65100
20240219,13:34:30,446.15,750,65100
20240219,13:35:04,444.8,50,65100
20240219,13:35:05,444.55,50,65100
20240219,13:35:44,442.8,50,65100
20240219,13:35:51,440.35,100,65100
20240219,13:36:28,448.65,50,65100
20240219,13:36:56,450.9,500,65100
20240219,13:41:20,436.9,50,65100
20240219,13:41:28,440.2,50,65450
20240219,13:41:45,435.55,50,65450
20240219,13:43:20,434.65,400,65400
20240219,13:45:26,435.1,100,65400
20240219,13:45:51,432.35,500,65400
20240219,13:45:54,432.8,50,65400
20240219,13:47:05,431.05,600,65850
20240219,13:47:32,434.6,1800,65850
20240219,13:47:38,432.9,1800,65850
20240219,13:48:11,434.35,50,65850
20240219,13:48:42,431.2,50,65850
20240219,13:48:51,427.1,50,65850
20240219,13:49:00,426.9,1800,65850
20240219,13:49:03,428.0,1800,65850
20240219,13:50:11,425.5,300,66250
20240219,13:51:20,420.65,100,66250
20240219,13:52:10,421.7,50,66250
20240219,13:52:33,422.95,1800,66250
20240219,13:53:04,418.4,500,66250
20240219,13:54:02,425.0,50,66250
20240219,13:54:09,425.35,50,66250
20240219,13:55:07,421.9,50,66250
20240219,13:56:25,424.05,550,66250
20240219,13:57:06,427.55,50,67300
20240219,13:57:25,428.6,50,67300
20240219,13:58:02,423.5,50,67300
20240219,13:58:08,418.5,100,67300
20240219,13:58:11,411.0,100,67300
20240219,13:58:12,411.0,150,67400
20240219,13:58:18,416.2,50,67400
20240219,13:58:22,416.05,50,67400
20240219,13:58:26,417.7,50,67400
20240219,13:58:34,422.0,50,67400
20240219,13:58:41,425.0,50,67400
20240219,13:58:48,428.2,50,67400
20240219,13:58:50,427.6,50,67400
20240219,13:59:19,427.7,500,67400
20240219,14:00:17,426.8,50,67400
20240219,14:00:38,430.6,50,67400
20240219,14:00:43,429.15,50,67400
20240219,14:01:18,426.15,50,67750
20240219,14:01:49,429.2,50,67750
20240219,14:02:18,428.4,50,67750
20240219,14:02:39,427.25,400,67750
20240219,14:02:48,423.3,100,67750
20240219,14:02:52,423.0,500,67750
20240219,14:03:05,421.0,50,67750
20240219,14:03:16,421.95,50,67750
20240219,14:03:22,425.05,150,67750
20240219,14:04:10,425.0,50,67750
20240219,14:04:49,422.55,50,68300
20240219,14:05:38,423.25,50,68300
20240219,14:06:14,421.0,50,68300
20240219,14:06:21,422.15,1800,68300
20240219,14:06:37,422.5,50,68300
20240219,14:08:11,422.6,50,68300
20240219,14:09:59,430.9,100,66550
20240219,14:10:03,430.6,50,66550
20240219,14:10:04,429.65,50,66550
20240219,14:10:23,431.1,50,66500
20240219,14:10:47,433.15,850,66500
20240219,14:10:59,428.7,50,66500
20240219,14:12:22,428.05,50,66500
20240219,14:12:50,433.2,200,66500
20240219,14:13:26,432.3,400,66400
20240219,14:13:59,435.0,50,66400
20240219,14:14:09,435.15,50,66400
20240219,14:14:34,433.8,50,66400
20240219,14:14:42,433.35,50,66400
20240219,14:14:50,433.7,50,66400
20240219,14:16:05,425.8,450,66400
20240219,14:18:28,424.75,500,65900
20240219,14:19:05,425.9,50,65900
20240219,14:20:04,426.1,50,65550
20240219,14:20:20,424.85,50,65550
20240219,14:20:22,423.75,50,65550
20240219,14:20:28,418.45,200,65550
20240219,14:20:30,418.2,50,65550
20240219,14:20:32,417.6,50,65550
20240219,14:22:22,411.0,250,65300
20240219,14:22:37,412.4,100,65300
20240219,14:22:45,411.0,50,65300
20240219,14:22:50,410.0,100,65300
20240219,14:23:09,405.0,400,65300
20240219,14:23:17,406.05,200,65300
20240219,14:23:39,409.5,100,65300
20240219,14:24:03,404.75,50,65300
20240219,14:24:45,404.1,300,65300
20240219,14:24:53,399.55,200,65300
20240219,14:24:57,400.05,100,65300
20240219,14:25:23,400.05,50,65300
20240219,14:25:29,402.95,100,65300
20240219,14:25:30,402.1,50,65300
20240219,14:25:52,401.6,50,65300
20240219,14:26:04,400.65,750,65300
20240219,14:26:10,401.2,1800,65300
20240219,14:26:32,404.45,100,65300
20240219,14:26:47,400.75,100,65300
20240219,14:26:57,401.25,100,65300
20240219,14:27:05,400.55,1650,65300
20240219,14:27:11,403.6,50,65300
20240219,14:27:20,405.0,50,65300
20240219,14:27:35,405.45,50,65300
20240219,14:27:37,403.6,500,65300
20240219,14:28:27,405.0,50,66900
20240219,14:28:35,405.0,100,66900
20240219,14:28:37,404.15,100,66900
20240219,14:28:38,403.6,250,66900
20240219,14:28:56,403.0,1000,66900
20240219,14:28:58,403.55,50,66900
20240219,14:29:54,402.65,100,66900
20240219,14:30:13,408.0,100,66900
20240219,14:30:31,408.0,500,66900
20240219,14:31:14,410.8,50,66900
20240219,14:31:22,410.1,250,67000
20240219,14:31:44,409.5,1000,67000
20240219,14:32:33,411.0,50,67000
20240219,14:32:34,410.65,50,67000
20240219,14:32:55,410.95,50,67000
20240219,14:33:06,413.6,100,67000
20240219,14:33:08,414.9,850,67000
20240219,14:33:08,414.9,1050,67000
20240219,14:33:16,415.65,150,67000
20240219,14:33:26,416.0,50,67000
20240219,14:33:37,414.4,50,67000
20240219,14:33:54,412.75,200,67000
20240219,14:34:06,414.95,50,67000
20240219,14:34:21,415.15,100,64850
20240219,14:34:23,415.2,1500,64850
20240219,14:35:37,413.3,200,64850
20240219,14:35:57,412.05,150,64850
20240219,14:36:12,411.4,100,64850
20240219,14:36:18,410.3,100,64850
20240219,14:37:15,417.85,100,64850
20240219,14:38:14,420.75,100,66000
20240219,14:38:42,421.0,100,66000
20240219,14:38:57,421.2,50,66000
20240219,14:39:28,420.2,250,66000
20240219,14:39:51,418.35,50,66000
20240219,14:40:00,420.55,50,66000
20240219,14:40:56,422.35,50,66100
20240219,14:41:02,422.3,100,66100
20240219,14:41:30,420.5,250,66100
20240219,14:42:26,421.05,50,66100
20240219,14:42:55,421.1,50,66100
20240219,14:43:15,418.65,200,66100
20240219,14:43:22,417.2,50,66050
20240219,14:44:28,426.55,50,66050
20240219,14:44:29,426.7,50,66050
20240219,14:44:39,427.4,1000,66050
20240219,14:45:14,426.7,50,66050
20240219,14:45:17,426.0,50,66050
20240219,14:45:19,425.15,100,66050
20240219,14:45:35,428.0,50,66050
20240219,14:45:36,430.0,100,66050
20240219,14:45:38,431.55,50,66050
20240219,14:46:34,433.6,50,66050
20240219,14:47:16,431.55,500,66750
20240219,14:48:02,432.65,50,66750
20240219,14:48:42,445.05,50,66750
20240219,14:48:44,442.7,250,66750
20240219,14:48:47,446.0,100,66750
20240219,14:48:48,446.55,200,66750
20240219,14:48:57,446.55,50,66750
20240219,14:49:02,445.5,100,66750
20240219,14:49:04,448.0,150,66750
20240219,14:49:06,445.5,50,66750
20240219,14:49:15,444.05,50,66750
20240219,14:49:30,444.05,50,66850
20240219,14:49:41,442.5,50,66850
20240219,14:49:43,442.5,50,66850
20240219,14:50:06,446.25,50,66850
20240219,14:50:07,445.75,100,66850
20240219,14:50:16,448.0,10000,66850
20240219,14:50:18,450.0,250,66850
20240219,14:50:26,451.55,50,66850
20240219,14:50:27,451.25,100,66850
20240219,14:50:29,450.8,50,66850
20240219,14:50:34,448.15,350,66850
20240219,14:50:50,448.15,50,66850
20240219,14:50:59,443.0,50,66850
20240219,14:51:08,443.0,50,66850
20240219,14:51:13,442.7,500,66850
20240219,14:51:36,442.1,50,66850
20240219,14:51:47,441.55,50,66850
20240219,14:51:54,440.6,50,66850
20240219,14:52:01,439.65,50,66850
20240219,14:52:16,436.15,50,66850
20240219,14:52:24,434.2,50,58550
20240219,14:52:29,434.2,50,58550
20240219,14:52:30,433.6,50,58550
20240219,14:52:41,432.75,50,58550
20240219,14:52:46,432.4,500,58550
20240219,14:52:56,429.25,50,58550
20240219,14:52:57,429.25,200,58550
20240219,14:52:59,430.0,50,58550
20240219,14:54:05,434.45,50,58550
20240219,14:55:22,435.7,50,59200
20240219,14:55:26,435.7,50,59200
20240219,14:56:57,449.75,200,59200
20240219,14:57:02,450.0,750,59200
20240219,14:57:10,450.5,50,59200
20240219,14:57:17,454.0,1000,59200
20240219,14:57:22,457.7,250,59200
20240219,14:57:23,458.0,550,59200
20240219,14:57:29,460.9,50,59200
20240219,14:57:32,459.5,50,59200
20240219,14:57:34,461.95,50,59200
20240219,14:57:50,465.0,1050,59200
20240219,14:57:51,464.5,50,59200
20240219,14:57:52,464.0,50,59200
20240219,14:57:56,462.0,100,59200
20240219,14:57:59,460.0,50,59200
20240219,14:58:05,464.25,550,59200
20240219,14:58:27,455.2,50,57050
20240219,14:58:35,459.7,100,57050
20240219,14:58:43,457.15,50,57050
20240219,14:58:44,456.95,500,57050
20240219,14:58:52,461.85,50,57050
20240219,14:59:01,462.5,50,57050
20240219,14:59:10,459.75,50,57050
20240219,14:59:20,460.85,250,57050
20240219,14:59:21,462.5,50,57050
20240219,14:59:22,461.9,50,57050
20240219,14:59:31,461.9,50,57050
20240219,14:59:54,459.7,50,57050
20240219,15:00:04,457.5,50,57050
20240219,15:00:07,457.8,50,57050
20240219,15:00:08,459.0,50,57050
20240219,15:00:20,459.35,150,57050
20240219,15:00:24,462.55,50,57050
20240219,15:00:26,471.3,150,57050
20240219,15:00:30,468.05,50,57050
20240219,15:00:38,466.45,50,57050
20240219,15:00:53,460.05,50,57050
20240219,15:00:57,460.0,50,57050
20240219,15:00:59,460.4,200,57050
20240219,15:01:08,453.45,200,57050
20240219,15:01:28,448.8,500,56450
20240219,15:01:37,441.95,50,56450
20240219,15:02:00,444.95,50,56450
20240219,15:02:23,443.0,250,56450
20240219,15:02:33,448.05,200,56450
20240219,15:03:02,451.0,250,56450
20240219,15:03:04,453.9,200,56450
20240219,15:03:07,457.8,450,56450
20240219,15:03:24,459.65,50,56450
20240219,15:03:27,459.85,50,56450
20240219,15:03:28,460.0,250,56450
20240219,15:03:35,463.35,50,56450
20240219,15:03:48,469.45,200,56450
20240219,15:03:50,471.3,650,56450
20240219,15:04:16,468.9,200,56450
20240219,15:04:31,474.5,100,54900
20240219,15:04:41,472.5,300,54900
20240219,15:04:54,471.0,2000,54900
20240219,15:05:32,472.6,50,54900
20240219,15:05:38,471.1,50,54900
20240219,15:05:54,471.65,200,54900
20240219,15:06:03,475.0,100,54900
20240219,15:06:08,474.45,200,54900
20240219,15:06:16,478.0,50,54900
20240219,15:06:28,483.0,250,54900
20240219,15:06:33,491.85,300,54900
20240219,15:06:36,492.0,100,54900
20240219,15:06:45,495.65,200,54900
20240219,15:06:47,494.4,50,54900
20240219,15:06:51,490.55,50,54900
20240219,15:06:58,491.35,50,54900
20240219,15:07:02,491.45,50,54900
20240219,15:07:04,495.65,50,54900
20240219,15:07:08,501.0,150,54900
20240219,15:07:29,495.0,50,53350
20240219,15:07:45,499.55,50,53350
20240219,15:07:50,501.0,1000,53350
20240219,15:07:52,495.95,50,53350
20240219,15:07:53,499.3,100,53350
20240219,15:08:11,490.0,50,53350
20240219,15:08:18,485.0,50,53350
20240219,15:08:46,495.0,50,53350
20240219,15:09:07,493.8,50,53350
20240219,15:09:28,500.0,150,53350
20240219,15:09:30,500.95,200,53350
20240219,15:09:32,503.6,50,53350
20240219,15:09:43,509.8,50,53350
20240219,15:09:46,509.8,350,53350
20240219,15:09:49,510.0,100,53350
20240219,15:09:57,504.4,200,53350
20240219,15:10:00,503.0,200,53350
20240219,15:10:05,502.0,150,53350
20240219,15:10:06,503.1,50,53350
20240219,15:10:10,501.0,200,53350
20240219,15:10:30,505.0,100,53000
20240219,15:10:42,505.2,50,53000
20240219,15:10:51,503.85,50,53000
20240219,15:11:38,499.15,50,53000
20240219,15:11:48,489.8,150,53000
20240219,15:13:18,488.6,200,53000
20240219,15:13:40,484.55,50,52900
20240219,15:14:04,495.0,500,52900
20240219,15:15:04,486.8,150,52900
20240219,15:15:12,492.05,100,52900
20240219,15:15:18,493.6,50,52900
20240219,15:15:57,484.75,500,52900
20240219,15:16:15,483.0,200,52900
20240219,15:17:06,473.1,500,52900
20240219,15:17:44,466.95,200,52250
20240219,15:17:54,467.95,100,52250
20240219,15:18:35,478.55,100,52250
20240219,15:18:59,478.35,550,52250
20240219,15:19:02,478.3,50,52250
20240219,15:19:34,481.65,150,52100
20240219,15:20:00,482.55,200,52100
20240219,15:20:06,481.8,200,52100
20240219,15:20:09,481.9,200,52100
20240219,15:20:10,482.05,200,52100
20240219,15:20:11,481.8,200,52100
20240219,15:20:15,478.85,200,52100
20240219,15:20:19,478.0,200,52100
20240219,15:20:22,478.55,200,52100
20240219,15:20:25,478.45,200,52100
20240219,15:20:26,478.25,200,52100
20240219,15:20:27,478.15,200,52100
20240219,15:20:28,477.1,200,52100
20240219,15:20:32,476.4,50,52100
20240219,15:20:49,479.55,100,52100
20240219,15:20:58,484.75,100,52100
20240219,15:21:52,486.75,300,52100
20240219,15:22:09,484.75,50,52100
20240219,15:22:27,484.6,100,51650
20240219,15:23:02,485.5,150,51650
20240219,15:23:23,489.95,50,51650
20240219,15:23:33,489.3,150,51650
20240219,15:23:46,486.0,50,51650
20240219,15:23:47,485.5,100,51650
20240219,15:23:51,485.0,100,51650
20240219,15:24:12,486.45,250,51650
20240219,15:24:34,489.35,100,51650
20240219,15:25:00,489.0,100,51650
20240219,15:25:25,493.4,50,51650
20240219,15:25:30,492.4,500,51300
20240219,15:25:33,492.75,50,51300
20240219,15:25:36,491.5,100,51300
20240219,15:25:48,494.75,50,51300
20240219,15:26:03,494.4,50,51300
20240219,15:26:09,494.3,50,51300
20240219,15:26:17,493.75,450,51300
20240219,15:26:32,497.3,100,51300
20240219,15:26:34,497.5,50,51300
20240219,15:26:39,500.0,50,51300
20240219,15:26:44,500.9,200,51300
20240219,15:27:01,501.7,450,51300
20240219,15:27:03,501.95,250,51300
20240219,15:27:36,494.25,700,51300
20240219,15:28:11,495.65,50,51300
20240219,15:29:08,497.1,200,50650
20240220,09:15:54,518.25,1,50450
20240220,09:15:54,518.25,50,50450
20240220,09:16:08,545.9,50,50450
20240220,09:16:15,545.9,100,50450
20240220,09:16:17,541.25,400,50450
20240220,09:16:40,538.75,50,50450
20240220,09:16:58,540.05,50,50450
20240220,09:17:06,542.0,50,50450
20240220,09:17:30,538.95,50,50450
20240220,09:17:44,540.0,50,50450
20240220,09:17:56,540.1,50,50450
20240220,09:18:04,542.1,50,50450
20240220,09:18:07,542.0,300,50450
20240220,09:18:39,550.0,100,50450
20240220,09:19:00,550.35,50,49850
20240220,09:19:05,555.0,50,49850
20240220,09:20:03,555.0,50,49850
20240220,09:20:04,555.05,50,49850
20240220,09:20:06,555.25,150,49850
20240220,09:20:11,556.05,50,49850
20240220,09:20:14,556.05,250,49850
20240220,09:21:43,547.85,50,49850
20240220,09:21:58,547.7,100,49550
20240220,09:22:01,552.1,50,49550
20240220,09:23:07,547.15,50,49550
20240220,09:24:08,537.9,50,49550
20240220,09:24:19,540.6,500,49550
20240220,09:25:21,541.45,50,49850
20240220,09:25:23,538.95,50,49850
20240220,09:25:50,537.6,50,49850
20240220,09:26:27,530.9,500,49850
20240220,09:26:30,531.35,100,49850
20240220,09:26:52,532.5,1500,49850
20240220,09:27:11,528.0,450,49850
20240220,09:27:54,526.75,250,49550
20240220,09:27:59,530.35,50,49550
20240220,09:28:21,530.0,50,49550
20240220,09:28:35,532.5,150,49550
20240220,09:28:40,532.5,1350,49550
20240220,09:28:58,528.0,500,49550
20240220,09:29:04,523.0,550,49550
20240220,09:29:17,522.3,200,49550
20240220,09:29:26,528.0,50,49550
20240220,09:30:27,538.0,100,49550
20240220,09:30:29,539.05,750,49550
20240220,09:30:39,536.4,50,49550
20240220,09:30:48,529.5,100,49550
20240220,09:31:51,539.5,100,49550
20240220,09:32:16,541.75,1100,47950
20240220,09:34:13,541.65,500,48850
20240220,09:35:50,540.0,50,48850
20240220,09:36:18,540.0,100,48850
20240220,09:36:47,537.9,250,48850
20240220,09:37:26,535.0,50,48600
20240220,09:37:35,530.0,50,48600
20240220,09:37:53,525.0,100,48600
20240220,09:38:53,527.45,50,48600
20240220,09:39:47,526.15,250,48600
20240220,09:40:04,530.0,50,48900
20240220,09:40:39,524.0,50,48900
20240220,09:40:43,520.0,50,48900
20240220,09:40:47,521.5,650,48900
20240220,09:40:48,522.55,200,48900
20240220,09:40:52,521.15,100,48900
20240220,09:40:55,519.8,400,48900
20240220,09:40:58,518.35,50,48900
20240220,09:41:06,520.85,250,48900
20240220,09:41:12,519.6,250,48900
20240220,09:41:16,518.05,150,48900
20240220,09:41:26,516.05,200,48900
20240220,09:41:27,515.0,50,48900
20240220,09:41:29,515.0,200,48900
20240220,09:41:56,515.8,50,48900
20240220,09:41:57,515.7,50,48900
20240220,09:42:03,513.3,200,48900
20240220,09:42:04,513.3,100,48900
20240220,09:42:14,513.3,150,48900
20240220,09:42:27,507.7,200,48900
20240220,09:42:33,507.05,100,48900
20240220,09:42:41,506.65,50,48900
20240220,09:43:07,502.8,100,48250
20240220,09:43:11,500.0,150,48250
20240220,09:43:31,500.0,50,48250
20240220,09:43:43,497.65,50,48250
20240220,09:43:48,497.05,1100,48250
20240220,09:44:12,497.05,100,48250
20240220,09:44:15,507.2,50,48250
20240220,09:44:48,512.5,50,48250
20240220,09:45:07,511.85,50,48250
20240220,09:45:15,512.05,200,48250
20240220,09:45:26,514.25,50,48250
20240220,09:45:37,508.55,50,48250
20240220,09:45:39,507.9,200,48250
20240220,09:46:12,511.05,100,48100
20240220,09:46:33,511.05,100,48100
20240220,09:46:56,511.2,100,48100
20240220,09:47:04,512.6,50,48100
20240220,09:47:10,516.0,100,48100
20240220,09:48:13,520.45,200,48100
20240220,09:48:18,522.0,100,48100
20240220,09:48:30,525.0,150,48100
20240220,09:48:34,527.05,100,48100
20240220,09:48:38,528.35,2750,48100
20240220,09:48:59,526.8,50,50200
20240220,09:49:03,530.75,1300,50200
20240220,09:49:08,536.0,100,50200
20240220,09:49:13,536.45,50,50200
20240220,09:49:14,536.85,300,50200
20240220,09:49:27,541.15,200,50200
20240220,09:49:38,538.25,700,50200
20240220,09:50:00,544.0,150,50200
20240220,09:50:01,546.0,50,50200
20240220,09:50:03,546.3,50,50200
20240220,09:50:05,547.0,900,50200
20240220,09:50:07,551.65,150,50200
20240220,09:50:21,543.85,50,50200
20240220,09:50:51,534.85,200,50200
20240220,09:50:59,534.85,200,50200
20240220,09:51:03,546.45,100,50200
20240220,09:51:29,540.0,50,50200
20240220,09:52:09,547.95,50,50700
20240220,09:52:12,543.95,100,50700
20240220,09:52:24,542.1,50,50700
20240220,09:52:39,539.15,100,50700
20240220,09:52:49,544.35,100,50700
20240220,09:53:40,551.0,50,50700
20240220,09:53:44,553.65,150,50700
20240220,09:53:57,560.0,200,50700
20240220,09:53:59,562.6,200,50700
20240220,09:54:06,564.45,50,50700
20240220,09:54:10,564.45,100,50700
20240220,09:54:12,562.05,50,50700
20240220,09:54:16,560.0,50,50700
20240220,09:54:31,550.65,50,50700
20240220,09:54:40,556.5,1250,50700
20240220,09:54:57,560.25,50,51450
20240220,09:56:02,571.95,100,51450
20240220,09:56:07,573.95,50,51450
20240220,09:56:12,575.0,100,51450
20240220,09:56:24,575.0,100,51450
20240220,09:56:33,575.0,50,51450
20240220,09:56:36,568.0,100,51450
20240220,09:57:43,554.7,200,51450
20240220,09:57:49,555.9,200,51450
20240220,09:57:53,554.8,50,51650
20240220,09:58:37,558.8,50,51650
20240220,10:00:02,553.9,50,51650
20240220,10:00:16,553.9,50,51650
20240220,10:01:13,551.1,50,51700
20240220,10:01:18,551.0,50,51700
20240220,10:01:20,551.0,100,51700
20240220,10:01:34,553.9,300,51700
20240220,10:01:41,553.6,50,51700
20240220,10:01:49,551.6,200,51700
20240220,10:02:26,545.35,200,51700
20240220,10:02:51,543.25,100,51700
20240220,10:03:01,539.25,50,51700
20240220,10:03:04,541.65,150,51700
20240220,10:03:28,556.85,200,51700
20240220,10:03:48,564.05,50,51700
20240220,10:03:55,563.0,100,51400
20240220,10:04:06,557.15,50,51400
20240220,10:04:15,555.0,50,51400
20240220,10:04:49,558.45,50,51400
20240220,10:05:12,555.0,50,51400
20240220,10:05:59,555.25,50,51400
20240220,10:06:04,550.0,50,51400
20240220,10:06:09,545.0,50,51400
20240220,10:06:10,543.15,50,51400
20240220,10:06:14,545.35,100,51400
20240220,10:06:20,548.55,100,51400
20240220,10:06:50,553.75,50,51400
20240220,10:07:02,555.0,50,51350
20240220,10:08:23,545.0,50,51350
20240220,10:08:28,542.0,50,51350
20240220,10:08:30,540.0,50,51350
20240220,10:08:39,537.65,50,51350
20240220,10:08:41,537.25,200,51350
20240220,10:08:49,535.0,100,51350
20240220,10:08:50,534.95,150,51350
20240220,10:09:20,531.4,200,51350
20240220,10:10:17,530.0,50,51250
20240220,10:10:42,532.0,500,51250
20240220,10:10:45,531.15,200,51250
20240220,10:11:50,539.8,100,51250
20240220,10:13:03,548.0,50,51450
20240220,10:13:18,552.5,50,51450
20240220,10:14:14,537.6,100,51450
20240220,10:14:27,537.0,50,51450
20240220,10:15:46,523.0,50,51450
20240220,10:15:56,520.0,50,51550
20240220,10:16:06,512.0,100,51550
20240220,10:16:08,515.0,50,51550
20240220,10:16:12,513.0,200,51550
20240220,10:16:19,505.05,2200,51550
20240220,10:16:32,505.8,200,51550
20240220,10:17:12,508.6,50,51550
20240220,10:17:20,514.0,50,51550
20240220,10:17:21,512.0,150,51550
20240220,10:17:23,508.25,1800,51550
20240220,10:17:26,507.45,50,51550
20240220,10:17:27,505.8,50,51550
20240220,10:17:34,503.85,950,51550
20240220,10:17:53,504.2,50,51550
20240220,10:18:07,510.4,200,51550
20240220,10:18:59,505.85,500,48550
20240220,10:19:11,500.0,100,48550
20240220,10:20:07,497.75,50,48550
20240220,10:20:24,504.1,50,48550
20240220,10:21:03,503.2,100,48550
20240220,10:21:04,499.0,100,48550
20240220,10:21:06,498.2,50,48550
20240220,10:21:10,496.75,150,48550
20240220,10:21:12,496.75,500,48550
20240220,10:21:43,499.95,250,48550
20240220,10:21:49,502.0,150,48550
20240220,10:22:39,502.8,100,49300
20240220,10:23:23,505.45,2300,49300
20240220,10:25:34,500.0,100,51700
20240220,10:25:47,500.45,50,51700
20240220,10:27:43,501.45,50,51700
20240220,10:27:51,503.0,200,51700
20240220,10:28:05,501.0,50,51750
20240220,10:28:39,499.25,200,51750
20240220,10:29:03,508.0,100,51750
20240220,10:29:14,505.75,200,51750
20240220,10:29:16,506.1,200,51750
20240220,10:29:17,503.7,100,51750
20240220,10:29:41,495.0,400,51750
20240220,10:30:00,491.45,150,51750
20240220,10:30:17,491.45,350,51750
20240220,10:30:50,485.0,50,51750
20240220,10:30:52,485.0,50,51750
20240220,10:31:03,490.0,100,52000
20240220,10:31:09,490.4,50,52000
20240220,10:31:36,491.1,100,52000
20240220,10:31:55,494.0,50,52000
20240220,10:32:15,495.85,50,52000
20240220,10:32:41,496.65,50,52000
20240220,10:32:47,501.0,50,52000
20240220,10:33:19,502.8,100,52000
20240220,10:34:07,504.2,50,52000
20240220,10:34:10,503.05,50,52000
20240220,10:34:27,500.1,50,52000
20240220,10:35:23,500.7,50,52000
20240220,10:36:13,511.3,450,52000
20240220,10:36:15,509.15,900,52000
20240220,10:36:55,514.0,100,52000
20240220,10:36:56,516.4,50,52000
20240220,10:36:57,517.4,50,52000
20240220,10:37:00,517.95,50,52000
20240220,10:37:02,520.0,100,52000
20240220,10:38:32,510.7,200,52000
20240220,10:38:42,511.95,200,52000
20240220,10:39:19,510.3,50,52000
20240220,10:39:22,510.6,50,52000
20240220,10:39:26,511.95,50,52000
20240220,10:40:18,504.15,50,51850
20240220,10:40:47,511.45,50,51850
20240220,10:41:28,512.75,50,51850
20240220,10:42:44,522.0,50,51850
20240220,10:43:07,520.4,50,51850
20240220,10:43:43,520.4,50,51850
20240220,10:44:41,520.4,100,51850
20240220,10:44:46,523.0,50,51850
20240220,10:44:47,526.4,500,51850
20240220,10:47:05,520.0,100,51400
20240220,10:50:25,518.9,50,51400
20240220,10:50:31,515.0,100,51400
20240220,10:50:44,514.95,200,51400
20240220,10:50:57,513.75,200,51400
20240220,10:51:24,518.85,50,51400
20240220,10:51:26,520.0,50,51400
20240220,10:51:49,535.45,50,51400
20240220,10:51:53,542.65,1000,51400
20240220,10:52:04,542.65,50,52300
20240220,10:52:08,544.5,50,52300
20240220,10:52:38,538.45,200,52300
20240220,10:53:17,543.0,200,52300
20240220,10:53:35,543.0,100,52300
20240220,10:53:46,539.0,100,52300
20240220,10:54:07,544.65,50,52300
20240220,10:56:10,539.85,50,52100
20240220,10:57:20,526.8,200,52100
20240220,10:58:27,532.1,500,52050
20240220,10:59:25,535.5,200,52050
20240220,10:59:58,537.45,100,52050
20240220,11:00:03,541.55,1250,52050
20240220,11:00:11,539.55,100,52050
20240220,11:02:34,540.0,50,53150
20240220,11:04:43,535.85,300,53150
20240220,11:05:09,531.5,300,53150
20240220,11:05:10,530.0,100,53150
20240220,11:06:24,524.6,200,53150
20240220,11:07:53,536.0,100,53100
20240220,11:07:58,536.7,200,53100
20240220,11:08:13,530.0,100,53100
20240220,11:08:42,525.0,100,53100
20240220,11:09:01,525.35,250,53100
20240220,11:09:09,522.85,200,53100
20240220,11:09:58,520.0,100,53100
20240220,11:10:14,518.65,200,53150
20240220,11:10:19,518.35,50,53150
20240220,11:10:52,525.0,100,53150
20240220,11:13:18,528.0,100,53350
20240220,11:13:19,529.7,200,53350
20240220,11:14:04,520.0,100,53350
20240220,11:14:06,521.7,50,53350
20240220,11:14:14,515.0,100,53350
20240220,11:14:32,516.5,200,53350
20240220,11:14:50,518.45,50,53350
20240220,11:15:38,515.0,100,53350
20240220,11:16:01,516.55,50,53350
20240220,11:16:29,520.0,50,53350
20240220,11:16:51,521.45,100,53350
20240220,11:17:54,515.0,50,53350
20240220,11:18:26,510.0,150,53350
20240220,11:18:32,505.1,200,53350
20240220,11:18:39,504.15,50,53350
20240220,11:18:42,501.75,100,53350
20240220,11:18:44,503.35,50,53350
20240220,11:19:42,501.0,100,53350
20240220,11:19:49,500.0,350,53350
20240220,11:19:59,499.0,50,53350
20240220,11:20:00,499.95,50,53350
20240220,11:20:09,493.2,550,53350
20240220,11:20:16,494.1,100,53350
20240220,11:20:24,495.45,50,53350
20240220,11:21:36,493.5,100,53350
20240220,11:21:59,490.0,50,53350
20240220,11:22:26,492.75,50,53850
20240220,11:22:34,490.0,50,53850
20240220,11:23:32,490.95,50,53850
20240220,11:23:51,492.7,50,53850
20240220,11:24:01,492.0,50,53850
20240220,11:25:15,494.8,100,53950
20240220,11:25:34,498.0,50,53950
20240220,11:26:24,498.8,50,53950
20240220,11:28:04,500.0,50,53950
20240220,11:30:07,494.0,200,54050
20240220,11:30:56,496.15,150,54050
20240220,11:31:26,490.0,50,54300
20240220,11:31:55,487.15,50,54300
20240220,11:32:14,484.45,50,54300
20240220,11:32:28,481.0,100,54300
20240220,11:32:34,481.0,50,54300
20240220,11:32:36,480.0,250,54300
20240220,11:32:55,480.0,800,54300
20240220,11:33:04,475.1,150,54300
20240220,11:35:01,474.45,50,54150
20240220,11:35:40,474.45,50,54150
20240220,11:36:48,489.15,50,54150
20240220,11:36:53,488.75,50,54150
20240220,11:36:58,488.55,50,54150
20240220,11:37:19,488.25,50,54250
20240220,11:37:53,487.3,50,54250
20240220,11:38:08,492.1,100,54250
20240220,11:38:51,492.85,50,54250
20240220,11:39:02,495.0,150,54250
20240220,11:39:09,500.0,300,54250
20240220,11:39:12,501.85,50,54250
20240220,11:39:18,505.1,50,54250
20240220,11:39:26,503.5,50,54250
20240220,11:39:27,505.55,100,54250
20240220,11:39:32,503.1,100,54250
20240220,11:39:36,505.0,50,54250
20240220,11:39:51,501.95,50,54250
20240220,11:40:00,501.75,50,54250
20240220,11:40:18,502.45,50,54450
20240220,11:40:26,501.5,50,54450
20240220,11:41:02,498.8,50,54450
20240220,11:44:26,493.75,50,54500
20240220,11:48:29,491.75,50,54450
20240220,11:49:27,486.75,100,54450
20240220,11:53:31,486.75,50,54450
20240220,11:53:48,483.65,50,54450
20240220,11:54:15,484.8,200,54450
20240220,11:54:46,486.75,50,54450
20240220,11:55:07,491.3,200,54450
20240220,11:55:13,490.15,100,54450
20240220,11:56:00,484.45,50,54450
20240220,11:56:38,479.8,200,54450
20240220,11:57:22,478.25,50,54450
20240220,11:57:28,479.2,200,54450
20240220,11:57:30,479.55,50,54450
20240220,11:58:48,470.8,550,54650
20240220,11:58:55,470.0,50,54650
20240220,11:59:19,463.85,200,54650
20240220,11:59:37,467.5,50,54650
20240220,12:00:01,466.75,50,54650
20240220,12:00:08,464.4,50,54650
20240220,12:00:08,465.25,50,54650
20240220,12:00:15,464.8,50,54650
20240220,12:00:50,461.4,250,54650
20240220,12:01:03,460.1,550,54650
20240220,12:01:04,460.5,250,54650
20240220,12:01:04,460.4,100,54650
20240220,12:01:06,460.25,250,54650
20240220,12:01:22,457.45,1000,53100
20240220,12:01:27,457.45,200,53100
20240220,12:01:28,459.3,100,53100
20240220,12:01:34,457.8,150,53100
20240220,12:01:39,456.5,150,53100
20240220,12:01:40,455.0,100,53100
20240220,12:01:43,455.0,50,53100
20240220,12:01:49,453.85,200,53100
20240220,12:02:06,451.25,100,53100
20240220,12:02:11,450.0,50,53100
20240220,12:02:21,449.55,1300,53100
20240220,12:02:25,445.0,50,53100
20240220,12:02:34,444.35,200,53100
20240220,12:02:42,445.35,50,53100
20240220,12:02:59,446.05,400,53100
20240220,12:03:07,440.35,100,53100
20240220,12:03:20,436.25,50,53100
20240220,12:03:37,434.55,50,53100
20240220,12:03:46,433.15,50,53100
20240220,12:03:49,433.0,200,53100
20240220,12:03:50,431.75,150,53100
20240220,12:04:42,438.25,50,52650
20240220,12:05:18,439.8,100,52650
20240220,12:05:54,443.8,1800,52650
20240220,12:06:06,443.5,100,52650
20240220,12:06:36,440.0,50,52650
20240220,12:06:50,441.8,50,52650
20240220,12:06:52,440.0,50,52650
20240220,12:07:25,438.6,1800,54000
20240220,12:07:52,432.75,200,54000
20240220,12:07:54,433.1,50,54000
20240220,12:08:34,434.65,150,54000
20240220,12:08:42,437.75,50,54000
20240220,12:09:10,435.6,650,54000
20240220,12:09:14,435.55,150,54000
20240220,12:09:22,430.0,100,54000
20240220,12:09:33,425.65,100,54000
20240220,12:09:36,425.65,50,54000
20240220,12:09:44,426.1,200,54000
20240220,12:09:45,425.0,50,54000
20240220,12:09:56,425.0,50,54000
20240220,12:10:06,421.55,150,54000
20240220,12:10:13,418.2,100,54000
20240220,12:10:19,418.2,50,53750
20240220,12:11:04,426.45,100,53750
20240220,12:11:12,427.1,50,53750
20240220,12:11:13,426.45,50,53750
20240220,12:11:25,431.15,100,53750
20240220,12:11:30,430.65,50,53750
20240220,12:12:03,430.5,100,53750
20240220,12:12:09,429.45,50,53750
20240220,12:12:46,434.1,200,53750
20240220,12:12:47,434.15,50,53750
20240220,12:12:59,433.0,100,53750
20240220,12:13:08,434.4,50,53750
20240220,12:13:32,433.45,50,53750
20240220,12:13:40,435.65,50,54000
20240220,12:13:46,434.5,100,54000
20240220,12:13:51,433.15,200,54000
20240220,12:14:19,436.8,100,54000
20240220,12:14:47,440.0,100,54000
20240220,12:15:08,440.8,50,54000
20240220,12:16:08,445.0,200,54000
20240220,12:16:20,445.0,50,53800
20240220,12:16:28,448.0,100,53800
20240220,12:16:34,448.0,50,53800
20240220,12:16:56,448.0,50,53800
20240220,12:17:07,446.75,50,53800
20240220,12:17:29,450.0,50,53800
20240220,12:18:56,455.0,50,53800
20240220,12:19:09,455.5,100,53800
20240220,12:19:20,455.5,100,53800
20240220,12:19:26,453.3,300,53800
20240220,12:20:05,452.15,50,53800
20240220,12:20:48,446.35,100,53800
20240220,12:21:07,453.0,50,53800
20240220,12:21:46,447.85,100,53800
20240220,12:22:12,448.25,50,53800
20240220,12:23:45,445.0,300,53750
20240220,12:23:50,444.9,100,53750
20240220,12:23:54,445.65,50,53750
20240220,12:24:00,445.3,250,53750
20240220,12:24:06,446.55,100,53750
20240220,12:25:36,442.75,50,53900
20240220,12:27:34,449.55,50,53900
20240220,12:27:42,450.25,200,53900
20240220,12:27:49,451.5,100,53900
20240220,12:28:09,453.15,150,53900
20240220,12:28:21,451.3,50,54050
20240220,12:28:25,453.05,50,54050
20240220,12:28:41,451.0,100,54050
20240220,12:28:51,447.25,100,54050
20240220,12:30:54,443.85,50,54050
20240220,12:32:00,452.7,50,54000
20240220,12:32:27,455.3,50,54000
20240220,12:32:44,454.3,150,54000
20240220,12:34:07,454.0,50,54000
20240220,12:37:24,452.0,50,53900
20240220,12:38:21,459.0,400,53900
20240220,12:39:23,450.15,100,53900
20240220,12:39:40,450.5,150,53900
20240220,12:39:47,448.95,50,53900
20240220,12:39:54,450.6,50,53900
20240220,12:40:25,447.0,50,53850
20240220,12:40:37,446.0,50,53850
20240220,12:41:01,445.55,100,53850
20240220,12:41:50,448.9,50,53850
20240220,12:42:59,441.8,150,53850
20240220,12:43:46,440.9,50,53850
20240220,12:44:03,441.7,100,53850
20240220,12:44:15,442.85,50,53850
20240220,12:44:38,442.25,150,53850
20240220,12:44:48,440.0,50,53850
20240220,12:47:44,446.7,50,53900
20240220,12:47:58,447.0,150,53900
20240220,12:48:03,447.85,50,53900
20240220,12:48:24,448.0,200,53900
20240220,12:49:22,440.0,250,54000
20240220,12:49:56,440.05,50,54000
20240220,12:50:10,444.3,50,54000
20240220,12:51:01,442.55,50,54000
20240220,12:51:41,448.65,50,54000
20240220,12:52:24,443.75,50,54150
20240220,12:52:39,442.8,300,54150
20240220,12:56:06,440.8,50,54200
20240220,12:56:33,437.1,50,54200
20240220,12:56:37,436.85,200,54200
20240220,12:57:21,438.0,50,54200
20240220,12:58:32,441.25,50,54150
20240220,12:58:55,446.95,150,54150
20240220,12:59:20,447.0,50,54150
20240220,12:59:37,447.8,50,54150
20240220,12:59:52,450.45,100,54150
20240220,12:59:55,450.85,50,54150
20240220,13:00:02,450.05,400,54150
20240220,13:00:04,450.8,50,54150
20240220,13:00:33,451.8,250,54150
20240220,13:00:40,452.6,300,54150
20240220,13:00:41,450.55,250,54150
20240220,13:00:42,449.15,600,54150
20240220,13:00:53,447.6,50,54150
20240220,13:02:06,452.95,300,54200
20240220,13:02:09,453.95,200,54200
20240220,13:04:23,450.5,50,54500
20240220,13:05:16,450.5,50,54500
20240220,13:06:34,449.0,50,54500
20240220,13:06:38,449.55,400,54500
20240220,13:08:31,448.55,50,54900
20240220,13:10:16,446.65,50,54900
20240220,13:10:22,447.0,50,54900
20240220,13:11:00,450.1,50,54850
20240220,13:12:05,448.85,100,54850
20240220,13:12:26,449.7,50,54850
20240220,13:13:25,456.0,200,54850
20240220,13:13:50,457.95,150,54850
20240220,13:14:04,463.0,100,54850
20240220,13:14:06,465.0,50,54850
20240220,13:14:07,466.25,200,54850
20240220,13:14:16,463.95,100,54850
20240220,13:14:36,469.65,100,54850
20240220,13:14:41,469.05,50,54850
20240220,13:15:06,470.0,100,54850
20240220,13:15:11,473.4,150,54850
20240220,13:15:26,473.4,50,54850
20240220,13:15:47,473.7,50,54850
20240220,13:16:01,470.5,50,54850
20240220,13:16:43,467.7,650,54750
20240220,13:17:00,467.3,150,54750
20240220,13:17:18,465.45,200,54750
20240220,13:17:20,465.55,200,54750
20240220,13:17:36,462.2,50,54750
20240220,13:18:02,464.7,650,54750
20240220,13:18:06,465.8,150,54750
20240220,13:18:14,466.2,17100,54750
20240220,13:18:15,466.55,2050,54750
20240220,13:18:19,468.6,50,54750
20240220,13:18:21,469.1,400,54750
20240220,13:18:59,470.55,100,54750
20240220,13:19:13,474.35,500,54750
20240220,13:19:21,471.6,200,54750
20240220,13:19:33,470.0,100,67150
20240220,13:20:13,470.5,50,67150
20240220,13:20:31,472.15,50,67150
20240220,13:21:06,468.3,500,67150
20240220,13:21:19,468.55,500,67150
20240220,13:22:01,464.45,250,67150
20240220,13:22:39,460.35,100,67600
20240220,13:23:32,460.6,150,67600
20240220,13:23:59,459.1,100,67600
20240220,13:24:50,458.55,50,67600
20240220,13:26:04,458.6,50,67700
20240220,13:27:17,457.05,100,67700
20240220,13:28:27,450.0,250,67700
20240220,13:28:59,447.55,250,67750
20240220,13:29:19,446.7,500,67750
20240220,13:29:28,444.0,300,67750
20240220,13:29:37,439.55,150,67750
20240220,13:30:05,438.95,400,67750
20240220,13:30:16,439.3,50,67750
20240220,13:30:19,438.6,200,67750
20240220,13:30:48,435.85,50,67750
20240220,13:32:17,443.05,500,66050
20240220,13:32:24,443.25,50,66050
20240220,13:36:21,445.85,50,66250
20240220,13:38:22,451.5,100,66250
20240220,13:40:46,455.85,50,66350
20240220,13:43:55,445.55,50,66350
20240220,13:45:01,440.55,400,66400
20240220,13:45:17,444.55,500,66400
20240220,13:46:18,443.7,200,66400
20240220,13:47:21,441.0,50,67150
20240220,13:48:34,444.85,100,67150
20240220,13:48:45,447.0,50,67150
20240220,13:48:48,448.25,150,67150
20240220,13:50:01,443.95,150,67400
20240220,13:50:16,448.0,50,67400
20240220,13:50:58,447.7,200,67400
20240220,13:52:11,451.85,50,67400
20240220,13:52:12,451.85,150,67400
20240220,13:53:22,461.65,100,67450
20240220,13:53:30,461.15,650,67450
20240220,13:53:31,464.0,200,67450
20240220,13:53:42,463.7,50,67450
20240220,13:54:01,469.0,100,67450
20240220,13:54:04,468.55,50,67450
20240220,13:54:05,469.9,100,67450
20240220,13:54:50,470.0,50,67450
20240220,13:55:02,471.7,50,67450
20240220,13:55:04,476.75,50,67450
20240220,13:55:12,480.0,50,67450
20240220,13:55:14,481.45,100,67450
20240220,13:55:18,480.5,500,67450
20240220,13:55:19,478.95,100,67450
20240220,13:55:41,486.0,100,66800
20240220,13:55:49,480.0,50,66800
20240220,13:55:55,478.35,150,66800
20240220,13:56:12,473.75,500,66800
20240220,13:57:15,478.0,550,66800
20240220,13:57:23,475.0,100,66800
20240220,13:57:47,469.8,50,66800
20240220,13:57:56,468.15,50,66800
20240220,13:58:42,470.25,50,66550
20240220,13:59:23,475.7,50,66550
20240220,14:00:11,474.7,50,66550
20240220,14:00:24,472.05,250,66550
20240220,14:01:00,466.0,50,66550
20240220,14:01:04,466.65,900,66550
20240220,14:01:15,472.0,100,66550
20240220,14:01:21,476.55,50,66550
20240220,14:01:36,478.0,50,66000
20240220,14:01:42,483.0,50,66000
20240220,14:01:47,490.0,100,66000
20240220,14:02:04,499.75,200,66000
20240220,14:02:11,501.05,50,66000
20240220,14:02:13,502.0,50,66000
20240220,14:02:15,506.5,100,66000
20240220,14:02:27,506.5,50,66000
20240220,14:02:29,510.0,50,66000
20240220,14:02:39,508.2,100,66000
20240220,14:02:47,510.4,400,66000
20240220,14:02:57,518.35,50,66000
20240220,14:03:02,517.85,50,66000
20240220,14:03:10,518.45,50,66000
20240220,14:03:13,516.15,100,66000
20240220,14:03:15,514.0,150,66000
20240220,14:03:17,514.2,50,66000
20240220,14:03:32,510.0,100,66000
20240220,14:03:35,510.15,100,66000
20240220,14:03:46,510.15,100,66000
20240220,14:04:01,514.85,50,66000
20240220,14:04:06,519.2,100,66000
20240220,14:04:54,525.5,550,65700
20240220,14:05:00,523.7,300,65700
20240220,14:05:23,522.0,100,65700
20240220,14:05:30,522.0,50,65700
20240220,14:05:33,521.7,50,65700
20240220,14:05:36,522.0,50,65700
20240220,14:05:52,517.55,50,65700
20240220,14:06:27,530.3,50,65700
20240220,14:06:28,528.0,50,65700
20240220,14:06:50,515.0,50,65700
20240220,14:07:04,511.3,50,65700
20240220,14:07:16,510.0,50,65700
20240220,14:09:17,502.0,50,65050
20240220,14:09:33,498.55,50,65050
20240220,14:10:00,494.5,50,65050
20240220,14:10:13,495.65,50,65050
20240220,14:10:59,492.0,50,65050
20240220,14:11:06,494.45,50,65050
20240220,14:11:39,501.4,50,65050
20240220,14:12:10,504.0,50,65050
20240220,14:12:28,504.0,100,65050
20240220,14:14:24,491.95,100,65050
20240220,14:14:27,490.85,50,65050
20240220,14:14:29,489.95,200,65050
20240220,14:14:57,486.85,50,65050
20240220,14:15:46,485.0,50,65050
20240220,14:16:02,480.0,100,65050
20240220,14:16:09,479.25,200,65050
20240220,14:16:15,478.0,500,65050
20240220,14:17:20,474.55,50,65100
20240220,14:17:47,475.0,50,65100
20240220,14:18:27,475.0,50,65100
20240220,14:18:32,468.0,100,65100
20240220,14:18:38,464.3,50,65100
20240220,14:19:58,469.7,50,65200
20240220,14:20:02,466.0,100,65200
20240220,14:20:32,468.0,50,65200
20240220,14:22:02,469.15,200,65200
20240220,14:22:21,467.0,50,65200
20240220,14:22:27,461.05,50,65200
20240220,14:22:28,460.0,100,65200
20240220,14:22:42,462.75,50,65450
20240220,14:22:43,461.65,50,65450
20240220,14:22:46,462.05,200,65450
20240220,14:23:33,460.0,250,65450
20240220,14:23:53,461.2,50,65450
20240220,14:24:50,452.25,50,65450
20240220,14:26:03,457.0,50,65500
20240220,14:26:13,460.25,50,65500
20240220,14:26:31,460.0,100,65500
20240220,14:27:33,460.9,50,65500
20240220,14:27:40,460.0,50,65500
20240220,14:28:28,450.25,100,65500
20240220,14:28:40,446.45,200,65500
20240220,14:29:00,442.35,50,65500
20240220,14:29:05,441.1,50,65500
20240220,14:29:10,442.35,200,65500
20240220,14:29:13,440.0,200,65500
20240220,14:29:25,439.15,100,65500
20240220,14:29:28,440.25,100,65500
20240220,14:29:35,444.1,50,65500
20240220,14:30:03,446.9,400,65500
20240220,14:30:54,450.0,50,65500
20240220,14:32:25,445.6,500,65300
20240220,14:33:33,440.0,50,65300
20240220,14:33:47,442.05,200,65300
20240220,14:35:23,440.75,200,65150
20240220,14:35:33,440.3,50,65150
20240220,14:35:48,445.0,50,65150
20240220,14:37:35,454.0,200,65150
20240220,14:38:08,457.0,50,65400
20240220,14:39:24,457.0,50,65400
20240220,14:39:48,461.6,50,65400
20240220,14:39:52,461.85,50,65400
20240220,14:40:11,461.7,350,65400
20240220,14:40:47,464.0,100,65700
20240220,14:40:55,463.2,200,65700
20240220,14:41:08,459.15,50,65700
20240220,14:41:34,455.45,50,65700
20240220,14:41:43,450.95,50,65700
20240220,14:41:44,452.1,50,65700
20240220,14:41:49,452.15,50,65700
20240220,14:42:28,457.05,200,65700
20240220,14:43:51,459.45,50,65350
20240220,14:44:56,461.55,50,65350
20240220,14:45:02,460.4,400,65350
20240220,14:45:15,460.4,50,65350
20240220,14:45:54,460.55,50,65350
20240220,14:45:58,462.0,450,65350
20240220,14:46:23,464.45,50,65350
20240220,14:47:18,455.0,50,65650
20240220,14:47:38,452.55,200,65650
20240220,14:48:10,454.95,1300,65650
20240220,14:48:35,456.95,50,65650
20240220,14:48:39,457.75,150,65650
20240220,14:49:09,461.35,400,65650
20240220,14:49:28,468.35,200,65650
20240220,14:49:29,467.2,50,65650
20240220,14:49:42,470.0,200,64100
20240220,14:50:01,469.35,50,64100
20240220,14:50:51,465.35,50,64100
20240220,14:51:29,467.55,450,64100
20240220,14:51:50,465.0,18950,64100
20240220,14:51:58,462.95,150,64100
20240220,14:52:55,458.35,50,63350
20240220,14:53:28,460.8,50,63350
20240220,14:53:29,459.7,150,63350
20240220,14:54:15,453.5,50,63350
20240220,14:57:05,463.5,50,63200
20240220,14:57:07,460.5,100,63200
20240220,14:59:07,454.45,50,63150
20240220,15:00:01,459.2,100,63150
20240220,15:00:11,450.0,50,63150
20240220,15:00:22,450.0,100,63150
20240220,15:00:23,447.25,200,63150
20240220,15:00:32,440.0,200,63150
20240220,15:01:47,447.25,200,63250
20240220,15:02:04,445.85,50,63250
20240220,15:02:31,440.65,250,63250
20240220,15:02:38,440.0,100,63250
20240220,15:02:42,439.25,50,63250
20240220,15:02:53,434.65,450,63250
20240220,15:03:03,430.0,100,63250
20240220,15:03:04,429.45,50,63250
20240220,15:03:37,427.5,200,63250
20240220,15:03:46,426.55,50,63250
20240220,15:04:03,427.75,50,63250
20240220,15:04:17,427.45,200,63250
20240220,15:04:21,426.4,100,63250
20240220,15:05:12,427.95,50,62500
20240220,15:05:13,427.2,150,62500
20240220,15:05:19,420.0,50,62500
20240220,15:05:39,421.45,500,62500
20240220,15:06:22,420.0,50,62500
20240220,15:06:44,414.7,50,62500
20240220,15:06:49,414.7,1250,62500
20240220,15:06:55,416.4,100,62500
20240220,15:07:04,415.75,100,62500
20240220,15:07:08,417.4,250,62500
20240220,15:07:14,415.75,50,62500
20240220,15:07:21,412.95,100,62500
20240220,15:07:28,410.35,100,62500
20240220,15:07:46,407.05,500,62600
20240220,15:07:50,407.5,50,62600
20240220,15:07:52,405.0,50,62600
20240220,15:07:56,403.95,50,62600
20240220,15:07:58,402.05,50,62600
20240220,15:08:04,402.05,250,62600
20240220,15:08:10,402.1,50,62600
20240220,15:08:25,401.8,200,62600
20240220,15:08:28,401.8,1250,62600
20240220,15:08:36,410.35,100,62600
20240220,15:08:42,406.95,150,62600
20240220,15:08:46,410.35,50,62600
20240220,15:08:56,412.1,200,62600
20240220,15:09:04,406.65,50,62600
20240220,15:09:36,415.0,2550,62600
20240220,15:09:44,416.7,50,62600
20240220,15:09:51,413.05,100,62600
20240220,15:09:56,414.25,50,62600
20240220,15:10:01,413.8,50,62600
20240220,15:10:03,413.15,50,62600
20240220,15:10:11,414.6,500,62600
20240220,15:10:12,412.5,100,62600
20240220,15:10:14,411.0,50,62600
20240220,15:10:16,410.05,200,62600
20240220,15:10:23,410.0,50,62600
20240220,15:10:25,410.0,50,62600
20240220,15:10:33,405.0,50,62600
20240220,15:10:38,408.7,200,62600
20240220,15:10:44,405.65,50,61750
20240220,15:11:09,410.15,50,61750
20240220,15:11:39,415.0,50,61750
20240220,15:11:57,412.7,100,61750
20240220,15:12:07,412.35,50,61750
20240220,15:12:09,412.7,50,61750
20240220,15:12:10,412.0,50,61750
20240220,15:12:15,410.0,50,61750
20240220,15:12:24,410.3,350,61750
20240220,15:12:39,410.0,50,61750
20240220,15:13:21,410.0,50,61750
20240220,15:13:43,410.35,100,61850
20240220,15:14:01,408.95,200,61850
20240220,15:14:15,409.3,50,61850
20240220,15:14:41,408.85,150,61850
20240220,15:15:01,410.85,50,61850
20240220,15:15:03,411.65,400,61850
20240220,15:15:19,410.1,50,61850
20240220,15:16:18,410.1,50,61850
20240220,15:16:31,405.0,50,61850
20240220,15:16:33,403.25,50,61850
20240220,15:16:36,401.95,200,61850
20240220,15:16:42,401.0,100,61850
20240220,15:16:44,400.95,200,61850
20240220,15:16:47,400.0,300,61600
20240220,15:16:53,398.55,200,61600
20240220,15:16:56,401.0,50,61600
20240220,15:17:15,404.0,150,61600
20240220,15:17:22,405.0,350,61600
20240220,15:17:36,404.9,50,61600
20240220,15:17:48,401.55,100,61600
20240220,15:17:50,400.8,200,61600
20240220,15:18:17,405.0,100,61600
20240220,15:18:40,409.3,50,61600
20240220,15:18:45,411.0,200,61600
20240220,15:18:48,412.0,50,61600
20240220,15:18:50,412.0,50,61600
20240220,15:19:11,409.7,100,61600
20240220,15:19:41,411.4,50,61600
20240220,15:19:58,413.0,50,61750
20240220,15:20:00,412.85,100,61750
20240220,15:20:01,413.9,300,61750
20240220,15:20:02,414.5,50,61750
20240220,15:20:03,414.7,200,61750
20240220,15:20:04,414.4,200,61750
20240220,15:20:05,414.75,50,61750
20240220,15:20:06,415.05,150,61750
20240220,15:20:25,413.0,600,61750
20240220,15:20:29,411.4,50,61750
20240220,15:20:53,409.25,50,61750
20240220,15:21:03,412.1,400,61750
20240220,15:21:20,411.0,200,61750
20240220,15:21:40,410.75,50,61750
20240220,15:21:41,408.65,50,61750
20240220,15:21:46,410.35,100,61750
20240220,15:22:09,407.15,50,61750
20240220,15:22:20,406.95,50,61750
20240220,15:22:24,405.25,50,61750
20240220,15:23:11,405.05,50,60400
20240220,15:23:15,403.95,50,60400
20240220,15:23:26,404.85,250,60400
20240220,15:23:50,403.85,50,60400
20240220,15:24:57,403.85,50,60400
20240220,15:25:20,406.85,100,60400
20240220,15:25:44,406.8,100,60400
20240220,15:25:48,407.25,250,60400
20240220,15:26:09,404.75,100,60450
20240220,15:26:36,404.3,50,60450
20240220,15:27:02,402.55,250,60450
20240220,15:27:03,402.8,50,60450
20240220,15:27:08,401.65,150,60450
20240220,15:27:38,401.1,350,60450
20240220,15:27:49,401.0,150,60450
20240220,15:27:55,401.7,50,60450
20240220,15:27:57,401.45,50,60450
20240220,15:28:08,401.45,50,60450
20240220,15:28:30,401.45,50,60450
20240220,15:28:31,401.3,200,60450
20240220,15:28:33,401.35,50,60450
20240220,15:28:41,400.0,50,60450
20240220,15:28:54,401.2,50,60100
20240220,15:28:57,401.6,50,60100
20240220,15:28:58,401.5,50,60100
20240220,15:29:05,400.85,50,60100
20240220,15:29:06,400.55,300,60100
20240220,15:29:16,400.4,50,60100
20240220,15:29:18,399.65,50,60100
20240220,15:29:19,399.8,100,60100
20240220,15:29:20,399.2,150,60100
20240220,15:29:23,399.3,100,60100
20240220,15:29:24,399.1,150,60100
20240220,15:29:31,399.3,50,60100
20240220,15:29:32,399.65,100,60100
20240220,15:29:52,399.0,100,60100
20240220,15:29:56,399.0,50,60100
20240220,15:29:57,399.0,50,60100
20240221,09:15:28,400.75,1,60550
20240221,09:15:28,399.45,200,60550
20240221,09:15:33,403.95,150,60550
20240221,09:15:34,405.25,50,60550
20240221,09:15:35,407.95,50,60550
20240221,09:15:37,408.85,100,60550
20240221,09:15:42,408.85,200,60550
20240221,09:15:44,408.4,900,60550
20240221,09:15:44,407.95,200,60550
20240221,09:15:46,406.55,150,60550
20240221,09:15:55,406.0,50,60550
20240221,09:15:59,403.3,1000,60450
20240221,09:16:00,403.3,700,60450
20240221,09:16:04,397.5,100,60450
20240221,09:16:14,395.0,200,60450
20240221,09:16:15,395.0,50,60450
20240221,09:16:16,397.7,50,60450
20240221,09:16:26,403.55,300,60450
20240221,09:16:27,403.85,50,60450
20240221,09:16:31,403.55,400,60450
20240221,09:16:35,402.75,150,60450
20240221,09:16:38,403.0,50,60450
20240221,09:16:46,402.4,50,60450
20240221,09:16:52,402.55,50,60450
20240221,09:16:53,400.0,150,60450
20240221,09:16:54,401.05,200,60450
20240221,09:17:04,395.0,150,60450
20240221,09:17:07,394.75,1500,60450
20240221,09:17:15,398.9,50,60450
20240221,09:17:21,394.85,50,60450
20240221,09:17:39,396.85,50,60450
20240221,09:17:40,397.7,50,60450
20240221,09:17:43,394.85,50,60450
20240221,09:17:58,398.0,100,60450
20240221,09:18:03,397.9,100,60450
20240221,09:18:05,398.25,50,60450
20240221,09:18:10,395.05,50,60450
20240221,09:18:17,394.65,50,60450
20240221,09:18:18,393.0,1000,60450
20240221,09:18:20,393.0,50,60450
20240221,09:18:22,394.8,150,60450
20240221,09:18:23,395.75,100,60450
20240221,09:18:27,394.0,400,60450
20240221,09:18:47,393.05,100,60450
20240221,09:18:48,392.6,50,60450
20240221,09:18:50,391.0,50,60450
20240221,09:18:56,391.0,50,61550
20240221,09:18:57,392.05,50,61550
20240221,09:19:00,395.2,150,61550
20240221,09:19:08,392.9,150,61550
20240221,09:19:25,390.1,400,61550
20240221,09:19:31,389.0,1500,61550
20240221,09:19:40,389.0,500,61550
20240221,09:19:47,388.1,100,61550
20240221,09:19:59,394.55,100,61550
20240221,09:20:01,392.75,100,61550
20240221,09:20:03,389.05,50,61550
20240221,09:20:12,393.9,50,61550
20240221,09:20:17,395.3,50,61550
20240221,09:20:26,399.0,50,61550
20240221,09:20:28,399.75,150,61550
20240221,09:20:30,399.0,50,61550
20240221,09:20:34,396.95,50,61550
20240221,09:20:43,398.2,50,61550
20240221,09:21:01,396.9,400,61550
20240221,09:21:09,399.0,50,61550
20240221,09:21:15,401.0,200,61550
20240221,09:21:41,401.2,50,61550
20240221,09:21:46,401.2,50,61550
20240221,09:21:55,401.2,150,61700
20240221,09:22:04,401.75,150,61700
20240221,09:22:05,404.0,250,61700
20240221,09:22:09,407.0,2700,61700
20240221,09:22:19,407.15,100,61700
20240221,09:22:20,407.55,200,61700
20240221,09:22:21,407.6,100,61700
20240221,09:22:33,404.75,100,61700
20240221,09:22:35,406.0,50,61700
20240221,09:22:43,407.6,150,61700
20240221,09:22:44,408.0,50,61700
20240221,09:22:48,409.0,150,61700
20240221,09:22:51,412.0,2050,61700
20240221,09:22:57,412.4,50,61700
20240221,09:23:01,412.4,50,61700
20240221,09:23:02,410.3,50,61700
20240221,09:23:10,407.85,50,61700
20240221,09:23:14,407.0,250,61700
20240221,09:23:44,400.0,50,61700
20240221,09:23:50,398.85,150,61700
20240221,09:24:02,397.25,450,61700
20240221,09:24:05,398.1,50,61700
20240221,09:24:08,395.55,1850,61700
20240221,09:24:09,395.0,50,61700
20240221,09:24:10,394.45,650,61700
20240221,09:24:16,394.8,300,61700
20240221,09:24:29,395.7,50,61700
20240221,09:24:40,395.25,50,61700
20240221,09:24:55,395.0,150,64350
20240221,09:24:57,394.1,300,64350
20240221,09:24:59,397.8,50,64350
20240221,09:25:15,401.2,1000,64350
20240221,09:25:22,395.95,50,64350
20240221,09:25:23,394.95,50,64350
20240221,09:25:28,394.65,50,64350
20240221,09:25:30,394.95,100,64350
20240221,09:25:37,393.05,50,64350
20240221,09:25:38,392.3,150,64350
20240221,09:25:47,392.6,50,64350
20240221,09:25:58,390.0,500,64350
20240221,09:26:09,392.8,100,64350
20240221,09:26:16,393.55,50,64350
20240221,09:26:17,394.65,500,64350
20240221,09:26:26,392.6,50,64350
20240221,09:26:28,393.1,50,64350
20240221,09:26:44,391.35,450,64350
20240221,09:27:05,396.0,400,64350
20240221,09:27:10,396.55,50,64350
20240221,09:27:24,400.85,150,64350
20240221,09:27:26,402.2,50,64350
20240221,09:27:27,406.0,50,64350
20240221,09:27:28,407.35,50,64350
20240221,09:27:44,409.0,50,64350
20240221,09:27:54,406.5,150,64350
20240221,09:27:56,407.9,50,64650
20240221,09:28:03,402.85,50,64650
20240221,09:28:08,405.0,150,64650
20240221,09:28:24,407.2,100,64650
20240221,09:28:42,407.0,50,64650
20240221,09:28:50,407.95,200,64650
20240221,09:28:57,411.0,50,64650
20240221,09:29:01,412.15,50,64650
20240221,09:29:09,414.95,50,64650
20240221,09:29:21,415.6,50,64650
20240221,09:29:33,415.6,50,64650
20240221,09:29:45,407.05,200,64650
20240221,09:29:52,404.25,150,64650
20240221,09:30:02,404.55,1500,64650
20240221,09:31:10,419.95,300,63950
20240221,09:31:12,419.95,100,63950
20240221,09:31:17,414.1,50,63950
20240221,09:31:20,413.5,200,63950
20240221,09:31:38,415.0,800,63950
20240221,09:31:53,415.75,200,63950
20240221,09:32:07,418.45,50,63950
20240221,09:32:08,419.85,300,63950
20240221,09:32:12,417.45,100,63950
20240221,09:32:20,415.8,50,63950
20240221,09:32:23,415.75,500,63950
20240221,09:32:35,416.25,50,63950
20240221,09:32:44,410.05,50,63950
20240221,09:32:54,410.0,800,63950
20240221,09:33:00,409.5,350,63950
20240221,09:33:22,414.4,1800,63950
20240221,09:33:36,408.85,150,63950
20240221,09:34:01,399.0,700,64550
20240221,09:34:04,402.2,200,64550
20240221,09:34:38,400.0,50,64550
20240221,09:35:24,399.8,50,64550
20240221,09:35:57,396.6,50,64550
20240221,09:36:00,394.8,50,64550
20240221,09:36:06,390.0,500,64550
20240221,09:36:08,385.5,200,64550
20240221,09:36:09,385.0,150,64550
20240221,09:36:28,384.3,50,64550
20240221,09:36:29,384.3,50,64550
20240221,09:36:36,383.0,250,64550
20240221,09:36:40,380.0,300,64550
20240221,09:36:45,373.25,300,64550
20240221,09:36:46,373.25,50,64550
20240221,09:36:53,375.8,150,64550
20240221,09:36:54,375.3,700,64550
20240221,09:37:01,379.7,50,65050
20240221,09:37:03,379.35,500,65050
20240221,09:37:08,387.95,50,65050
20240221,09:37:23,388.2,600,65050
20240221,09:37:37,388.8,50,65050
20240221,09:37:41,388.5,50,65050
20240221,09:37:44,388.35,50,65050
20240221,09:37:49,390.0,200,65050
20240221,09:38:04,387.1,250,65050
20240221,09:38:06,388.9,50,65050
20240221,09:38:19,388.85,50,65050
20240221,09:38:23,385.0,50,65050
20240221,09:38:25,385.45,17350,65050
20240221,09:38:25,384.5,200,65050
20240221,09:38:26,384.05,1950,65050
20240221,09:38:56,384.05,100,65050
20240221,09:39:00,383.85,100,65050
20240221,09:39:29,383.9,50,65050
20240221,09:39:41,382.75,50,65050
20240221,09:40:00,382.35,100,79100
20240221,09:40:18,388.25,9250,79100
20240221,09:40:19,389.4,1150,79100
20240221,09:40:27,393.8,50,79100
20240221,09:40:38,392.0,250,79100
20240221,09:40:46,392.45,50,79100
20240221,09:41:16,392.45,50,79100
20240221,09:41:25,390.0,100,79100
20240221,09:41:39,388.9,100,79100
20240221,09:41:48,385.0,1000,79100
20240221,09:41:49,385.55,50,79100
20240221,09:42:33,383.1,50,79100
20240221,09:43:03,385.35,150,85600
20240221,09:43:07,385.35,50,85600
20240221,09:43:23,384.0,150,85600
20240221,09:43:25,382.85,50,85600
20240221,09:43:30,381.0,750,85600
20240221,09:43:31,381.0,2300,85600
20240221,09:43:33,380.0,550,85600
20240221,09:43:35,381.0,50,85600
20240221,09:43:43,383.0,1500,85600
20240221,09:43:44,383.0,1500,85600
20240221,09:44:01,382.0,450,85600
20240221,09:44:21,382.0,400,85600
20240221,09:44:29,380.3,50,85600
20240221,09:44:44,381.6,50,85600
20240221,09:44:57,385.15,50,85600
20240221,09:45:00,382.95,250,85600
20240221,09:45:01,382.0,50,85600
20240221,09:45:09,377.7,150,85600
20240221,09:45:18,375.5,50,85600
20240221,09:45:19,375.1,100,85600
20240221,09:45:21,375.8,400,85600
20240221,09:45:33,376.55,100,85600
20240221,09:45:38,377.15,50,85600
20240221,09:45:48,379.55,50,85600
20240221,09:45:56,381.85,50,85600
20240221,09:46:12,380.6,100,85550
20240221,09:46:17,377.5,150,85550
20240221,09:46:30,375.65,50,85550
20240221,09:46:35,376.45,50,85550
20240221,09:46:37,376.35,200,85550
20240221,09:46:40,377.2,50,85550
20240221,09:46:42,375.0,50,85550
20240221,09:46:57,379.25,50,85550
20240221,09:47:16,375.0,100,85550
20240221,09:47:58,380.75,100,85550
20240221,09:48:16,378.6,450,85550
20240221,09:48:47,375.95,200,85550
20240221,09:49:08,382.0,50,85550
20240221,09:49:09,385.0,50,85300
20240221,09:49:11,385.45,600,85300
20240221,09:49:24,383.0,100,85300
20240221,09:49:47,389.0,1000,85300
20240221,09:49:49,386.0,50,85300
20240221,09:49:59,385.55,50,85300
20240221,09:50:02,383.45,50,85300
20240221,09:50:07,385.35,50,85300
20240221,09:50:12,384.6,200,85300
20240221,09:50:31,379.3,50,85300
20240221,09:50:43,377.95,50,85300
20240221,09:51:22,384.0,50,85300
20240221,09:51:49,387.0,50,85300
20240221,09:51:57,387.0,50,85300
20240221,09:52:03,386.4,200,85300
20240221,09:52:08,384.0,50,85100
20240221,09:52:25,380.0,50,85100
20240221,09:52:26,379.0,50,85100
20240221,09:52:39,379.45,50,85100
20240221,09:52:44,378.1,50,85100
20240221,09:52:55,375.55,100,85100
20240221,09:52:58,375.1,200,85100
20240221,09:53:02,374.0,50,85100
20240221,09:53:03,371.3,600,85100
20240221,09:53:05,371.3,50,85100
20240221,09:53:18,375.9,100,85100
20240221,09:53:27,376.8,50,85100
20240221,09:53:31,376.1,50,85100
20240221,09:53:38,373.0,50,85100
20240221,09:53:51,370.0,350,85100
20240221,09:53:54,369.05,100,85100
20240221,09:54:05,373.65,50,85100
20240221,09:54:13,375.0,50,85100
20240221,09:54:38,382.4,50,85100
20240221,09:55:03,390.35,100,84650
20240221,09:55:05,392.0,950,84650
20240221,09:55:06,396.65,100,84650
20240221,09:55:11,395.0,50,84650
20240221,09:55:13,399.0,50,84650
20240221,09:55:15,397.95,250,84650
20240221,09:55:26,390.65,50,84650
20240221,09:55:39,386.0,50,84650
20240221,09:56:00,381.95,50,84650
20240221,09:56:08,390.65,50,84650
20240221,09:56:53,390.0,50,84650
20240221,09:57:02,387.9,100,84650
20240221,09:57:16,385.85,50,84650
20240221,09:57:28,389.5,50,84650
20240221,09:57:38,388.0,50,84650
20240221,09:58:02,387.15,500,84500
20240221,09:58:13,382.25,50,84500
20240221,09:58:15,382.9,100,84500
20240221,09:58:40,382.25,50,84500
20240221,09:59:50,380.95,200,84500
20240221,10:00:17,375.55,450,84500
20240221,10:00:19,376.0,300,84500
20240221,10:00:21,378.0,50,84500
20240221,10:00:22,378.5,50,84500
20240221,10:00:23,376.7,600,84500
20240221,10:00:31,375.9,50,84500
20240221,10:00:44,375.95,50,84500
20240221,10:01:18,377.45,50,84900
20240221,10:01:54,377.45,100,84900
20240221,10:01:55,377.4,200,84900
20240221,10:02:04,379.65,50,84900
20240221,10:02:39,378.2,50,84900
20240221,10:02:42,380.55,200,84900
20240221,10:03:01,383.5,400,84900
20240221,10:04:08,376.5,150,84500
20240221,10:04:32,376.1,50,84500
20240221,10:04:54,379.2,100,84500
20240221,10:04:57,378.8,50,84500
20240221,10:05:23,382.0,250,84500
20240221,10:05:24,381.15,50,84500
20240221,10:05:43,380.0,50,84500
20240221,10:06:10,379.35,150,84500
20240221,10:07:45,387.35,50,84350
20240221,10:07:50,389.85,50,84350
20240221,10:07:51,387.4,50,84350
20240221,10:07:54,385.6,1000,84350
20240221,10:08:05,387.0,550,84350
20240221,10:08:20,375.85,150,84350
20240221,10:08:23,377.3,550,84350
20240221,10:08:27,377.4,100,84350
20240221,10:08:32,375.95,50,84350
20240221,10:09:17,377.25,150,84350
20240221,10:09:25,374.7,450,84350
20240221,10:09:57,374.7,150,84350
20240221,10:10:50,380.0,50,84500
20240221,10:10:51,380.0,50,84500
20240221,10:11:28,385.0,50,84500
20240221,10:11:30,385.5,50,84500
20240221,10:11:33,385.85,150,84500
20240221,10:11:52,382.65,200,84500
20240221,10:12:02,385.85,50,84500
20240221,10:12:21,384.6,50,84500
20240221,10:12:22,383.55,350,84500
20240221,10:12:32,389.25,50,84500
20240221,10:12:40,390.95,50,84500
20240221,10:12:49,396.8,300,84500
20240221,10:12:51,400.0,350,84500
20240221,10:12:52,401.25,650,84500
20240221,10:12:54,406.0,450,84500
20240221,10:12:55,407.65,1350,84500
20240221,10:12:58,400.05,100,84500
20240221,10:12:59,401.7,150,84500
20240221,10:13:09,404.5,50,83500
20240221,10:13:11,403.25,500,83500
20240221,10:13:12,404.0,100,83500
20240221,10:13:13,405.1,50,83500
20240221,10:13:17,406.65,100,83500
20240221,10:13:19,411.6,450,83500
20240221,10:13:21,412.0,200,83500
20240221,10:13:22,414.4,550,83500
20240221,10:13:26,416.1,550,83500
20240221,10:13:32,407.55,100,83500
20240221,10:13:42,402.15,100,83500
20240221,10:13:43,403.3,50,83500
20240221,10:14:24,402.0,50,83500
20240221,10:14:27,405.15,50,83500
20240221,10:14:47,403.15,50,83500
20240221,10:15:03,410.0,100,83500
20240221,10:15:09,408.75,200,83500
20240221,10:15:10,406.95,150,83500
20240221,10:15:28,400.6,50,83500
20240221,10:15:40,398.0,200,83500
20240221,10:15:43,397.55,150,83500
20240221,10:15:45,396.1,50,83500
20240221,10:15:48,396.8,150,83500
20240221,10:15:50,395.0,100,83500
20240221,10:16:03,400.0,50,83500
20240221,10:16:30,398.7,50,82800
20240221,10:17:11,405.95,150,82800
20240221,10:18:13,400.95,150,82800
20240221,10:18:22,400.0,50,82800
20240221,10:18:23,398.4,50,82800
20240221,10:18:45,402.25,50,82800
20240221,10:18:54,405.55,200,82800
20240221,10:19:09,407.65,200,82800
20240221,10:19:28,417.0,500,82800
20240221,10:19:29,413.6,50,82800
20240221,10:19:39,412.9,200,82800
20240221,10:19:46,413.1,100,82800
20240221,10:19:47,413.15,500,82800
20240221,10:19:54,413.0,100,82800
20240221,10:20:03,421.0,100,82800
20240221,10:20:05,421.65,50,82800
20240221,10:20:09,425.0,650,82800
20240221,10:20:10,426.65,100,82800
20240221,10:20:13,426.65,150,82800
20240221,10:20:18,423.4,200,82800
20240221,10:20:19,424.85,400,82800
20240221,10:20:22,424.75,50,82800
20240221,10:20:32,418.0,50,82800
20240221,10:20:33,421.3,900,82800
20240221,10:20:40,420.85,50,82800
20240221,10:20:41,419.0,300,82800
20240221,10:20:50,420.55,50,82800
20240221,10:20:58,423.4,200,82800
20240221,10:21:01,422.15,50,82800
20240221,10:21:04,425.65,650,82800
20240221,10:21:13,421.65,50,82800
20240221,10:21:15,424.1,50,82800
20240221,10:21:20,426.8,50,82800
20240221,10:21:27,427.85,50,82800
20240221,10:21:27,428.25,400,82800
20240221,10:21:29,428.25,50,82800
20240221,10:21:37,420.7,50,82800
20240221,10:21:38,422.05,50,82800
20240221,10:21:48,423.2,50,82800
20240221,10:21:52,422.5,150,82800
20240221,10:21:54,420.0,50,82800
20240221,10:22:03,420.35,450,82800
20240221,10:22:26,422.55,50,80750
20240221,10:22:37,420.35,50,80750
20240221,10:22:55,420.0,50,80750
20240221,10:23:27,420.15,100,80750
20240221,10:23:33,420.15,500,80750
20240221,10:23:59,410.4,200,80750
20240221,10:24:04,410.0,100,80750
20240221,10:24:05,410.15,50,80750
20240221,10:24:08,410.05,150,80750
20240221,10:24:12,412.45,100,80750
20240221,10:24:16,415.0,100,80750
20240221,10:25:03,415.0,50,80750
20240221,10:25:20,408.0,50,80750
20240221,10:25:44,408.0,50,80750
20240221,10:25:48,408.8,50,80750
20240221,10:26:09,407.05,100,80750
20240221,10:26:28,409.3,50,80750
20240221,10:27:12,410.15,50,80750
20240221,10:27:28,416.0,50,80750
20240221,10:27:35,419.0,50,80750
20240221,10:27:47,422.3,50,80750
20240221,10:27:51,425.65,50,80750
20240221,10:27:58,425.65,50,80750
20240221,10:28:01,427.2,450,80750
20240221,10:28:04,431.25,200,80350
20240221,10:28:07,433.4,700,80350
20240221,10:28:09,437.9,1100,80350
20240221,10:28:11,438.05,100,80350
20240221,10:28:19,438.05,50,80350
20240221,10:28:23,438.65,50,80350
20240221,10:28:24,443.9,300,80350
20240221,10:28:27,443.9,50,80350
20240221,10:28:28,438.0,100,80350
20240221,10:28:29,439.0,100,80350
20240221,10:28:32,441.85,250,80350
20240221,10:28:41,437.45,50,80350
20240221,10:28:57,439.85,50,80350
20240221,10:29:02,435.75,100,80350
20240221,10:29:04,436.2,50,80350
20240221,10:29:10,434.9,50,80350
20240221,10:29:12,435.8,100,80350
20240221,10:29:47,430.0,50,80350
20240221,10:29:51,432.0,50,80350
20240221,10:29:52,432.7,50,80350
20240221,10:30:03,432.0,350,80350
20240221,10:30:14,435.65,50,80350
20240221,10:30:15,437.3,50,80350
20240221,10:30:35,429.1,100,80350
20240221,10:30:44,424.65,100,80350
20240221,10:31:32,420.0,50,79450
20240221,10:31:46,423.5,100,79450
20240221,10:31:52,418.0,650,79450
20240221,10:32:10,421.2,100,79450
20240221,10:32:28,417.2,200,79450
20240221,10:32:34,415.0,50,79450
20240221,10:32:46,418.0,150,79450
20240221,10:33:19,418.0,50,79450
20240221,10:33:47,418.05,50,79450
20240221,10:34:05,415.0,50,79200
20240221,10:34:12,416.6,50,79200
20240221,10:34:30,415.0,200,79200
20240221,10:34:41,410.0,50,79200
20240221,10:34:45,407.0,50,79200
20240221,10:34:47,410.0,50,79200
20240221,10:35:19,416.1,300,79200
20240221,10:35:21,416.6,500,79200
20240221,10:35:58,412.7,100,79200
20240221,10:36:01,410.1,50,79200
20240221,10:36:29,410.1,50,79200
20240221,10:36:58,410.75,100,79200
20240221,10:37:40,414.7,500,78800
20240221,10:38:31,417.75,500,78800
20240221,10:38:36,420.3,50,78800
20240221,10:39:06,418.2,100,78800
20240221,10:39:17,425.0,50,78800
20240221,10:39:32,426.65,50,78800
20240221,10:39:37,425.0,50,78800
20240221,10:40:02,427.65,200,78800
20240221,10:40:12,430.0,50,78650
20240221,10:40:13,430.85,100,78650
20240221,10:40:33,434.9,50,78650
20240221,10:40:36,434.45,50,78650
20240221,10:40:46,439.0,250,78650
20240221,10:40:50,440.0,100,78650
20240221,10:40:52,440.45,300,78650
20240221,10:40:54,437.95,200,78650
20240221,10:41:00,436.7,50,78650
20240221,10:41:01,433.6,50,78650
20240221,10:41:48,426.45,500,78650
20240221,10:41:50,425.75,50,78650
20240221,10:42:01,426.85,50,78650
20240221,10:42:05,424.15,200,78650
20240221,10:42:13,422.15,50,78650
20240221,10:42:13,424.15,50,78650
20240221,10:42:15,424.15,100,78650
20240221,10:42:37,432.0,50,78650
20240221,10:43:40,433.0,250,78450
20240221,10:43:41,433.05,50,78450
20240221,10:43:51,434.4,150,78450
20240221,10:44:22,435.2,100,78450
20240221,10:44:30,438.6,50,78450
20240221,10:44:40,440.0,50,78450
20240221,10:44:41,441.05,50,78450
20240221,10:44:42,442.9,50,78450
20240221,10:44:50,440.45,200,78450
20240221,10:44:56,439.45,1300,78450
20240221,10:45:06,442.0,100,78450
20240221,10:45:14,445.45,50,78450
20240221,10:45:20,445.45,400,78450
20240221,10:45:24,444.55,50,78450
20240221,10:45:28,441.5,600,78450
20240221,10:45:32,444.55,50,78450
20240221,10:45:40,446.0,50,78450
20240221,10:45:41,446.0,50,78450
20240221,10:45:42,447.05,150,78450
20240221,10:45:50,447.05,50,78450
20240221,10:45:55,455.1,100,78450
20240221,10:45:58,455.1,600,78450
20240221,10:46:26,449.15,200,78300
20240221,10:46:35,444.75,100,78300
20240221,10:46:36,447.3,50,78300
20240221,10:46:48,443.1,50,78300
20240221,10:47:35,447.05,100,78300
20240221,10:47:47,450.0,150,78300
20240221,10:48:03,449.6,50,78300
20240221,10:48:05,453.0,250,78300
20240221,10:48:40,447.4,50,78300
20240221,10:48:56,447.4,50,78300
20240221,10:49:02,446.4,150,78300
20240221,10:49:20,443.1,50,77650
20240221,10:49:41,435.0,50,77650
20240221,10:50:04,443.1,100,77650
20240221,10:50:08,440.7,50,77650
20240221,10:50:19,442.9,50,77650
20240221,10:50:52,446.8,50,77650
20240221,10:50:55,447.3,50,77650
20240221,10:51:02,447.85,400,77650
20240221,10:51:45,455.0,50,77650
20240221,10:51:52,457.45,250,77650
20240221,10:52:02,458.0,500,77650
20240221,10:53:02,458.0,550,77600
20240221,10:54:33,445.0,100,77600
20240221,10:54:38,442.45,150,77600
20240221,10:54:42,442.2,150,77600
20240221,10:55:56,449.5,50,77150
20240221,10:56:01,446.3,150,77150
20240221,10:56:07,447.3,50,77150
20240221,10:57:49,435.1,50,77150
20240221,10:57:50,435.0,150,77150
20240221,10:58:08,431.0,450,77150
20240221,10:58:30,431.4,150,77600
20240221,10:58:45,431.7,50,77600
20240221,10:58:51,431.4,50,77600
20240221,10:58:53,430.0,50,77600
20240221,10:58:54,427.4,50,77600
20240221,10:58:58,429.7,50,77600
20240221,10:59:05,428.35,50,77600
20240221,10:59:06,428.35,100,77600
20240221,10:59:18,426.45,50,77600
20240221,10:59:22,426.1,50,77600
20240221,10:59:36,426.7,150,77600
20240221,11:00:00,422.65,200,77600
20240221,11:00:07,426.7,50,77600
20240221,11:00:55,428.9,100,77600
20240221,11:01:24,417.75,50,77000
20240221,11:01:28,418.05,150,77000
20240221,11:01:29,417.4,100,77000
20240221,11:01:43,415.4,50,77000
20240221,11:01:47,417.1,650,77000
20240221,11:01:52,416.65,100,77000
20240221,11:02:00,415.0,100,77000
20240221,11:02:08,417.05,50,77000
20240221,11:02:11,416.55,50,77000
20240221,11:02:17,416.55,50,77000
20240221,11:02:38,420.0,100,77000
20240221,11:02:49,420.0,100,77000
20240221,11:03:13,420.0,200,77000
20240221,11:03:17,420.55,50,77000
20240221,11:03:45,423.0,100,77000
20240221,11:03:55,428.0,200,77000
20240221,11:03:59,428.9,50,77000
20240221,11:04:01,428.0,300,77000
20240221,11:04:05,427.05,100,77000
20240221,11:04:05,429.8,50,77000
20240221,11:04:14,427.25,500,76200
20240221,11:04:17,430.0,50,76200
20240221,11:04:18,429.85,150,76200
20240221,11:04:42,420.0,100,76200
20240221,11:05:01,421.6,250,76200
20240221,11:05:46,423.05,50,76200
20240221,11:06:01,421.6,100,76200
20240221,11:06:50,430.4,50,76200
20240221,11:07:02,431.55,50,76200
20240221,11:07:50,427.15,100,76200
20240221,11:08:33,422.0,50,76200
20240221,11:08:34,420.65,100,76200
20240221,11:09:05,418.0,650,76200
20240221,11:09:30,419.1,50,76200
20240221,11:09:36,418.0,100,76200
20240221,11:09:38,415.55,50,76200
20240221,11:10:35,418.75,300,76150
20240221,11:10:43,419.0,100,76150
20240221,11:11:04,412.05,50,76150
20240221,11:11:41,414.85,100,76150
20240221,11:12:10,411.35,50,76150
20240221,11:12:39,410.0,200,76150
20240221,11:13:04,408.9,200,76150
20240221,11:13:24,413.0,200,76100
20240221,11:14:01,414.05,500,76100
20240221,11:15:07,415.7,150,76100
20240221,11:15:42,417.9,350,76100
20240221,11:15:46,420.7,50,76100
20240221,11:16:41,418.0,250,76300
20240221,11:16:58,418.9,350,76300
20240221,11:18:40,422.3,50,76300
20240221,11:18:45,422.25,100,76300
20240221,11:18:47,422.3,50,76300
20240221,11:19:31,419.0,250,75650
20240221,11:19:35,416.0,50,75650
20240221,11:20:08,413.0,250,75650
20240221,11:20:25,410.9,150,75650
20240221,11:21:37,415.0,250,75650
20240221,11:22:34,422.5,100,75800
20240221,11:23:05,430.9,250,75800
20240221,11:23:10,429.9,50,75800
20240221,11:23:22,429.0,150,75800
20240221,11:23:58,427.85,150,75800
20240221,11:24:00,432.6,50,75800
20240221,11:24:11,431.1,150,75800
20240221,11:24:24,435.8,50,75800
20240221,11:25:12,439.9,50,75800
20240221,11:25:14,438.0,50,75550
20240221,11:26:02,437.9,350,75550
20240221,11:26:13,438.0,250,75550
20240221,11:26:52,437.1,500,75550
20240221,11:27:02,437.0,50,75550
20240221,11:29:54,426.0,100,75550
20240221,11:29:59,427.15,50,75200
20240221,11:30:02,427.9,400,75200
20240221,11:30:13,424.45,250,75200
20240221,11:31:31,423.2,100,75100
20240221,11:31:32,422.6,50,75100
20240221,11:31:36,423.2,150,75100
20240221,11:31:59,424.5,50,75100
20240221,11:32:00,426.5,50,75100
20240221,11:32:59,424.7,50,75100
